3317 5267
932 420 1071 493 112

929 528 1247 607 movebit
1276 580 1297 618 ,
1353 530 1413 601 si
1464 527 1539 603 id
1587 529 2070 605 necessarium
2127 552 2282 605 esse
2361 528 2800 609 iudicaverit.
2873 528 3050 605 Sine

925 651 1147 746 ipsius
1197 670 1545 723 consensu
1580 646 1814 723 nullus
1839 647 2286 724 alumnorum
2321 649 2767 733 admittatur,
2807 658 2884 721 et
2919 650 3050 745 qui

928 766 1217 841 admissi
1266 764 1531 841 fuerint
1581 764 1849 861 abipso
1887 766 2139 861 quovis
2175 776 2521 862 tempore,
2551 766 2610 838 si
2665 787 2846 861 opus
2879 763 3050 838 fue-

928 888 1047 976 rit,
1101 884 1364 961 dimitti
1422 895 1780 981 poterunt.
1823 884 1904 957 ln
1955 882 2092 959 hoc
2127 881 2516 981 Collegium
2557 882 3056 977 Archiepisco-

928 1026 1063 1099 pus
1115 1002 1491 1075 admittere
1544 1000 1809 1096 poterit
1840 1052 1861 1087 ,
1927 1022 2108 1098 quos
2159 1000 2672 1075 ecclesiastieae
2747 999 3052 1073 militiae

926 1142 1186 1197 nomen
1236 1120 1403 1193 dare
1437 1120 1802 1214 cupientes
1853 1119 2005 1214 ipse
2059 1118 2518 1215 amplioribus
2551 1114 3050 1213 philosophiae

929 1236 1179 1315 studiis
1232 1238 1307 1311 in
1369 1235 1850 1310 Universitate
1913 1236 2173 1311 erudiri
2249 1234 2574 1311 voluerit.

1081 1354 1452 1431 Consentit
1500 1353 1762 1428 Sancta
1821 1352 2038 1428 Sedes
2069 1403 2091 1440 ‚
2143 1364 2230 1427 ut
2307 1350 2898 1448 Archiepiscopus
2968 1352 3048 1425 in

924 1473 1329 1549 huiusmodi
1379 1470 1844 1547 sustentando
1889 1468 2200 1565 Collegio
2235 1488 2592 1545 summam
2627 1467 3050 1563 impendere

923 1602 1177 1689 pergat
1202 1640 1225 1677 ,
1278 1610 1494 1686 quam
1566 1588 1912 1663 hactenus
1961 1610 2054 1661 ex
2127 1585 2332 1663 honis
2385 1583 2778 1662 Seminario
2831 1586 3050 1665 attri-
3136 1638 3152 1655 .

920 1704 1117 1785 butis
1166 1708 1239 1781 in
1294 1704 1682 1802 Collegium
1735 1705 1930 1779 idem
1981 1726 2268 1801 erogare
2317 1702 2694 1777 consuevit
2729 1752 2751 1789 ‚
2827 1702 3052 1779 dum-

926 1831 1157 1905 modo.
1208 1850 1299 1902 ex
1360 1826 1597 1901 fundis
1648 1826 2142 1903 ecclesiasticis
2193 1824 2673 1923 generalibus,
2747 1824 3050 1923 aliisque

925 1968 1055 2042 pro
1105 1967 1185 2019 re
1262 1943 1607 2019 catholica
1667 1944 2040 2017 destinatis
2113 1965 2197 2019 ea
2258 1940 2736 2038 praebeantur
2763 1994 2786 2030 ‚
2863 1964 3050 2040 quae

924 2062 1267 2137 hacwnus
1318 2060 1583 2136 tributa
1632 2072 1828 2149 sunt,
1867 2072 2080 2157 atque
2121 2059 2184 2135 si
2225 2060 2402 2135 haec
2453 2083 2600 2135 non
2649 2060 3038 2149 sufficiant,

923 2202 1134 2256 omne
1202 2178 1274 2251 id
1326 2177 1818 2273 suppeditetur
1845 2228 1867 2263 ,
1922 2176 2110 2273 quod
2159 2176 2436 2252 collatis
2503 2194 2671 2251 eum
2737 2174 3036 2251 Archie-

919 2298 1209 2401 piscopo
1257 2294 1565 2368 consiliis
1614 2296 2090 2368 necessarium
2138 2317 2296 2369 esse
2365 2305 2764 2368 censeatur.

1078 2410 1345 2486 Omnes
1395 2432 1566 2485 vero
1618 2410 1936 2485 eiusdem
1973 2410 2260 2507 Collegii
2296 2410 2564 2484 alumni
2616 2412 2922 2507 peractis
2973 2413 3052 2486 in

928 2528 1187 2605 scholis
1239 2526 1740 2601 Universitatis
1795 2527 2072 2615 studiis,
2127 2528 2198 2599 in
2252 2526 2724 2603 Seminarium
2777 2530 2882 2604 sic
2931 2532 3050 2605 di-

926 2654 1124 2723 etum
1178 2642 1511 2718 Clericale
1587 2644 1774 2740 apud
1825 2642 1902 2717 S.
1963 2640 2256 2721 Petrum
2317 2666 2542 2741 prope
2619 2642 3048 2744 Friburgum

924 2762 1145 2840 situm
1192 2760 1613 2837 admittendi
1646 2769 1882 2849 erunt,
1920 2758 2156 2858 ibique
2192 2759 2586 2837 manebunt
2615 2763 2844 2839 donec
2875 2786 3048 2861 pre-

920 2878 1327 2978 shyteratus
1378 2879 1623 2956 ordine
1675 2877 1940 2955 fuerint
1991 2878 2274 2953 initiati.
2329 2876 2534 2969 Quod
2569 2881 2864 2978 quidem
2905 2882 3041 2959 Se-

920 2997 1301 3075 minarium
1382 2994 1930 3094 Archiepiseopo
2007 2999 2218 3094 pleno
2267 2997 2630 3097 liberoque
2684 3001 2838 3078 iure
2913 3026 3040 3079 su-

916 3114 1231 3193 biectum
1282 3118 1443 3204 erit,
1501 3116 1699 3191 velut
1751 3116 1940 3193 aliud
1991 3116 2080 3191 ad
2133 3116 2427 3193 Concilii
2465 3118 2862 3195 Tridentini
2899 3120 3040 3199 for·

912 3254 1109 3313 mam
1160 3232 1235 3308 in
1269 3242 1635 3329 posterum
1669 3232 2108 3329 erigendum,
2145 3233 2234 3307 de
2271 3256 2416 3331 quo
2465 3235 2536 3309 in
2578 3237 3035 3332 praecedenti

922 3354 1217 3433 articulo
1268 3353 1510 3429 hahita
1562 3354 1843 3428 mentio
1893 3364 2029 3427 est.

1809 3588 1986 3663 An.
2043 3588 2130 3663 X.

1022 3824 1199 3902 Cum
1255 3836 1497 3901 autem
1550 3823 1986 3903 Guhernium
2039 3828 2130 3902 ad
2177 3840 2446 3904 rectam
2477 3830 2865 3910 catholicae
2917 3839 3039 3915 iu-

916 3942 1231 4019 ventutis
1284 3942 1807 4018 institutionem
1843 3943 2226 4021 Convictus
2253 3948 2607 4045 ¹quosdam
2667 3952 2752 4026 iis
2805 3954 2882 4027 in
2915 3955 3034 4032 lo-

910 4061 1016 4135 cis
1065 4061 1330 4157 erigere
1365 4060 1718 4147 intendat,
1757 4062 1830 4135 in
1865 4064 2122 4161 quihus
2155 4066 2298 4137 iam
2333 4066 2614 4162 publica
2647 4073 3026 4166 gymnasia

915 4200 1043 4257 seu
1098 4177 1293 4278 lycea
1330 4196 1461 4277 pro
1496 4172 1878 4255 Catholicis
1913 4181 2266 4257 destinata
2301 4182 2644 4272 existunt,
2685 4196 3032 4283 poterunt
