3317 5267
854 438 1003 509 37ss

866 572 985 623 sae
1038 560 1453 645 proventus,
1482 548 1818 625 detractis
1873 548 2117 645 utique
2169 547 2500 628 oneribus
2551 558 2626 621 et
2677 549 2970 647 impen-

851 666 985 739 diis
1022 665 1109 742 ad
1144 665 1467 760 ejusdem
1506 664 2190 741 administrationem
2227 666 2640 744 necessariis
2675 678 2752 741 et
2777 690 2970 743 con-

852 781 1099 867 suetiS,
1156 782 1423 859 interea
1474 782 1882 858 dividantur
1917 782 1988 853 in
2031 792 2174 855 tres
2211 784 2543 883 aequales
2571 784 2962 879 portiones,

848 920 1147 994 quarum
1202 922 1339 971 uua
1382 896 1682 983 vicario,
1727 897 1828 971 uti
1869 896 2296 993 praefertur,
2337 896 2692 975 Dioecesis
2727 900 2966 974 admi-

846 1015 1205 1089 nistratori
1233 1016 1305 1087 in
1332 1016 1437 1087 sui
1468 1015 1922 1090 honorarium
1949 1016 2408 1111 adjudicetur,
2439 1017 2660 1091 altera
2719 1028 2962 1091 autem

844 1131 1195 1227 Episcopo
1264 1134 1647 1208 successori
1705 1133 1791 1205 ad
1845 1135 2448 1228 opportunitatem
2513 1144 2940 1218 reservetur,

848 1251 1055 1322 tertia
1105 1251 1434 1346 denique,
1492 1249 1605 1323 vel
1658 1250 1729 1323 in
1784 1250 2098 1345 ejusdem
2153 1249 2506 1325 Ecclesiae
2561 1249 2954 1325 Cathedra-

843 1365 929 1439 lis
980 1362 1315 1441 fabricam
1368 1377 1443 1438 et
1494 1367 1907 1452 sacrarium,
1953 1367 2061 1439 vel
2117 1367 2188 1440 iu
2239 1367 2694 1441 seminarium
2743 1364 2958 1443 Dioc-

842 1466 1177 1559 cesauum
1236 1485 1345 1557 vel
1390 1485 1460 1557 in
1518 1482 1888 1559 Paroecias
1941 1485 2194 1559 melius
2229 1486 2572 1560 dotandas
2597 1508 2680 1559 ac
2731 1486 2952 1561 etiam

720 1634 737 1648 ·
847 1602 1121 1676 noviter
1160 1603 1227 1673 in
1268 1599 1583 1675 Dioecesi
1636 1600 2026 1677 fundendas
2055 1614 2410 1697 erogetur,
2468 1616 2680 1700 prout
2721 1626 2952 1699 expe-

844 1719 1043 1791 diens
1072 1721 1446 1815 aptiusque
1484 1719 1555 1790 in
1597 1716 1902 1793 Domino
1961 1720 2188 1793 visum
2243 1732 2618 1817 ratumque
2673 1720 2912 1795 fuerit.

1000 1836 1372 1911 Praeterea
1424 1860 1878 1933 summopere
1931 1838 2516 1913 commendantes
2567 1840 2739 1913 dicti
2789 1838 2954 1915 Hai-

852 1956 996 2029 tani
1061 1952 1397 2027 Gubernii
1460 1955 1775 2029 studium
1831 1954 2370 2051 impensamque
2431 1978 2703 2043 curam,
2768 1955 2956 2031 unde

847 2075 1019 2147 satis
1078 2087 1243 2147 tunc
1294 2073 1541 2147 datum
1596 2086 1735 2160 est,
1793 2085 1874 2147 ut
1924 2071 2238 2169 singulae
2290 2073 2690 2151 dotationes
2723 2096 2954 2170 -prae-

842 2191 1073 2264 dictae
1124 2214 1165 2263 a
1221 2190 1501 2287 publico
1554 2191 1710 2286 ejus
1765 2191 2032 2265 aerario
2087 2200 2244 2263 tuto
2299 2190 2686 2279 solvantur,
2725 2193 2952 2267 donec

846 2308 1144 2381 totidem
1197 2308 1370 2379 certi
1427 2309 1852 2404 penitusque
1887 2306 2046 2401 puri
2084 2307 2400 2381 redditus
2435 2330 2524 2384 ex
2559 2307 2764 2383 bonis
2801 2320 2956 2382 sta-

844 2425 1099 2498 bilibus
1125 2425 1213 2497 ab
1240 2426 1491 2499 eodem
1542 2424 1900 2499 Gubernio
1953 2424 2362 2521 singillatim
2415 2425 2760 2523 adsignati
2787 2425 2950 2523 ple-

844 2565 1077 2638 noque
1140 2566 1303 2617 cum
1368 2543 1680 2617 dominio
1741 2554 2084 2638 perpetuo
2135 2542 2398 2617 fuerint
2449 2544 2798 2631 attributi,
2855 2567 2940 2625 ac-

847 2659 1135 2757 ipsimet
1184 2657 1541 2733 Guberuio
1588 2659 2122 2735 benevolentiae
2185 2660 2482 2737 Nostrae
2543 2684 2798 2739 sensus
2857 2663 2948 2739 ad

848 2777 915 2850 id
972 2777 1343 2851 ostendere
1404 2777 1744 2863 volenteS,
1787 2774 2062 2854 Dilecto
2101 2776 2269 2851 Filio
2307 2777 2561 2859 illustri
2597 2792 2672 2853 et
2715 2778 2946 2855 bono-

724 2918 733 2927 ·
847 2893 1047 2967 rabili
1100 2894 1251 2967 viro
1306 2894 1668 2979 hodierno,
1711 2918 1840 2969 nec
1875 2916 2013 2970 non
2070 2918 2198 2990 pro
2253 2904 2570 2990 tempore
2607 2896 2948 2973 existenti

850 3013 1071 3107 ipsius
1122 3009 1399 3083 Haitani
1458 3010 1796 3086 Gubernii
1833 3010 2166 3097 Piaesidi‚
2208 3023 2290 3083 ut
2327 3024 2474 3085 tam
2527 3011 2660 3087 hac
2711 3015 2948 3109 prima

848 3124 999 3203 rice
1050 3151 1265 3226 quam
1320 3129 1390 3199 in
1449 3133 1748 3223 posteris
1801 3127 2198 3225 quibusque
2263 3130 2494 3203 dictae
2552 3128 2952 3227 Episcopa-

843 3248 927 3321 lis
980 3244 1333 3321 Ecclesiae
1388 3242 1930 3319 Gonaivesensis
1983 3246 2466 3320 vacationibus
2503 3247 2695 3319 intra
2741 3258 2942 3321 tem-

844 3388 975 3461 pus
1040 3384 1165 3456 per
1228 3384 1463 3434 sacros
1518 3356 1839 3436 Canones
1901 3362 2349 3457 praefinitum
2421 3362 2744 3437 idoneam
2815 3361 2942 3436 di-

844 3502 1191 3577 gnamque
1263 3502 1639 3573 personam
1713 3478 2110 3575 Episcopali
2183 3480 2280 3555 illi
2351 3473 2741 3557 cathedrae
2809 3503 2939 3576 per

847 3599 985 3673 Nos
1016 3650 1037 3681 ‚
1094 3597 1205 3673 vel
1260 3594 1659 3671 Romanuin
1715 3600 1786 3671 iu
1843 3612 2162 3695 tempore
2213 3596 2626 3679 Pontificem
2681 3598 2934 3695 praefi·-

843 3716 1161 3790 ciendam
1224 3714 1407 3808 apud
1470 3714 1653 3787 hanc
1721 3712 2194 3811 Apostolicam
2249 3714 2499 3789 Sedem
2573 3716 2940 3791 nominare

836 3858 960 3909 seu
1014 3843 1459 3929 praesentare
1516 3832 1784 3919 valeat,
1841 3834 2142 3906 servatis
2197 3846 2440 3910 tamen
2493 3854 2674 3930 quae
2725 3846 2936 3909 cete—

838 3952 1085 4047 roquin
1138 3950 1225 4023 de
1272 3950 1428 4044 jure
1485 3970 1824 4047 moreque
1877 3954 2218 4027 servanda
2281 3964 2476 4039 sunt,
2535 3951 2934 4050 Apostolica

834 4070 1253 4147 auctoritate
1292 4069 1649 4163 praedicta
1705 4084 2044 4165 perpetuo
2098 4070 2423 4146 similiter
2459 4070 2929 4166 indulgemus.

964 4186 1377 4263 praesentes
1406 4209 1690 4283 quoque
1721 4184 2024 4263 Litteras
2051 4190 2137 4263 de
2165 4188 2664 4287 subreptionis,
2687 4187 2798 4263 vel
2817 4186 2940 4263 oh-
