3317 5267
2333 420 2480 489 419

344 546 721 610 serventur
770 532 851 607 in
886 522 1311 633 'receptione
1366 530 1461 605 ad
1514 528 1859 620 habitum,
1913 530 2372 623 novitiolam,
2415 548 2480 605 et

339 654 865 754 professionem
914 665 1239 727 votorum
1288 649 1729 751 simplicium
1766 675 1800 720 »
1817 705 1834 721 .
1903 649 2292 748 Postquam
2345 652 2484 727 boc

344 774 713 848 decretum
766 772 1169 847 executioni
1222 771 1732 845 demandatum
1785 767 1922 841 fuit
1979 793 2072 842 ex
2130 770 2288 865 ipsa
2349 792 2480 843 ex·-

350 891 699 988 pericntia
750 890 1228 987 comperimus
1268 898 1634 984 ‘quantum
1687 884 2018 959 utilitatis
2069 910 2160 959 ex
2213 911 2300 961 eo
2360 911 2481 960 re-

344 1010 635 1107 ligiosae
686 1008 1025 1083 Familiae
1074 1008 1473 1091 retulerint,
1527 1018 1603 1081 et
1652 1004 1918 1079 referre
1968 1006 2266 1102 possint.
2333 1005 2476 1080 Ve-

342 1150 505 1203 rum
560 1152 791 1225 nuper
839 1130 1261 1225 agnovimus
1296 1128 1571 1225 aliquos
1607 1126 1946 1212 novitios,
1976 1124 2476 1221 praetermissa

338 1244 779 1343 professione
832 1262 1161 1319 votorum
1226 1244 1682 1340 simplicium,
1747 1244 1831 1317 ad
1903 1252 2070 1317 vota
2130 1240 2474 1315 solemnia

336 1364 807 1461 nuncupanda
860 1362 1209 1438 admissos
1258 1362 1505 1451 fuisse,
1562 1374 1638 1436 et
1688 1363 1944 1436 exinde
2011 1361 2196 1435 circa
2245 1362 2477 1435 dicto-

338 1504 499 1556 rum
567 1490 897 1556 votorum
963 1480 1390 1555 solemnium
1455 1481 1893 1555 validitatem
1957 1480 2200 1576 gravia
2261 1478 2474 1552 dubia

336 1598 626 1675 suborta
679 1622 863 1675 esse.
920 1598 1064 1673 Nos
1116 1600 1331 1697 igitur
1380 1600 1752 1696 cupientes
1807 1599 1878 1671 in
1931 1620 2010 1672 re
2064 1596 2246 1671 tanti
2311 1620 2471 1673 mc·-

340 1719 692 1792 momenti
755 1740 1049 1793 omnem
1119 1716 1521 1814 ambigendi
1594 1738 1883 1791 causam
1957 1715 2030 1788 in
2100 1727 2470 1813 posterum

338 1856 711 1911 removere
742 1888 763 1923 ,
818 1846 1023 1911 motu
1071 1837 1357 1933 proprio
1390 1888 1409 1923 ,
1464 1846 1541 1909 et
1590 1846 1784 1910 certa
1837 1836 2130 1909 scientia
2161 1888 2183 1924 ,
2236 1835 2466 1931 deque

341 1950 789 2049 Apostolicae
862 1950 1157 2027 Nostrae
1236 1953 1615 2048 potestatis
1688 1953 2152 2047 plenitudine,
2228 1952 2468 2047 quoad

328 2068 695 2164 religiosas
767 2070 1083 2144 virorum
1154 2070 1485 2143 Familias
1572 2072 2086 2167 cujuscumque
2148 2068 2460 2157 Ordinis,

333 2187 916 2289 congregationis
970 2200 1046 2264 et
1095 2189 1411 2263 Instituti
1464 2191 1535 2262 in
1590 2190 1848 2288 quibus
1901 2190 2240 2264 solemnia
2297 2200 2465 2263 vota.

342 2308 765 2381 emittantur
798 2308 1208 2395 statuimuS,
1250 2329 1330 2381 ac
1364 2308 1809 2381 decernimus
1843 2308 2110 2382 nullam
2139 2310 2456 2394 omnino,

333 2426 633 2513 irritam,
690 2437 764 2499 et
816 2426 1075 2501 nullius
1127 2425 1400 2502 roboris
1452 2425 1599 2501 fore
1662 2427 2170 2524 professionem
2235 2438 2460 2502 voto-—

332 2566 491 2617 rum
554 2542 979 2618 solemnium
1051 2556 1200 2616 tam
1275 2544 1581 2618 scienter
1612 2598 1632 2632 ,
1708 2564 1924 2641 quam
1995 2544 2400 2641 ignoranter
2429 2596 2454 2631 ,

328 2662 581 2760 quovis
633 2662 872 2748 modo,
926 2672 1329 2757 praetextu,
1386 2673 1460 2735 et
1512 2663 1744 2737 colore
1779 2660 2043 2736 factam
2083 2686 2124 2734 a
2161 2662 2452 2735 novitiis
2527 2642 2533 2649 ’

327 2780 887 2878 quibuscumque
941 2781 1167 2853 ctiam
1210 2781 1405 2854 laicis
1437 2833 1457 2867 ,
1519 2793 1593 2855 et
1642 2782 2010 2855 conversis
2038 2833 2057 2868 ‚
2113 2783 2234 2880 qui
2287 2781 2458 2854 licet

325 2898 845 2996 probationem,
902 2910 976 2972 et
1026 2898 1454 2972 novitiatum
1508 2913 1721 2997 prout
1771 2902 1857 2973 de
1905 2902 2060 2997 jure
2116 2900 2460 2996 expleve-

328 3017 499 3103 rint,
554 3038 693 3089 non
748 3016 1084 3088 emittant
1134 3014 1331 3110 prius
1370 3015 1880 3111 professionem
1919 3027 2250 3090 votorum
2285 3012 2458 3086 sim·-

324 3133 642 3230 plicium,
688 3118 767 3205 et
820 3134 893 3205 in
950 3154 1034 3206 ea
1088 3154 1213 3228 per
1266 3134 1647 3206 triennium
1704 3132 2060 3229 integrum
2110 3156 2253 3207 non
2290 3155 2458 3228 per-

324 3250 742 3338 manserint,
800 3250 1132 3348 quamvis
1186 3251 1299 3325 vel
1352 3273 1395 3323 a
1458 3250 1980 3346 SuperioribuS‚
2045 3250 2158 3323 vel
2217 3273 2260 3322 a
2319 3274 2455 3325 no·-

324 3369 545 3458 vitiis,
601 3370 714 3445 vel
768 3370 857 3443 ab
908 3370 1232 3469 utrisque
1297 3370 1599 3445 intentio
1665 3368 2008 3445 habeatur
2059 3372 2454 3468 respective

320 3490 702 3585 recipiendi
754 3488 840 3563 ad
897 3502 1065 3565 vota
1116 3490 1459 3566 solemnia
1498 3544 1519 3580 ,
1588 3501 1664 3563 et
1726 3512 1810 3562 ea
1869 3490 2302 3576 emittendi,
2368 3512 2451 3562 ac

328 3630 577 3682 omnes
628 3606 811 3679 ritus
863 3607 1331 3682 adhibeantur
1393 3611 1482 3685 ad
1544 3608 2052 3709 professionem
2118 3620 2449 3684 votorum

322 3726 747 3801 solemnium
803 3728 1242 3822 praescripti.
1300 3726 1489 3802 Haec
1548 3728 1871 3803 volumus
1913 3784 1934 3816 ‚
2000 3727 2383 3802 statuimus
2423 3776 2446 3811 ‚

319 3843 818 3941 praecipimus,
884 3844 1305 3919 mandamus
1358 3869 1501 3920 non
1555 3845 2030 3934 obstantibus,
2096 3856 2448 3946 quatenus

320 3986 499 4061 opus
552 3975 664 4037 est
692 4016 714 4052 ,
768 3960 1295 4038 Constitutione
1356 3964 1721 4040 Benedicti
1784 3964 1947 4037 XIV
2009 3964 2448 4037 Praedeces—

317 4080 497 4155 soris
568 4078 805 4156 Nostri
876 4102 1091 4177 super
1160 4081 1503 4157 divisione
1576 4084 2028 4157 materiarum
2063 4134 2083 4170 ,
2152 4081 2445 4178 aliisque

320 4196 767 4295 Apostolicis,
832 4210 907 4275 et
962 4199 1037 4273 in
1108 4196 1649 4291 universalibus,
1723 4202 2440 4301 provincialibusque,
