3317 5267
839 440 993 629 {31
1045 548 1196 624 Pon
1205 547 1454 621 titiciac
1507 542 1807 619 Nostrae
1856 541 2145 615 ditionis
2194 543 2269 615 in
2320 542 2607 617 civilem
2642 544 2994 620 adminis-

839 669 1222 745 trationem
1273 664 1791 762 cooptavimus‚
1841 672 1919 733 et
1968 668 2402 756 opportunas
2452 660 2779 736 dedimus
2812 686 2996 739 con-

837 788 1220 875 cessiones,
1257 784 1560 887 propriis
1599 794 1843 855 tamen
1874 778 2291 877 prudentiae
2325 779 2557 855 modis
2588 780 2994 871 ordinatas,

837 926 930 979 ne
965 924 1225 979 munus
1257 915 1556 999 paterno
1585 898 1825 973 animo
1856 916 2277 971 eoncessum
2311 918 2439 991 per
2476 895 2826 971 malorum
2860 898 2993 973 ho-

837 1023 1112 1099 minum
1165 1040 1454 1116 operam
1495 1037 1772 1090 veneno
1806 1012 2233 1089 inficeretur.
2278 1010 2369 1085 At
2402 1034 2577 1089 vero
2612 1015 2785 1111 quid
2822 1016 2995 1089 inde

829 1122 1106 1211 iactum
1159 1144 1273 1211 est
1299 1130 1338 1204 ἰ’
1365 1131 1649 1207 Effrena
1702 1130 1987 1204 licentia
2035 1128 2337 1203 innocua
2372 1126 2631 1203 Nostra
2662 1130 3001 1227 largitate

837 1255 1068 1352 potita
1117 1263 1258 1339 est,
1311 1262 1386 1325 et
1437 1248 1685 1336 Autan,
1740 1271 1885 1344 quo
1939 1244 2201 1342 publici
2252 1244 2560 1319 ministri
2612 1268 2695 1319 ac
2746 1243 3001 1343 Depu-

837 1370 970 1443 tati
1021 1378 1532 1453 convenerant,
1581 1364 1830 1437 limina
1881 1364 2225 1457 sanguine
2276 1384 2629 1458 respersa,
2653 1374 2736 1437 et
2766 1363 2997 1459 impis

842 1508 1096 1559 manus
1146 1486 1220 1557 in
1259 1504 1422 1557 eum
1459 1480 1799 1575 sacrilege
1830 1500 2169 1553 conversa
2200 1478 2329 1575 qui
2364 1476 2785 1553 beneficium
2822 1503 3005 1556 eon-

840 1614 1176 1679 cesserat.
1231 1600 1434 1692 Quod
1471 1601 1530 1674 si
1565 1599 2073 1675 recentissimis
2108 1598 2307 1673 hisee
2342 1596 2783 1695 temporibus
2818 1624 3009 1675 con·

841 1723 995 1797 silia
1043 1723 1228 1796 circa
1279 1720 1560 1793 civilem
1615 1718 2184 1815 procurationem
2221 1714 2441 1791 Nobis
2474 1717 2643 1791 data
2674 1714 3004 1809 fuerunt,

841 1838 1030 1913 haud
1079 1837 1445 1935 ignoratis,
1501 1833 1955 1909 venerabiles
2008 1832 2319 1922 Fratres,
2374 1832 2491 1906 illa
2524 1856 2569 1907 a
2606 1833 2825 1911 Nobis
2874 1837 3007 1911 ad-

842 1954 1060 2027 missa
1108 1951 1356 2040 fuisse,
1383 1974 1469 2026 eo
1502 1962 1743 2025 tamen
1794 1958 2099 2046 excepto
2150 1972 2232 2023 ac
2282 1948 2575 2038 reiecto,
2622 1952 2819 2049 quod
2855 1976 3003 2030 non

843 2070 930 2143 ad
981 2068 1264 2145 civilem
1315 2068 2003 2143 administrationem
2058 2067 2511 2164 respiciebat,
2548 2068 2677 2145 sed
2712 2092 2804 2146 eo
2838 2094 3009 2167 spe-

839 2186 1108 2275 ctabat,
1150 2198 1230 2261 ut
1263 2186 1699 2283 spoliationis
1726 2183 1913 2283 parti
1940 2184 2081 2257 iam
2108 2196 2430 2283 patratae
2462 2186 3001 2265 assentiremur.

843 2302 1032 2377 Nihil
1080 2326 1252 2378 vero
1303 2312 1418 2379 est
1465 2326 1590 2377 cur
1639 2302 1731 2375 de
1778 2298 2091 2379 consiliis
2141 2299 2325 2377 hene
2374 2302 2715 2399 acceptis,
2768 2304 3005 2401 deque

843 2422 1120 2497 Nostris
1167 2421 1463 2496 sinceris
1515 2422 1604 2495 ad
1655 2420 1775 2495 illa
1824 2420 2277 2517 exsequenda
2329 2422 2699 2516 promissis
2749 2424 3011 2522 loqua—

844 2562 1036 2627 mur,
1086 2561 1252 2614 cum
1303 2537 1846 2634 usurpationum
1898 2538 2379 2615 moderatores
2428 2538 2572 2613 alta
2608 2563 2785 2619 voce
2832 2564 3009 2637 pro-

845 2658 1250 2745 fiterentur,
1305 2680 1384 2731 se
1435 2680 1578 2731 non
1628 2657 1917 2753 quidem
1968 2654 2543 2745 reformationes,
2596 2658 2724 2733 sed
2774 2658 3007 2735 abso-

845 2777 1072 2850 lutam
1123 2776 1578 2853 rebellionem
1615 2829 1640 2865 ,
1697 2798 2123 2872 omnemque
2183 2798 2227 2849 a
2286 2775 2607 2873 legitimo
2674 2775 3005 2876 Principe

847 2894 1360 2971 seiunctionem
1411 2892 1703 2970 omnino
1752 2892 1958 2967 velle.
2016 2890 2249 2987 Atque
2300 2891 2437 2989 ipsi
2486 2904 2695 2969 erant
2726 2896 3009 2993 gravis-

849 3014 1015 3088 simi
1067 3013 1394 3089 facinoris
1443 3024 1767 3091 auctores
1812 3024 1887 3085 et
1936 3011 2428 3106 antesignani,
2476 3014 2601 3111 qui
2650 3015 2805 3089 suis
2858 3015 3007 3091 cla-

849 3130 1171 3208 moribus
1219 3132 1461 3207 omnia
1509 3128 1875 3228 replebant
1904 3180 1925 3217 ,
1980 3148 2127 3203 non
2178 3152 2347 3205 vero
2398 3130 2729 3228 populos.
2782 3144 2871 3207 ut
2918 3136 3009 3209 de
3056 3226 3063 3229 ,

853 3248 988 3325 illis
1041 3254 1298 3327 merito
1328 3253 1466 3326 dici
1499 3249 1726 3347 possit
1758 3248 1947 3346 quod
1987 3246 2420 3324 Venerabilis
2456 3248 2649 3325 Beda
2682 3250 2774 3327 de
2812 3249 3009 3326 Pha-

855 3368 1100 3443 risaeis
1159 3378 1238 3442 et
1293 3366 1556 3443 Scribis
1615 3364 1879 3439 Christi
1936 3364 2241 3440 inimicis
2298 3363 2535 3441 aiebat
2566 3362 2704 3465 (1).
2766 3392 2803 3438 ι
2838 3366 3005 3443 Non

853 3483 1028 3555 haec
1078 3482 1307 3585 aliqva·
1357 3482 1447 3557 de
1497 3482 1705 3556 turba
1755 3478 1877 3555 sed
1928 3478 2311 3557 Pharisaei
2370 3478 3007 3560 calumniabantur

853 3616 924 3675 et
973 3598 1294 3693 Ser-ibae,
1343 3603 1526 3676 sicut
1577 3598 2073 3697 Evanqelistae
2118 3612 2499 3677 testantur.
2528 3624 2598 3675 η.

1009 3720 1152 3799 Sed
1207 3720 1509 3799 Romani
1560 3718 2018 3795 Pontificatus
2078 3720 2513 3817 oppugnatio
2574 3744 2719 3796 non
2772 3720 3005 3797 solum

851 3864 938 3915 eo
993 3849 1298 3938 spectat,
1347 3851 1432 3913 ut
1481 3836 1656 3911 haec
1708 3836 1969 3911 Sancta
2002 3835 2219 3911 Sedes
2270 3848 2348 3911 et
2400 3836 2766 3913 Romanus
2816 3836 3009 3913 Pon-

861 3955 1038 4031 tifex
1087 3956 1404 4055 legitimo
1439 3978 1570 4031 suo
1617 3952 1809 4029 civili
1861 3952 2265 4052 principatu
2312 3956 2603 4032 omnino
2650 3956 3000 4053 privetur,

1023 4198 1110 4280 (1)
1155 4198 1281 4263 Lib.
1327 4198 1386 4262 1.
1430 4216 1486 4262 c.
1531 4197 1628 4265 48.
1676 4196 1739 4263 in
1778 4214 1833 4261 c.
1878 4196 1982 4261 11.
2024 4196 2244 4263 Lucae.
