3317 5267
920 473 1072 657 l7nis⁰
1101 603 1280 678 quae
1317 579 1402 651 ad
1433 577 1867 674 religionem,
1906 599 2139 651 mores
2173 589 2249 652 et
2300 578 2615 674 regimen
2650 581 2973 676 spirituale

919 701 1298 797 pertinent.
1372 693 1552 768 Hinc
1613 704 1851 791 potest
1900 695 1987 769 de
2041 694 2621 772 instructionibus
2672 697 2949 772 iudicare
2972 751 2989 784 ‚

921 838 1098 912 quas
1150 811 1505 886 Ecclesiae
1543 822 1864 907 pastores
1918 811 2012 884 ad
2062 813 2650 887 conscientiarum
2706 837 2998 888 normam

917 956 1048 1029 pro
1115 955 1241 1006 suo
1293 952 1590 1003 munere
1651 929 1899 1016 edunt,
1940 929 2111 1024 quin
2184 930 2399 1002 etiam
2436 941 2676 1024 potest
2728 931 2817 1004 de
2850 931 3003 1004 divi-

919 1071 1170 1123 norum
1221 1057 1827 1121 sacramentorum
1860 1045 2480 1119 administratione
2520 1056 2595 1119 et
2628 1046 3007 1142 dispositio-

919 1167 1124 1240 nibus
1176 1166 1261 1240 ad
1314 1187 1397 1237 ea
1450 1164 1893 1260 suscipienda
1948 1163 2363 1238 necessariis
2414 1165 2819 1240 decernere.

1127 1293 1342 1364 Alloc.
1394 1295 1480 1362 In
1529 1295 1982 1362 consistoriali
2025 1293 2064 1360 1
2112 1291 2485 1362 novembris
2533 1291 2736 1364 1850.

1098 1411 1339 1492 ,ΑΙΙοα
1390 1415 1696 1482 Maxima
1743 1415 1995 1500 quidem
2040 1413 2083 1482 9
2130 1413 2301 1482 iunii
2348 1412 2545 1485 1862.

1073 1519 1284 1593 XLV.
1343 1519 1605 1593 Totum
1659 1517 2059 1593 scholarum
2110 1520 2547 1616 publicarum
2584 1523 2920 1617 regimen,
2945 1523 3008 1594 in

917 1637 1170 1735 quibus
1231 1637 1564 1711 iuventus
1613 1635 2033 1712 christianae
2072 1635 2365 1712 alicuius
2419 1636 2873 1734 Reipublicae
2921 1641 3009 1711 in-

915 1755 1258 1842 stituitur,
1313 1753 1827 1850 episcopalibus
1880 1756 2257 1828 dumtaxat
2320 1755 2716 1829 seminariis
2794 1755 3011 1853 aliqua

912 1872 1182 1945 ratione
1235 1871 1580 1966 exceptis,
1617 1879 1859 1963 potest
1890 1893 1973 1943 ac
2027 1869 2243 1946 debet
2276 1869 2567 1945 attribui
2620 1871 3009 1945 auctoritati

912 1990 1126 2076 civili,
1155 1999 1232 2062 et
1281 1988 1381 2060 ita
1433 1987 1720 2082 quidem
1772 1987 2087 2074 attribui,
2120 2000 2202 2060 ut
2252 1988 2525 2060 nullum
2560 1989 2677 2060 alii
2704 1990 3011 2063 cuicum-

912 2129 1048 2203 que
1103 2103 1505 2178 auctoritati
1557 2113 2103 2198 recognoscatur
2153 2103 2262 2176 ius
2314 2103 2755 2178 immiscendi
2814 2127 2891 2178 se
2946 2104 3011 2175 iu

910 2221 1273 2318 disciplina
1303 2219 1732 2304 scholarum,
1762 2221 1833 2292 in
1888 2220 2225 2314 regimine
2278 2220 2707 2308 studiorum,
2736 2221 2815 2294 in
2864 2243 3011 2317 gra-

911 2341 1126 2414 duum
1181 2339 1580 2425 collatione,
1609 2337 1680 2410 in
1732 2337 2011 2412 delectu
2063 2348 2187 2410 aut
2238 2338 2743 2434 approbatione
2796 2339 3011 2436 magi-

909 2473 1244 2534 sti-orum.

1109 2586 1325 2655 Alloc.
1379 2591 1460 2654 In
1513 2587 1969 2654 consistoriali·
2015 2587 2050 2654 1
2104 2586 2477 2656 novembris
2528 2585 2729 2658 1850.

1118 2703 1328 2773 Alloc.
1390 2705 1638 2784 Quibus
1682 2705 2179 2773 luctuosissima}
2226 2705 2265 2772 5
2312 2706 2699 2796 septembris
2744 2706 2933 2775 1851.

1061 2811 1306 2886 XLVI.
1360 2812 1589 2887 Immo
1618 2812 1691 2884 in
1746 2811 1917 2908 ipsis
1954 2812 2363 2889 clericorum
2415 2812 2810 2886 seminariis
2856 2833 3009 2885 me-

907 2933 1165 3008 thodus
1217 2931 1608 3007 studiorum
1661 2930 2057 3006 adhibenda
2108 2931 2295 3006 civili
2344 2933 2748 3006 auctoritati
2798 2931 3015 3008 subii-

905 3055 1110 3128 citur.

881 3221 918 3252 0
1109 3181 1320 3250 Alloc.
1373 3185 1729 3271 Nunquam
1775 3186 1913 3271 fora
1956 3179 2039 3249 15
2090 3179 2455 3250 decembris
2502 3179 2709 3250 1856.

1060 3289 1334 3364 XLVll.
1396 3289 1717 3366 Postulat
1766 3293 2035 3390 optima
2086 3291 2315 3366 civilis
2380 3291 2737 3366 societatis
2800 3291 3017 3376 ratio,

906 3421 986 3482 ut
1055 3409 1424 3504 populares
1475 3411 1781 3498 scholae,
1857 3433 2037 3508 quae
2092 3421 2341 3506 patent
2393 3409 2721 3484 omnibus
2774 3411 3025 3486 cuius-

903 3547 1040 3620 que
1092 3547 1136 3598 e
1160 3525 1418 3620 populo
1455 3525 1696 3602 classis
1732 3527 1996 3623 puerine,
2046 3549 2127 3600 ac
2162 3525 2439 3622 publica
2474 3527 2869 3600 universim
2908 3525 3031 3598 lu-

903 3641 1178 3729 stituta,
1217 3665 1398 3738 quae
1450 3642 1708 3716 litteris
1761 3641 2377 3740 severioribusque
2431 3641 2821 3738 disciplinis
2878 3653 3035 3716 tra-

901 3760 1147 3834 dendis
1200 3771 1274 3832 et
1299 3761 1697 3834 educationi
1750 3760 2143 3834 iuventutis
2177 3760 2522 3835 curandae
2574 3773 2741 3834 sunt
2792 3762 3035 3836 desti-

901 3890 1094 3966 nata,
1127 3879 1531 3952 eximantur
1583 3879 1672 3951 ab
1726 3881 1918 3954 omni
1954 3877 2309 3952 Ecclesiae
2363 3880 2817 3966 auctoritate,
2864 3903 3031 3955 mo-

899 3997 1244 4071 deratrice
1298 3997 1368 4070 vi
1421 4009 1496 4070 et
1547 3997 1964 4093 ingerentia,
2014 3995 2365 4092 plenoque
2419 3994 2643 4070 civilis
2696 4017 2783 4071 ac
2824 3998 3034 4093 poli-

897 4112 1078 4187 ticae
1129 4115 1564 4190 auctoritatis
1633 4113 1923 4189 arbitrio
1976 4112 2437 4188 subiiciantur
2484 4115 2571 4186 ad
2624 4113 3023 4210 imperan-
