3317 5267
876 452 1019 525 130

872 566 1131 641 vestris
1182 563 1475 638 Litteris
1530 566 1619 638 ad
1674 564 1818 640 Nos
1870 564 2082 652 datis,
2125 586 2375 638 verum
2415 564 2634 638 etiam
2671 575 2827 639 tum
2865 588 3006 661 pa-

870 679 1247 756 storalibus
1298 679 1641 778 Epistolis
1681 733 1704 769 ,
1762 692 1918 755 tum
1971 680 2124 755 aliis
2203 681 2546 779 religiosis
2623 682 3002 780 doctisque

870 798 1155 895 scriptis
1208 798 1281 871 in
1338 799 1593 894 vulgus
1646 798 1858 873 editis
1935 798 2410 897 episcopalem
2491 810 2810 874 vestram
2861 822 3004 874 vo-

868 939 1027 995 cem
1079 940 1246 992 cum
1301 917 1559 1014 insigni
1614 916 1836 991 vestri
1888 916 2151 990 ordinis
2180 940 2266 990 ac
2302 916 2611 990 nominis
2648 914 2853 990 laude
2897 926 3009 991 at·

872 1036 1228 1125 tollenteS,
1268 1060 1349 1111 ac
1400 1037 1895 1133 sanctissimae
1925 1047 2210 1111 nostrae
2247 1035 2605 1133 religionis
2641 1036 3004 1111 iustitiae-

870 1176 1010 1252 que
1062 1175 1351 1229 causam
1407 1166 1696 1229 strenue
1749 1164 2305 1252 propugnanteS,
2365 1152 2832 1227 vehementer
2865 1153 3004 1227 de-

870 1270 1115 1348 testati
1164 1272 1337 1346 estis
1388 1272 1725 1368 sacrilega
1779 1292 1952 1346 ausa
2004 1282 2248 1345 contra
2301 1270 2584 1345 civilem
2625 1270 2999 1345 Romanae

866 1386 1226 1467 Ecclesiae
1279 1388 1758 1485 principatum
1810 1388 2145 1462 admissa.
2206 1386 2437 1485 Atque
2503 1388 2740 1485 ipsum
2793 1388 3004 1484 prin-

872 1508 1187 1603 cipatum
1242 1515 1658 1582 constanter
1709 1517 2020 1596 tuentes,
2059 1504 2402 1603 profiteri,
2440 1515 2518 1581 et
2549 1505 2805 1583 docere
2841 1503 3003 1603 glo-

871 1624 1035 1698 riati
1089 1624 1263 1698 estis
1300 1676 1321 1711 ‚
1378 1624 1714 1697 eumdem
1767 1623 2104 1721 singulari
2155 1622 2439 1697 divinae
2489 1620 2676 1697 illius
2755 1624 3002 1697 omnia

868 1741 1183 1839 regentis
1236 1762 1319 1815 ac
1370 1740 1808 1817 moderantis
1859 1740 2342 1839 providentiae
2395 1739 2688 1815 consilio
2737 1736 2994 1813 datum

874 1856 1095 1933 fuisse
1150 1856 1477 1933 Romano
1526 1854 1856 1933 Pontifici
1895 1910 1918 1947 ,
1969 1868 2053 1933 ut
2102 1860 2258 1956 ipse
2307 1856 2480 1932 nulli
2531 1857 2720 1932 civili
2769 1866 2994 1954 pote-

870 1979 1041 2054 stati
1090 2002 1408 2078 unquam
1459 1978 1822 2054 subiectus
1873 2000 2289 2078 supremum
2328 1978 2714 2076 Apostolici
2765 1977 2990 2053 mini-

870 2096 1071 2172 sterii
1120 2118 1385 2173 munus
1436 2095 1571 2171 sihi
1622 2096 1715 2171 ab
1765 2100 1923 2195 ipso
1969 2094 2256 2172 Christo
2307 2094 2613 2173 Domino
2647 2097 2996 2171 divinitus

870 2214 1334 2291 commissum
1382 2214 1794 2312 plenissima
1844 2213 2198 2301 libertate,
2235 2236 2318 2289 ac
2368 2214 2522 2289 sine
2573 2212 2716 2289 ullo
2753 2212 2994 2309 impe-

870 2331 1191 2407 dimento
1244 2334 1315 2405 in
1370 2332 1784 2406 universum
1836 2330 2082 2406 orbem
2135 2343 2488 2407 exerceat.
2559 2330 2792 2429 Atque
2845 2328 3000 2405 No·-

874 2446 987 2522 bis
1036 2448 1383 2523 carissimi
1434 2449 1822 2523 catholicae
1873 2448 2234 2525 Ecclesiae
2267 2446 2390 2521 filii
2427 2450 2688 2523 vestris
2724 2447 2988 2521 imbuti

872 2566 1243 2656 doctrinis,
1284 2579 1664 2671 vestroque
1701 2570 1968 2643 eximio
2003 2566 2334 2664 exemplo
2369 2568 2660 2642 excitati
2699 2566 2996 2643 eosdem

872 2706 1126 2759 sensus
1176 2682 1394 2759 Nobis
1447 2686 1696 2761 testari
1758 2708 2210 2783 summopere
2291 2694 2654 2760 certarunt
2703 2694 2780 2760 et
2827 2706 2996 2759 cer-

876 2811 1061 2875 tant.
1119 2799 1443 2899 Namque
1494 2824 1585 2877 ex
1637 2802 1968 2878 omnihus
2024 2802 2246 2878 totius
2279 2802 2606 2879 catholici
2643 2800 2834 2878 orbis
2869 2825 3000 2876 re·-

872 2915 1199 3015 gionibus
1252 2918 1800 2996 innumerabiles
1853 2943 2077 3017 paene
2129 2920 2532 3017 accepimus
2569 2930 2724 2995 tum
2761 2918 2998 2995 eccle-

873 3035 1321 3115 siastieorum
1372 3045 1529 3111 tum
1586 3036 1926 3113 laicorum
1980 3037 2352 3115 hominum
2379 3038 2722 3135 cuiusque
2755 3036 3010 3133 digni-

875 3154 1072 3244 tatis,
1130 3154 1421 3243 ordinis,
1475 3155 1736 3254 gradus
1787 3168 1864 3230 et
1911 3158 2338 3235 conditionis
2387 3156 2698 3233 Litteras
2769 3156 2998 3231 etiam

874 3295 921 3347 a
968 3275 1287 3351 centenis
1340 3273 1850 3351 catholicorum
1905 3276 2218 3353 millibus
2269 3276 2708 3376 subscriptas
2750 3329 2771 3366 ,
2826 3276 2998 3374 qui—

882 3390 1013 3465 bus
1062 3392 1198 3489 ipsi
1248 3392 1533 3469 filialem
1584 3415 1790 3467 suam
1841 3416 2012 3491 erga
2046 3393 2216 3484 NoS,
2271 3408 2348 3470 et
2397 3394 2582 3470 hanc
2619 3394 2812 3469 Petri
2861 3391 2998 3467 Ca-

881 3508 1207 3583 thedram
1231 3511 1686 3589 devotionem
1717 3534 1799 3585 ac
1825 3514 2356 3587 venerationem
2391 3512 2786 3587 luculenter
2815 3536 3002 3588 eon-

878 3624 1192 3715 firmant,
1248 3640 1325 3703 et
1372 3625 1856 3716 rebellionem,
1911 3650 2268 3727 aususque
2319 3630 2394 3702 in
2445 3628 2802 3705 nonnullis
2843 3628 3002 3707 No—

878 3744 1049 3821 stris
1102 3742 1493 3823 Provinciis
1544 3747 1892 3823 admissos
1947 3746 2406 3822 vehementer
2481 3747 2924 3821 detestantes
2967 3800 2991 3835 ,

745 3932 755 3947 .
878 3858 1081 3941 Beati
1160 3861 1357 3938 Petri
1410 3863 1924 3961 patrimonium
1977 3864 2269 3941 omnino
2321 3865 2680 3962 integrum
2741 3863 2995 3939 invio—-

880 3976 1245 4077 latumque
1298 3980 1759 4070 servandum,
1813 3993 2030 4077 atque
2080 3980 2172 4054 ab
2221 3982 2418 4057 omni
2453 3981 2706 4056 iniuria
2742 3977 2998 4055 defen-

881 4092 1191 4170 (lendum
1242 4120 1399 4173 esse
1452 4098 1894 4175 contendunt
1933 4122 1959 4186 3
2013 4122 2104 4172 ex
2156 4098 2415 4197 quibus
2475 4099 2764 4196 insuper
2845 4101 3012 4173 non'

882 4211 1089 4314 pauci
1140 4214 1211 4291 id
1261 4214 1525 4317 ipsum,
1582 4217 1888 4315 vulgatis
1921 4216 2244 4315 apposite
2283 4216 2592 4318 scriptiS,
2629 4217 2836 4293 docte
2874 4240 2996 4295 sa-
