3317 5267
887 457 979 526 98

882 556 1341 641 νιςκὲωιιιιινε
1381 560 1708 637 rnrmws'
1732 584 2073 636 Autumno
2102 564 3014 643 Amutriscoeo'rooussrtnsr,

1122 680 1195 735 nr
1232 678 1703 750 ntro-avutam,
1746 686 1818 733 m·
1856 681 2150 735 missoris
2190 682 2792 731 mv8=smufluffllfl

1599 978 1856 1071 Plvs
1916 980 2086 1069 PP.
2154 979 2306 1097 ix.

886 1116 1412 1277 venerabiles
1448 1202 1763 1289 FratreS,
1804 1202 2121 1276 Salutem
2159 1213 2234 1277 et
2274 1201 2749 1303 Apostolieam
2797 1200 3024 1275 Bene-

878 1318 1283 1394 dictionem.
1344 1316 1596 1393 Verbis
1649 1319 2054 1416 exprimere
2110 1320 2232 1392 vix
2285 1342 2666 1416 possumus
2686 1371 2709 1408 ,
2767 1316 3023 1393 Vene-

875 1434 1131 1509 rabiles
1183 1435 1468 1509 Fratres
1505 1488 1528 1523 ,
1583 1448 1898 1533 quantae
1953 1435 2420 1510 consolationi
2473 1434 2691 1511 Nobis
2752 1432 3024 1508 fuerint

878 1564 954 1626 et
990 1564 1270 1629 vestrae
1306 1551 1998 1648 obsequentissimae
2035 1549 2346 1628 Litterae
2382 1552 2495 1627 die
2535 1556 2652 1625 15.
2693 1562 3022 1649 septem-

874 1670 1022 1745 bris
1074 1672 1440 1769 superiore
1495 1693 1682 1743 anno
1735 1670 1970 1759 datae,
2028 1680 2104 1744 et
2157 1693 2240 1745 ea
2294 1664 2476 1767 quae
2529 1670 2616 1744 de
2673 1666 2892 1744 Vobis
2929 1668 3021 1742 ad

876 1787 1021 1866 Nos
1053 1790 1311 1865 detulit
1362 1786 1799 1865 Venerabilis
1854 1787 2107 1862 Frater
2162 1790 2477 1866 Antonin
2490 1813 2574 1869 us
2647 1786 3026 1882 Archiepi-

874 1930 1131 2004 scopus
1168 1906 1536 1980 Tarsensis
1570 1904 1849 1993 Noster,
1906 1916 1983 1978 et
2033 1905 2250 2001 hujus
2307 1902 2753 2002 Apostolicae
2815 1902 3024 1978 Sedis

873 2024 1061 2119 apud
1114 2020 1528 2097 Caesaream
1564 2034 1638 2095 et
1677 2020 2156 2119 Apostolicam
2209 2020 2659 2118 Majestatem
2708 2018 3020 2095 Nuntius

874 2164 918 2214 a
942 2141 1159 2217 Nobis
1187 2142 1437 2215 eodem
1467 2140 1829 2237 superiore
1858 2164 2045 2215 anno
2072 2141 2161 2214 ad
2197 2138 2344 2215 Vos
2371 2139 2658 2215 missus.
2689 2137 3016 2235 Namque

876 2282 968 2334 ex
1020 2259 1105 2332 iis
1158 2258 1488 2335 omnibus
1554 2256 1780 2354 magis
1833 2256 2202 2353 magisque
2255 2246 2612 2332 novimus
2649 2278 2790 2355 qua
2868 2256 3024 2329 sin-

872 2375 1093 2473 gulari
1142 2376 1305 2465 fide,
1360 2400 1625 2463 amore,
1683 2384 1761 2448 et
1813 2374 2262 2449 observantia
2320 2374 2620 2448 firmiter
2669 2384 3016 2450 constan-

876 2504 1126 2589 terque
1179 2490 1425 2580 Nobis,
1482 2503 1556 2566 et
1588 2490 1756 2566 huie
1781 2488 1980 2564 Petri
2009 2486 2403 2565 Cathedrae
2443 2490 2825 2565 adhaerere
2860 2489 3022 2587 glo-

874 2610 1155 2685 riemini
1193 2663 1218 2698 ‚
1275 2632 1459 2707 quae
1496 2663 1519 2698 ,
1575 2608 1883 2683 Domino
1932 2610 2355 2705 disponente
2395 2660 2420 2697 ,
2473 2630 2687 2705 super
2762 2628 3019 2682 omnes

836 2726 1229 2807 >Ecclesiae
1280 2727 1668 2801 ordinariae
1719 2726 2098 2824 potestatis
2177 2723 2453 2800 obtinet
2503 2723 3014 2821 principatum,

874 2856 1125 2943 utpote
1212 2846 1707 2921 universorum
1789 2840 2369 2932 Christifldelium
2444 2852 2674 2923 mater
2726 2852 2802 2915 et
2853 2862 3016 2913 ma·-

871 2967 1117 3062 gistra,
1173 2975 1248 3037 et
1300 2964 1373 3035 in
1412 2986 1551 3059 qua
1603 2972 1717 3036 est
1745 2963 2018 3058 integra
2057 2960 2481 3035 christianae
2529 2959 2888 3056 religionis
2923 2982 3011 3035 ac

869 3080 1185 3179 perfecta
1262 3078 1578 3154 soliditas
1619 3130 1639 3167 ,
1697 3089 1772 3153 et
1826 3075 2080 3151 Petrus
2135 3078 2205 3149 in
2261 3078 2417 3157 suis'
2484 3076 3012 3153 successorihus

876 3219 1161 3293 semper
1212 3196 1417 3284 vivit,
1474 3206 1549 3271 et
1600 3194 1982 3292 praesidet,
2025 3215 2106 3265 ac
2139 3203 2457 3289 praestat
2500 3191 3008 3290 quaerentibus

874 3314 1036 3387 fidei
1114 3313 1492 3387 veritatem
1531 3341 1567 3401 ,·
1609 3323 1687 3387 et
1733 3311 2074 3409 judicium
2127 3320 2437 3383 exercet.
2519 3309 3012 3386 Intelleximus

875 3454 1159 3529 quoque
1238 3430 1583 3528 majorem
1637 3432 1712 3504 in
1766 3431 2084 3517 modum,
2144 3425 2591 3502 Venerabiles
2655 3426 2942 3504 Fratres
2979 3482 3004 3518 ,

877 3547 1232 3644 quomodo
1288 3544 1504 3620 Vobis
1557 3546 1750 3621 cordi
1785 3545 1880 3618 sit
1914 3546 2296 3619 salutarem
2331 3544 2716 3619 catholicae
2752 3541 3008 3618 Eccle-

876 3666 1023 3741 siae
1112 3664 1509 3741 doctrinam
1596 3664 1793 3739 omni
1843 3688 2009 3738 cura
2060 3664 2434 3759 studioque
2487 3664 2838 3759 integram
2891 3662 3012 3735 in-

874 3783 1353 3881 violatamque
1407 3784 1591 3857 tueri
1648 3782 2053 3870 defendere,
2109 3804 2410 3877 eamque
2462 3781 2688 3877 magis
2726 3780 2799 3852 in
2851 3780 3007 3854 dies

870 3923 1286 3997 propagare,
1338 3913 1414 3973 et
1448 3920 1697 3973 omnes
1733 3898 2132 3995 gravissimi
2169 3896 2390 3970 vestri
2424 3894 2800 3969 ministerii
2835 3916 3012 3991 par-

874 4034 981 4093 tes
1032 4030 1320 4093 strenue
1371 4019 1881 4115 diligenterque
1933 4018 2253 4115 implere.
2312 4016 2608 4091 Summo
2684 4015 2976 4113 quidem

874 4136 1152 4234 gaudio,
1190 4135 1597 4233 laetitiaque
1652 4132 1796 4209 Nos
1848 4132 2233 4210 affecerunt
2283 4132 2685 4209 huiusmodi
2737 4130 3002 4229 egregii
