3317 5267
365 582 473 641 ter
497 590 678 665 quae
708 567 780 639 id
807 586 1202 641 memorare
1231 578 1573 663 praestat,
1593 568 1783 664 quod
1812 570 2089 665 quoties
2128 569 2241 642 vel
2267 592 2471 666 opor-

363 697 514 759 tere
565 683 675 757 vel
713 683 1027 779 expediri
1077 682 1210 757 sibi
1263 685 1497 757 ,visum
1533 683 1771 768 fuerit,
1834 678 2059 783 possit
2093 686 2463 784 Synodum

362 813 520 874 tum
576 798 1074 875 Dioecesanam
1129 812 1283 873 tum
1348 797 1855 875 provincialem
1913 826 2326 889 convocare,
2386 826 2467 875 ae

363 915 598 989 valeat
634 938 916 1013 quoque
950 918 1554 991 consecrationem
1592 918 1740 989 suis
1776 916 2093 993 conferre
2131 916 2474 1015 suffraga-

361 1037 538 1121 neiS,
596 1048 946 1131 quatenus
1002 1046 1240 1109 tamen
1279 1034 1369 1108 ab
1410 1036 1813 1131 Apostolica
1849 1034 2029 1110 Sede
2068 1038 2140 1108 in
2180 1033 2475 1109 Pontifi-

362 1155 472 1227 cio
521 1155 942 1229 concistorio
995 1155 1310 1228 solemne
1349 1157 1419 1228 in
1459 1154 1528 1228 id
1567 1156 1931 1252 assequuti
1971 1154 2232 1228 fuerint
2270 1178 2477 1251 prae-

339 1272 674 1345 conium.
737 1271 944 1343 Enim
1003 1296 1170 1346 vero
1223 1286 1388 1346 ante
1453 1273 2002 1347 consecrationis
2038 1271 2473 1369 Episcopalis

364 1394 884 1489 susceptionem
939 1392 1192 1488 cuique
1245 1394 1618 1487 candidato
1677 1392 1996 1466 Antistiti
2058 1390 2257 1466 nefas
2324 1402 2477 1465 esto

367 1530 580 1605 super
630 1510 1108 1605 praepositam
1165 1510 1551 1584 Ecclesiam
1593 1523 1669 1583 et
1705 1509 2095 1585 Dioeccsim
2138 1512 2286 1583 sive
2328 1508 2477 1581 Me·-

368 1626 790 1721 tropolitana
817 1629 914 1699 sit
938 1626 1090 1699 sive
1126 1626 1560 1723 Episcopalis
1588 1628 2010 1701 ordinariam
2046 1626 2477 1724 jurisdictio-

367 1764 534 1816 nem
562 1742 910 1817 ullatenus
946 1764 1396 1839 praesumere
1443 1744 1809 1841 multoque
1848 1746 2084 1819 minus
2120 1766 2477 1830 exercere3

365 1871 682 1933 ceterum
737 1858 1314 1955 Metropolitanus
1367 1860 1501 1933 rite
1559 1863 1925 1935 institutus
1982 1874 2057 1934 et
2108 1862 2483 1935 consecra-

373 1987 488 2051 tus
544 1975 860 2049 Antiates
912 1975 1172 2049 habeat
1207 1986 1282 2048 et
1319 1977 1552 2049 valeat
1585 2000 1915 2051 exercere
1956 1980 2101 2053 suis
2138 2002 2301 2053 cum
2340 1976 2481 2051 suf-

370 2088 717 2187 fraganeis
746 2092 862 2187 jus
897 2091 1378 2188 pertractandi
1417 2106 1490 2165 et
1516 2092 1891 2167 definiendi
1932 2105 2084 2167 tum
2142 2096 2483 2190 respecti-

370 2233 458 2282 va
515 2222 664 2283 tum
688 2304 692 2307 ἱ
720 2210 1174 2306 provincialia
1211 2212 1494 2305 negotia
1530 2209 2023 2286 Ecclesiastica
2065 2212 2483 2309 illarumque

375 2327 824 2403 Dioecesium
849 2350 1102 2401 causas
1152 2329 1241 2401 ad
1275 2352 1356 2401 se
1384 2330 1542 2424 jure
1584 2331 2077 2427 appellationis
2116 2344 2363 2427 utpote
2392 2332 2475 2402 ad

371 2444 990 2541 Metropolitanum
1060 2444 1430 2518 devolutas
1523 2458 1903 2545 ceteraque
1959 2447 2163 2543 juxta
2228 2448 2479 2521 Sacros

375 2554 694 2639 Cariones
730 2574 804 2637 et
842 2562 1277 2659 Apostolicas
1331 2562 1895 2641 constitutiones
1948 2566 2477 2663 quomodolibet

375 2682 462 2755 ad
514 2706 592 2755 se
640 2682 1067 2777 pertinentia
1121 2686 1403 2777 penitus
1455 2706 1839 2781 agnoscere
1880 2696 2093 2780 atque
2120 2683 2481 2758 definitive

371 2800 769 2873 decernere.
1948 2881 1951 2884 ,

527 2914 672 3017 lam
703 2938 872 3013 vero
899 2914 984 2986 ad
1012 2936 1274 2987 novam
1307 2912 1564 2989 Portus
1619 2914 1965 3013 Principis
1998 2916 2485 3011 Archiepisco-

365 3044 584 3166 patus
619 3030 1096 3105 fundationem
1128 3040 1628 3128 posteramque
1667 3033 2223 3107 incolumitatem
2265 3046 2337 3105 et
2376 3033 2487 3104 in·-

377 3164 818 3223 crementum
873 3159 1068 3222 ratas
1117 3159 1194 3221 et
1244 3171 1460 3245 quam
1517 3150 1903 3224 solemnius
1955 3163 2285 3247 acceptas
2335 3172 2491 3223 esse

377 3254 820 3340 decernimus
861 3290 992 3351 eas
1041 3253 1597 3341 recommendati
1639 3264 1975 3341 Gubernii
2000 3267 2280 3341 Haitani
2316 3267 2485 3339 rel—i·-

377 3388 608 3483 giosas
635 3387 1046 3484 sponsiones
1071 3388 1158 3459 ad
1185 3387 1366 3461 hanc
1385 3386 1721 3462 S.Sedem
1750 3387 2073 3465 consulto
2101 3385 2499 3486 perhibitas·

379 3505 848 3581 satisfaciendi
875 3528 1386 3605 nempeusque
1414 3508 1498 3581 ad
1529 3508 2029 3582 necessitatem
2057 3520 2131 3582 et
2158 3519 2491 3605 opportu-

361 3624 680 3697 ‘nitatem
707 3646 890 3720 quae
915 3624 988 3695 in
1014 3623 1151 3697 hoc
1177 3636 1406 3697 totum
1435 3647 1614 3720 opus
1640 3624 2118 3721 requiruntur.
2143 3624 2249 3697 lta
2278 3624 2492 3721 igitur

303 3726 308 3731 ⁶
382 3741 698 3837 diligenti
726 3764 892 3817 cura
918 3752 995 3814 et
1017 3740 1228 3837 pleno
1251 3754 1545 3839 sumptu
1581 3744 1803 3839 ipsius
1841 3742 2175 3817 Gubernii
2214 3740 2491 3815 Haitani

381 3860 704 3954 protinus
740 3868 1238 3955 comparentur
1275 3854 1813 3956 opportunaque
1866 3859 2299 3956 supellectile
2350 3856 2489 3931 de·-

385 3987 627 4050 center
653 3977 1035 4049 instructae
1057 3974 1544 4070 adsignentur,
1575 3988 2059 4074 perpetuoque
2096 3974 2521 4073 adjudicari--

386 4110 504 4169 tm·
538 4106 650 4171 tot
702 4097 874 4169 satis
926 4094 1340 4169 commodae
1393 4094 1566 4171 satis
1615 4095 1895 4191 amplae
1932 4098 2243 4193 satisque
2276 4096 2491 4169 deco-

387 4234 505 4287 rae
558 4214 766 4286 aedes
802 4222 978 4308 quot
1015 4233 1142 4304 pro
1184 4208 1701 4339 Arcbiepiscopi
1752 4235 2058 4310 congrua
2121 4211 2495 4288 residentia
