3317 5267
829 454 973 522 412

822 566 937 637 vel
990 563 1300 637 maxime
1356 578 1788 639 memoratae
1843 564 2384 665 Congregationi
2441 594 2480 644 a
2541 570 2760 647 Nobis
2813 595 2950 669 pro

827 681 1288 756 Orientalium
1344 685 1642 779 negotiis
1697 686 2064 759 institutae
2119 699 2233 759 est
2289 690 2778 764 necessarium
2857 691 2952 767 oh

824 800 1240 875 idiomatum
1268 805 1800 897 praesertim,ac
1827 806 2094 877 rituum
2127 807 2742 893 varietatem‚sine
2769 832 2952 907 qua-

824 940 984 991 rum
1012 940 1248 991 rerum
1286 920 1688 1014 cognitione
1745 944 1875 993 nec
1929 934 2338 995 accuratum
2395 925 2763 1013 iudicium,
2815 948 2950 1000 nec

822 1048 1219 1132 opportuna
1256 1036 1545 1109 consilia
1584 1037 1844 1133 suscipi
1883 1050 2210 1131 possunt.
2255 1038 2488 1135 Atque
2527 1041 2780 1117 iccirco
2819 1066 2946 1117 vo·-

823 1154 1083 1240 lumus,
1142 1167 1223 1227 ut
1272 1154 1447 1230 huic
1501 1153 2043 1253 congregationi
2099 1180 2386 1254 semper
2463 1170 2748 1254 praesto
2801 1160 2952 1233 sint

819 1273 1188 1347 sufficienti
1246 1297 1541 1349 numero
1596 1271 2049 1348 Consultores
2103 1298 2244 1349 non
2281 1277 2511 1350 solum
2553 1276 2946 1374 theologica

820 1394 1142 1480 scientia,
1203 1416 1447 1467 verum
1502 1395 1718 1466 etiam
1775 1416 2012 1469 rerum
2049 1395 2500 1469 orientalium
2537 1396 2790 1492 peritia
2829 1398 2944 1470 in·

816 1511 1093 1596 structi,
1154 1509 1449 1606 aliisque
1498 1509 1786 1583 dotibus
1841 1511 2104 1597 ornati,
2143 1512 2406 1607 quibus
2444 1513 2672 1586 eidem
2731 1510 2940 1589 Con-

816 1627 1207 1724 gregationi
1262 1626 1551 1699 utilitati
1602 1639 1680 1699 et
1717 1628 1977 1701 auxilio
2016 1650 2176 1701 esse
2213 1628 2521 1703 valeant.
2553 1626 2737 1703 Cum
2767 1654 2938 1705 vero

815 1744 1001 1817 inter
1038 1744 1319 1839 negotia
1348 1742 1929 1840 congregationis
1982 1744 2184 1817 latini
2215 1746 2418 1831 rituS,
2449 1760 2524 1819 et
2553 1746 2670 1819 illa
2697 1747 2938 1822 orien-

815 1862 977 1935 talis
1030 1864 1209 1935 ritus
1261 1877 1509 1935 mutua
1562 1864 2146 1951 communicatio,
2189 1875 2262 1937 et
2303 1865 2667 1939 vinculum
2705 1866 2936 1939 inter-

814 1980 1063 2053 cedere
1115 1980 1470 2053 interdum
1526 1982 1780 2075 possit,
1847 1990 1999 2053 tum
2053 1982 2436 2055 statuimus
2474 2004 2556 2056 ac
2607 1982 2934 2057 decerni-

812 2087 1001 2183 mus',
1056 2110 1139 2169 ut
1188 2096 1477 2171 alterius
1530 2094 2110 2193 Congregationis
2163 2096 2598 2175 Secu-etarius
2651 2100 2748 2172 sit
2813 2099 2924 2172 al-

816 2216 1035 2288 terius
1062 2213 1639 2311 Congregationis
1669 2212 2072 2289 Consultor.
2115 2214 2212 2287 Ut
2249 2228 2488 2289 autem
2518 2218 2924 2312 praedictae

814 2331 1349 2428 Congregationi
1406 2355 1775 2430 nunquam
1831 2334 2064 2407 desint
2098 2335 2257 2420 viri,
2297 2335 2418 2433 qui
2471 2334 2926 2409 orientalium

813 2450 1212 2545 linguarum
1238 2472 1616 2545 rerumque
1644 2451 1944 2523 scientia
1967 2450 2264 2547 praediti
2295 2448 2732 2525 consultoris
2761 2472 2928 2525 mu-

812 2590 945 2640 nus
996 2577 1397 2652 exerceant,
1437 2566 1808 2663 eidemque
1833 2566 2374 2664 Congregationi
2427 2568 2684 2665 quovis
2711 2570 2924 2647 modo

812 2683 1059 2757 utilem
1094 2704 1381 2777 operam
1424 2682 1838 2777 praebeant,
1873 2682 2256 2757 cardinalis
2295 2682 2706 2759 Praefectus
2732 2682 2926 2759 Con-

806 2798 1235 2898 gregationis
1314 2798 1505 2871 Fidei
1561 2797 2062 2896 Propagandae
2141 2800 2356 2875 Nobis
2389 2852 2410 2887 ,
2493 2799 2916 2899 Nostrisque

806 2913 1339 2992 Successoribus
1394 2928 1744 3011 proponet
1779 2938 1890 3002 eo,
1947 2939 2088 3011 quo
2139 2916 2285 2990 fieri
2325 2928 2588 3013 potest,
2620 2938 2920 2992 numero

806 3035 1313 3109 ecclesiasticos
1372 3036 1552 3109 viros
1605 3034 1940 3122 delectos,
1983 3060 2110 3108 seu
2149 3060 2239 3109 ex
2291 3036 2453 3122 illis,
2509 3038 2628 3133 qui
2687 3036 2918 3111 Urha-

804 3154 994 3227 niani
1048 3150 1336 3246 Collegii
1390 3150 1684 3226 suerunt
1737 3153 2036 3239 alumni,
2091 3154 2244 3227 sive
2297 3176 2388 3226 ex
2472 3154 2680 3227 variis
2720 3153 2916 3227 Reli-

805 3276 1017 3371 giosis
1070 3273 1411 3359 Famssiis,
1468 3286 1549 3347 ut
1602 3274 1907 3349 Romam
1971 3276 2340 3351 venientes
2393 3276 2628 3351 omnia
2667 3300 2909 3351 eorum

801 3394 1031 3466 studia
1082 3404 1723 3485 commemoratum
1777 3394 1850 3466 in
1901 3394 2116 3469 finem
2195 3395 2438 3471 sedulo
2515 3394 2900 3469 conferant.

798 3510 1089 3583 Interim
1142 3530 1309 3581 vero
1360 3510 1571 3583 huius
1624 3534 1852 3585 novae
1903 3511 2490 3610 congregationis
2532 3512 2910 3589 Consulto-

798 3654 911 3704 res
988 3630 1439 3704 nominamus
1522 3628 1969 3707 venerabiles
2063 3632 2344 3707 Fratres
2431 3632 2902 3709 Alexandrum

797 3747 1094 3821 Franchi
1128 3746 1748 3844 Archiepiscopum
1782 3749 2482 3826 Thessalonicensem
2508 3752 2582 3825 S.
2603 3749 2903 3847 Congre-

794 3864 1095 3961 gationis
1131 3862 1447 3959 Negotiis
1486 3862 1996 3941 Ecclesiasticis
2050 3866 2642 3943 Extraordinariis
2693 3890 2902 3965 prae-

793 3983 1065 4079 positae
1118 3980 1615 4069 Secretarium,
1656 3981 2032 4078 losephum
2089 3982 2390 4061 Cat-doni
2465 3982 2894 4081 Episcopum

789 4098 1291 4185 Caristensem‚
1330 4121 1411 4171 ac
1438 4097 1746 4173 Dilectos
1773 4098 1985 4177 Filios
2027 4100 2368 4177 Aloisium
2401 4101 2676 4175 Ferrari
2703 4101 2894 4178 Pon-

790 4216 1159 4289 tificiarum
1210 4218 1808 4291 caeremoniarum
1865 4218 2318 4293 Praefectum
2363 4270 2382 4306 ‚
2441 4218 2892 4297 Dominicum

786 4332 1127 4408 Bartolini
1179 4332 1304 4405 SS.
1366 4332 1661 4409 Rituum
1737 4334 2312 4435 Congregatiouis
2367 4336 2838 4415 Secretarium
2865 4388 2890 4423 ,
