3317 5267
882 426 1026 501 804

881 542 1090 615 nibus
1121 540 1575 637 Apostolicis,
1593 542 1977 637 privilegiis
2004 562 2283 637 quoquc
2316 494 2609 613 indultis
2634 495 3023 613 etLitteris

891 658 1306 751 Apostolicis
1333 658 1697 753 quibusvis
1726 654 2208 751 superioribus
2236 668 2311 727 et
2336 656 2656 751 personis
2692 657 2763 727 in
2802 678 3027 751 gene·

875 798 960 845 -re
985 772 1097 845 vel
1151 774 1222 845 in
1250 776 1482 869 specie
1521 776 1741 846 etiam
1784 774 1919 845 sub
1955 772 2515 869 quibuscumque
2544 772 2911 846 tenoribus
2936 781 3021 844 et

875 888 1156 977 formis,
1211 914 1293 964 ac
1345 914 1508 963 cum
1559 890 1929 988 quibusvis
1984 892 2199 963 etiam
2236 888 2839 985 derogatoriarum
2878 890 3015 961 de-

885 1008 1276 1103 rogatoriis,
1331 1008 1622 1104 aliisque
1674 1006 2177 1081 efficacioribus
2228 1018 2304 1078 et
2364 1004 2865 1078 efficacissimis
2928 1028 3015 1079 ac

885 1145 1048 1197 cum
1099 1123 1322 1199 solitis
1371 1124 1697 1197 clausulis
1735 1122 2344 1217 irritantibusque,
2388 1133 2463 1194 et
2498 1121 2652 1194 aliis
2688 1118 3013 1195 Decretis

881 1242 1102 1313 etiam
1157 1254 1384 1329 motu,
1439 1242 1733 1315 scientia
1786 1254 1861 1313 et
1912 1240 2295 1336 potestatis
2331 1238 2765 1339 plenitudine
2818 1240 3017 1311 simi·

882 1356 1067 1431 libus
1119 1381 1200 1429 ac
1235 1358 1448 1430 etiam
1487 1356 2070 1430 consistorialiter
2102 1378 2231 1428 seu
2266 1354 2437 1426 alias
2464 1354 2536 1425 in
2572 1355 3013 1426 contrarium

881 1476 1432 1570 praemissorum
1485 1474 2015 1571 quomodolibet
2062 1473 2298 1547 forsan
2354 1472 2709 1545 concessis
2746 1494 3015 1567 appro-

875 1590 1098 1676 batis»,
1127 1590 1557 1665 confirmatis
1585 1603 1658 1663 et
1686 1592 2061 1689 innovatis,
2101 1588 2357 1686 quihus
2382 1585 2715 1660 omnibus
2748 1600 2827 1659 et
2858 1588 3015 1660 sin-

886 1710 1070 1805 gulis
1121 1708 1398 1783 etiamsi
1451 1731 1578 1805 pro
1631 1707 1915 1782 illorum
1968 1704 2341 1781 sufficienti
2394 1704 2481 1777 de
2532 1703 2667 1775 illis
2720 1728 3015 1779 eomm-

891 1849 1030 1921 que
1091 1829 1259 1900 totis
1317 1826 1683 1900 tenoribus
1746 1826 2091 1921 specialis,
2135 1826 2484 1918 specifica,
2540 1846 2877 1923 expressa
2938 1834 3013 1896 et

891 1942 1270 2033 individua,
1301 1943 1440 2019 non
1469 1954 1709 2018 autem
1740 1966 1865 2039 pei·
1890 1942 2237 2017 clausulas
2266 1946 2627 2041 generales
2654 1945 2843 2018 idem
2882 1943 3011 2013 im·

885 2070 1256 2155 portantes
1283 2062 1576 2148 mentio,
1607 2084 1733 2133 seu
1761 2062 2053 2157 quaevis
2088 2062 2223 2135 alia
2250 2062 2613 2158 expressio
2648 2059 3001 2144 habenda,

889 2190 1036 2251 aut·
1063 2180 1293 2274 aliqua
1345 2179 1477 2250 alia
1531 2178 1883 2273 exquisita
1936 2176 2159 2251 forma
2200 2182 2287 2253 ad
2324 2180 2459 2253 hoo
2494 2176 2839 2251 servanda
2892 2174 3007 2248 fo-

890 2306 1026 2379 ret,
1059 2308 1336 2369 tenores
1373 2294 1801 2380 huiusmodi,
1832 2318 1913 2369 ac
1938 2297 1999 2367 si
2028 2294 2123 2367 'de
2160 2295 2381 2371 verbo
2416 2296 2504 2369 ad
2546 2294 2865 2381 verbum,
2906 2291 3007 2365 nil

891 2416 1172 2511 penitus
1225 2417 1514 2499 omisso,
1551 2427 1630 2485 et
1682 2414 1909 2487 forma
1965 2416 2035 2485 in
2090 2415 2225 2487 illis
2282 2416 2539 2488 tradita
2600 2414 3003 2499 observata,

871 2531 1134 2605 inserti
1186 2530 1424 2603 sor-ent
1473 2532 1740 2604 eisdem
1796 2530 2283 2626 praesentibus
2322 2555 2446 2626 pro
2482 2532 2688 2626 plene
2724 2541 2803 2603 et
2854 2528 3007 2602 suf·

875 2639 1208 2720 'ficientes
1257 2650 1608 2744 expressis
1664 2648 2010 2721 habentes
2060 2646 2195 2719 illis
2256 2648 2427 2721 alias
2480 2648 2551 2719 in
2586 2672 2716 2721 suo
2752 2646 3005 2721 robore

893 2766 1370 2859 permansuris
1422 2766 1767 2838 latissime
1821 2776 1895 2836 et
1944 2762 2381 2861 amplissime
2458 2786 2541 2837 ac
2600 2763 3001 2859 specialiter

880 2886 980 2953 οι·
1027 2894 1358 2976 expresse
1419 2883 1502 2953 ad
1577 2880 1905 2954 effectum
1963 2881 2438 2977 praesentium
2492 2892 2567 2955 et
2620 2878 3003 2953 validitatis

876 2990 1210 3077 omnium
1247 2988 1322 3069 et
1355 2996 1793 3092 singulorum
1832 2998 2383 3090 praemissorum
2422 2996 2555 3069 hac
2590 2996 2747 3068 vice
2797 2996 3001 3067 dnm-

875 3126 1088 3189 ·taxat
1139 3128 1365 3201 motu,
1421 3116 1713 3190 scientia
1764 3129 1839 3189 et
1890 3118 2263 3210 potestatis
2316 3115 2753 3210 plenitudine
2792 3114 3003 3210 pari-

879 3234 1024 3309 hus
1073 3236 1324 3309 harum
1377 3257 1656 3333 quoque
1710 3236 1891 3309 se1ie
1924 3236 2343 3331 derogamus
2392 3235 2789 3331 ceterisque
2822 3258 2999 3310 con-

877 3352 1126 3425 tranis
1175 3354 1764 3449 quibuscumque.

884 3498 893 3505 ·
937 3508 946 3519 ·
1047 3468 1406 3544 Volumus
1421 3484 1661 3543 autem
1691 3472 1877 3567 quod
1906 3474 2135 3545 dietus
2166 3471 2453 3545 Praesul
2480 3472 2819 3547 Martialis
2845 3472 2997 3546 Ma-

893 3587 1021 3672 ria,
1061 3586 1302 3661 eiusve
1333 3582 1851 3684 subdelegatus
1886 3612 2014 3662 sex
2051 3590 2236 3663 inu-a
2272 3609 2557 3663 menses
2592 3590 2681 3663 ab
2716 3592 3005 3686 expleta

877 3704 1305 3778 ‘earumdem
1381 3706 1863 3799 praesentium
1951 3709 2435 3803 exequutione
2512 3708 3001 3781 authenticum

861 3812 1252 3913 vexemplar
1269 3812 1693 3915 quorumvis
1712 3818 2202 3911 Deci-storum,
2231 3823 2411 3919 quae
2444 3824 2532 3896 ad
2558 3846 2736 3920 opus
2764 3824 2999 3920 hujus-

867 3933 1082 4012 ·modi
1115 3928 1400 4012 ferenda
1421 3938 1717 4026 fuerint,
1756 3940 1843 4013 ad
1882 3936 2063 4014 hanc
2100 3941 2175 4017 S.
2220 3937 2475 4015 Sedem
2516 3945 2996 4017 transmittere

886 4046 1216 4129 teneatur
1251 4074 1306 4143 ,·
1355 4070 1435 4131 nt
1499 4058 1793 4131 insimul
1870 4058 1945 4129 in·
2014 4052 2341 4133 Ambivio
2418 4058 2999 4157 Congregationis

871 4171 1410 4249 ·Vcnerahilium
1465 4176 1681 4249 etiam
1740 4174 2067 4251 Fratrum
2134 4176 2550 4253 Nostrorum
2630 4178 2705 4250 S.
2772 4178 2856 4250 R.
2910 4176 2993 4253 Ε.
