3317 5267
869 422 1014 491 486

865 545 1388 610 sacramentum
1441 531 1783 627 suscepit.
1820 530 1954 606 Ubi
2004 533 2307 608 fratrum
2334 529 2685 606 Minorum
2716 531 2783 604 in
2834 555 3003 604 car-

862 673 1096 724 cerem
1149 649 1661 746 conjectionem
1714 649 2009 738 audivit,
2066 673 2143 726 se
2216 649 2303 722 ad
2374 658 2665 722 sanctae
2714 647 2997 722 Mariae

861 769 1276 844 coenobium
1306 765 1630 854 contulit,
1645 787 1891 840 eorum
1920 767 2213 842 vinculis
2242 765 2625 862 constringi
2652 765 2989 861 cupiens.

864 882 988 957 Bis
1041 895 1256 980 atque
1308 885 1599 969 iterum,
1655 882 1778 956 sed
1830 880 2095 956 frustra
2148 905 2225 956 se
2276 880 2744 954 christianum
2810 904 2997 976 pro-

863 999 1094 1074 fessus
1149 1014 1285 1074 est.
1341 998 1652 1090 Questus
1704 1023 1781 1074 se
1825 1023 1965 1075 non
2004 1021 2211 1096 posse
2283 1023 2409 1096 pro
2445 996 2729 1072 Christo
2790 1001 2993 1072 mori

854 1117 1184 1214 lacrymis
1235 1116 1685 1192 obruebatur.
1746 1115 2049 1191 Adeunti
2103 1115 2317 1190 Petro
2350 1115 2745 1212 Sequexein
2777 1167 2796 1200 ‚
2850 1119 2987 1211 qui

858 1234 944 1305 ad
997 1245 1344 1329 martyres
1397 1232 1723 1308 solandos
1771 1234 2031 1308 missus
2086 1231 2325 1332 fuerat·
2364 1255 2405 1304 a
2460 1243 2661 1326 patre
2696 1229 2993 1328 Organ-

867 1348 1018 1422 tino
1072 1348 1444 1422 Societatis
1499 1347 1717 1434 Jesu„
1736 1371 1814 1422 se
1851 1349 2198 1444 adjunxit.
2244 1347 2407 1422 Voti
2434 1369 2725 1443 compos
2760 1347 2989 1422 fidem

855 1485 1058 1536 suam
1111 1464 1398 1562 proprio
1449 1464 1793 1560 sanguine
1846 1465 2323 1538 confirmavit.

1006 1580 1069 1674 §-
1129 1583 1258 1654 32.
1311 1580 1396 1653 Hi
1453 1603 1702 1655 omnes
1734 1633 1753 1668 ,
1812 1583 2128 1678 exceptis
2183 1579 2393 1656 Petro
2448 1579 2845 1679 Sequexein
2903 1597 2991 1656 et

851 1695 1222 1770 Francisco
1277 1695 1665 1770 Fahelante
1696 1747 1716 1781 ,
1794 1699 1915 1793 qui
1978 1721 2055 1770 se
2104 1697 2356 1772 deinde
2409 1697 2547 1770 inis
2610 1699 2679 1770 in
2718 1699 2983 1772 itinere

846 1813 1288 1900 addiderunt,
1344 1813 1672 1887 manibus
1735 1824 1899 1908 post
1973 1827 2169 1909 terga
2224 1815 2559 1888 revinctis
2614 1815 2700 1890 ad
2754 1817 2989 1910 majo-

737 1974 742 1980 ·
851 1953 1000 2004 rem
1053 1930 1273 2004 Meaci
1327 1931 1635 2027 plateam
1674 1931 1957 2004 deducti
2022 1944 2244 2017 sunt3
2328 1931 2763 2030 singulisque
2828 1931 2982 2004 ab-

845 2048 1062 2120 scissa
1099 2058 1209 2120 est
1284 2070 1447 2144 pars
1485 2047 1674 2122 auris
1726 2047 2079 2134 sinistrae,
2118 2046 2371 2120 deinde
2428 2049 2607 2122 terni
2636 2049 2994 2144 plaustris

843 2165 1159 2262 impositi
1213 2175 1439 2237 totam
1496 2165 1745 2238 urbem
1798 2164 2242 2249 circumiere,
2301 2177 2689 2261 antequam
2728 2188 2979 2238 carce·-

843 2303 996 2354 rem
1051 2281 1308 2354 iterum
1362 2283 1927 2377 ingrederentur.
2010 2279 2201 2354 Haec
2278 2285 2681 2356 sententiae
2744 2281 2977 2356 forma

843 2409 1027 2485 erat,
1078 2421 1260 2494 quae
1314 2399 1401 2472 ad
1453 2400 1918 2493 ignominiam
1973 2399 2369 2494 augendam
2402 2451 2425 2485 ,
2482 2413 2558 2472 et
2628 2400 2717 2474 ad
2796 2401 2975 2474 alios

841 2517 1334 2612 perterrendos
1390 2530 1751 2613 martyres
1804 2517 2295 2614 praecedebat.
2349 2545 2382 2588 (ι
2426 2515 2604 2607 Quia
2658 2520 2777 2592 isti
2832 2521 2975 2594 huc

839 2656 879 2706 e
935 2631 1352 2728 Philippinis
1381 2635 1669 2706 nomine
1706 2635 2101 2729 legatorum
2140 2633 2437 2730 profecti
2510 2635 2741 2732 legem
2780 2637 2973 2710 chri-

839 2751 1150 2824 stianam
1203 2773 1244 2822 a
1297 2749 1500 2824 nobis
1551 2752 1983 2847 prohibitam
2020 2755 2541 2848 praedicarunt,
2582 2777 2665 2828 ac
2696 2753 2969 2849 templa

841 2867 1300 2942 aedificarunt
1351 2869 1614 2943 nostris
1667 2869 2025 2943 beneflciis
2076 2869 2307 2956 abusi,
2372 2870 2716 2965 supplicio
2806 2870 2969 2944 illos

839 2985 1014 3059 affici
1066 2984 1400 3081 jubemus
1435 3009 1600 3060 cum
1632 2984 2049 3084 Japonibus‚
2090 2988 2211 3084 qui
2250 3011 2449 3061 sacra
2503 2989 2822 3084 ipsorum
2851 3013 2970 3063 su-

833 3125 1145 3198 scepere.
1187 3101 1434 3199 ltaque
1487 3104 1558 3176 in
1594 3127 1881 3179 crucem
1924 3104 2263 3178 tollantur
2289 3103 2785 3200 Nangasacbii.
2818 3105 2967 3180 lte-

831 3241 990 3292 rum
1042 3219 1368 3292 eamdem
1419 3220 1649 3314 legem
1688 3243 1935 3294 severe
1963 3219 2333 3315 prohibeo,
2373 3221 2584 3316 idque
2622 3223 2959 3298 omnibus

832 3345 1176 3407 testatum
1230 3333 1414 3408 volo.
1474 3333 1608 3424 Qui
1685 3360 1889 3410 secus
1944 3335 2153 3424 faxit,
2210 3361 2373 3410 cum
2458 3349 2610 3412 tota
2690 3337 2961 3413 familia

831 3451 1200 3547 plectatur.
1260 3449 1390 3525 Die
1445 3451 1571 3526 XX
1642 3455 1851 3530 lunae
1926 3455 2055 3528 ΧΠ
2138 3456 2304 3527 anni
2366 3456 2625 3529 aetatis
2706 3457 2957 3554 appel-

827 3567 1012 3640 latae
1061 3567 1378 3642 Eviocho
1417 3594 1483 3640 ».

983 3684 1045 3776 3.
1109 3685 1232 3756 33.
1290 3682 1582 3758 Postera
1636 3685 1817 3775 luce,
1874 3686 1971 3759 ΠΙ
2023 3710 2246 3762 nonas
2302 3689 2629 3784 Januarii‚
2672 3702 2956 3788 marty-

823 3822 984 3874 rum
1036 3799 1287 3874 cohors
1335 3800 1683 3894 jumentis
1737 3803 2022 3900 alligata
2100 3805 2402 3879 Ozacam
2456 3807 2758 3882 deducta
2836 3821 2953 3881 est

827 3918 1144 3990 terrestri
1197 3918 1446 3990 itinere
1501 3918 1691 3991 inter
1743 3918 2045 3993 furentis
2100 3921 2325 4018 plebis
2376 3922 2675 3995 ludibria
2728 3935 2948 4018 atque

818 4035 1226 4109 cachinnos.
1287 4035 1612 4131 Sacajum
1669 4038 1875 4133 petit,
1934 4038 2293 4136 Nangojae
2346 4039 2565 4126 sistit,
2622 4039 2742 4112 ubi
2809 4037 2949 4113 Fa·-

821 4151 1200 4229 zamburus
1257 4154 1695 4243 morabatur,
1753 4156 1873 4252 qui
1930 4155 2491 4253 Nangasachium
2528 4179 2752 4253 usque
2780 4179 2947 4231 cum
