3317 5267
811 448 960 519 308

812 583 998 643 mus,
1041 570 1122 631 ut
1159 553 1558 630 Christiana
1614 552 1811 647 plebs
1848 574 1991 649 qua
2027 552 2275 650 majori
2314 554 2535 649 possit
2588 554 2943 631 sollicitu-

808 679 969 752 dine
1005 686 1080 747 et
1111 673 1481 767 vigilantia
1513 670 1892 749 sufficienti
1933 669 2306 745 Pastorum
2344 694 2641 747 numero
2670 672 2939 769 ubique

811 804 1120 887 regatur,
1176 802 1544 883 susceptas
1573 787 1687 863 ab
1740 786 1953 863 effato
2004 786 2367 863 Gubernio
2418 790 2941 886 postulationes

812 910 900 981 ad
935 908 1212 985 illorum
1254 903 1831 980 Christifidelium
1864 904 2329 981 sublevandas
2362 906 2765 1002 spirituales
2802 930 2941 979 ue-

815 1024 1212 1109 cessitates,
1253 1021 1568 1117 adeoque
1609 1021 1695 1094 ad
1734 1020 2054 1094 uberiora
2092 1023 2500 1096 earumdem
2537 1026 2945 1097 animarum

813 1140 996 1216 bona
1050 1150 1129 1212 et
1179 1138 1592 1233 adjumenta
1625 1138 1853 1232 magis
1890 1140 2359 1232 comparanda
2396 1140 2775 1213 tendentes
2809 1140 2945 1213 be-
3020 1196 3031 1205 .

819 1259 1033 1353 uigno
1085 1256 1330 1331 favore
1380 1256 1717 1353 prosequi
1770 1256 2118 1341 volentes,
2158 1280 2241 1329 ac
2290 1258 2363 1329 in
2414 1258 2537 1339 eis,
2570 1270 2949 1331 contentas

817 1376 1128 1471 aliasque
1165 1373 1388 1468 ipsius
1424 1370 1761 1448 Gubernii
1800 1372 2347 1448 deliberationes
2384 1386 2460 1447 et
2494 1376 2955 1447 confirmatas

821 1492 1054 1589 quoad
1107 1514 1288 1585 opus
1341 1501 1453 1565 est
1505 1491 1925 1585 sponsiones
1958 1504 2315 1585 acceptas,
2347 1502 2675 1587 ratasque
2712 1491 2955 1565 invio-

821 1609 1124 1683 labiliter
1175 1606 1552 1712 habentteS,
1610 1630 1741 1681 nec
1769 1630 1909 1679 non
1940 1608 2292 1694 omnium,
2332 1620 2407 1681 et
2434 1630 2951 1703 quorumcum-

825 1746 964 1820 que
1018 1723 1090 1795 in
1143 1722 1562 1817 hujusmodi
1617 1723 1909 1817 negocio
1962 1723 2307 1797 interesse
2356 1720 2802 1806 habentium,
2834 1724 2949 1797 vel

741 1910 746 1916 .
819 1840 1354 1938 quomodolibet
1407 1839 1669 1915 habere
1732 1840 2341 1934 praesumentium
2412 1841 2785 1914 consensui
2862 1864 2953 1914 ex

825 1983 1156 2056 suprema
1195 1961 1266 2033 in
1305 1960 1618 2051 singulas
1657 1958 2011 2033 Eoolesias
2062 1959 2485 2033 auctoritate
2551 1958 2954 2054 Apostolica

826 2102 1040 2176 quam
1095 2080 1368 2175 plenius
1423 2079 1679 2151 barum
1734 2080 1943 2164 serie,
2000 2090 2351 2175 quatenus
2404 2090 2583 2173 opus·
2616 2080 2739 2165 sit,
2780 2102 2957 2175 sup-

835 2195 1138 2289 pientes,
1167 2219 1564 2295 omnesque
1589 2206 1672 2269 et
1694 2196 2007 2291 singulos
2042 2194 2299 2292 quibus
2330 2195 2464 2267 hae
2490 2194 2789 2269 Nostrae
2816 2194 2957 2268 Lit-

837 2324 1035 2385 terae·
1077 2313 1319 2387 favent
1347 2338 1386 2387 a
1417 2313 1791 2409 quibusvis
1844 2313 2625 2399 excommunicationi&
2652 2336 2961 2409 suspen-

843 2429 1088 2515 sionis,
1129 2444 1204 2501 et
1235 2430 1626 2514 interdicti,
1664 2429 1954 2525 aliisque
2008 2430 2499 2503 ecclesiasticis
2552 2432 2957 2516 sententiiS,

838 2548 1186 2633 censuris,
1243 2560 1318 2621 et
1364 2550 1612 2643 poenis
1664 2549 1723 2619 si
1776 2547 2032 2643 quibus
2066 2549 2597 2643 quomodolibet
2644 2550 2961 2623 inmodati

837 2665 1210 2751 existunt,
1263 2666 1348 2739 ad
1413 2664 1749 2739 effectum
1813 2668 2297 2762 praesentium
2358 2678 2640 2739 tantum
2706 2690 2962 2741 conse-

841 2782 1232 2879 quendum,
1289 2782 1542 2855 harum
1581 2784 1761 2856 serie
1800 2768 2273 2868 absolventeS,
2309 2796 2387 2857 et
2423 2784 2781 2858 absolutos
2808 2782 2957 2857 fore

844 2911 1242 2986 censentes,
1303 2900 1578 2973 cunetis
1611 2922 1795 2995 quae
1832 2900 2261 2995 inspicienda
2288 2913 2489 2973 erant
2520 2914 2801 2974 matura
2832 2901 2963 2973 de-

841 3016 1256 3093 liberatione
1285 3018 1675 3112 perpensis,
1710 3029 1925 3091 motu·
1942 3017 2254 3112 proprio,
2286 3031 2476 3091 etex
2514 3030 2705 3091 certa
2734 3020 2965 3093 seien-

845 3134 942 3205 tia
1006 3134 1232 3229 deque
1285 3133 1735 3228 Apostolioae
1806 3134 2181 3227 potcstatis
2233 3134 2667 3228 plenitudiue
2734 3147 2961 3209 totum

855 3249 1052 3324 illurn
1089 3248 1594 3345 provincialem
1633 3250 2004 3334 circulum,
2031 3250 2151 3345 qui
2208 3252 2577 3323 vernacule
2622 3280 2656 3323 α
2698 3250 2971 3347 Deper-

853 3380 1128 3443 tement
1171 3368 1268 3441 du
1301 3368 1432 3441 'sud
1467 3392 1500 3437 »
1545 3378 2017 3461 nuncupatur,
2056 3368 2317 3464 quique
2350 3370 2767 3463 praesertim
2794 3372 2969 3445 haec

853 3486 1171 3559 eontinet
1229 3482 1420 3557 Loca
1479 3506 1607 3557 seu
1672 3481 2035 3558 Paroecias
2074 3536 2095 3569 ‚
2154 3486 2479 3557 videlieet
2526 3522 2577 3538 -
2630 3482 2861 3583 Cayes
2918 3524 2969 3539 -·

857 3602 1136 3676 Forbek
1187 3642 1238 3655 -
1293 3600 1725 3675 Port-Salut
1769 3639 1823 3655 -·
1876 3600 2197 3676 Coteaux
2232 3641 2285 3655 -
2324 3601 2881 3678 Chardonnicres
2926 3646 2971 3661 -

855 3722 1158 3818 Aquiw-
1191 3720 1391 3793 Saint
1427 3717 1640 3795 Leuis
1692 3722 1789 3795 du
1840 3720 1983 3795 Sud
2034 3760 2077 3775 -
2128 3718 2483 3795 Cavaillon
2520 3764 2561 3777 -
2612 3722 2973 3797 Feremie-

858 3836 1092 3913 Postel
1142 3878 1184 3892 -
1233 3835 1462 3913 Coruil
1515 3877 1554 3891 -
1612 3838 1933 3914 Abricots
1966 3878 2007 3891 —
2042 3836 2405 3911 Dalmat-ie-
2446 3838 2635 3911 Ause
2684 3837 2973 3912 d'Hain-

856 3959 1004 4031 ault
1052 3998 1094 4015 -
1147 3959 1456 4035 Fibumn
1509 3998 1551 4013 -·
1603 3959 2001 4055 Miragoane
2051 3998 2093 4012 -
2141 3958 2341 4031 Saint
2390 3956 2647 4032 Michel
2694 3960 2791 4032 du
2826 3958 2968 4035 Sud

855 4097 1132 4151 annexu
1184 4106 1246 4133 -·
1277 4076 1516 4151 &tite
1573 4077 1853 4149 Riviere
1904 4077 1991 4149 de
2047 4074 2307 4171 Nippes
2342 4116 2371 4129 -
2418 4076 2605 4149 Anse
2636 4079 2681 4147 a
2746 4076 2973 4151 Venu-

859 4194 1054 4269 Petit
1109 4196 1288 4271 Fron
1341 4199 1468 4272 des
1505 4196 1907 4271 Baradieres
1944 4238 1983 4251 -
2020 4209 2233 4295 atque
2272 4198 2445 4271 adeo
2485 4220 2807 4295 quaeque
2844 4222 2976 4294 op-
