3317 5267
869 448 957 519 58
1444 500 1454 507 .

859 560 1186 657 spiciant,
1243 558 1332 635 ab
1381 558 1787 658 Episcopali
1837 557 2327 659 Popayanensi
2382 558 2817 637 Cancellaria
2864 582 2990 637 ac-
3058 556 3063 560 ’

863 686 1103 751 curate
1151 677 1656 774 disquirantur,
1736 688 2217 766 secernantur,
2272 688 2349 751 et
2398 681 2485 754 ad
2538 694 2989 777 posterorum

865 816 1386 893 quamcumque
1437 795 2045 891 opportunitatem
2097 797 2170 869 in
2199 794 2713 893 Pastopolitani
2766 798 2987 873 Prae·—

861 908 1032 983 sulis
1061 908 1486 983 Cancellaria
1511 909 1807 985 fideliter
1830 911 2288 999 collocentur,
2319 924 2803 1011 perpetuoque
2832 936 2989 987 ser-

863 1038 1150 1103 ventur.

1016 1143 1122 1217 De
1174 1142 1534 1240 Episcopi,
1565 1145 1668 1220 uti
1726 1169 1854 1242 par
1902 1158 2041 1235 est,
2094 1147 2387 1235 Senatu,
2426 1171 2555 1223 seu
2589 1149 2677 1222 de
2734 1146 2991 1221 Cathe·

861 1262 1073 1337 dralis
1101 1260 1405 1359 Capituli
1441 1264 1793 1339 erectione
1822 1275 1895 1337 et
1928 1262 2155 1338 forma
2188 1266 2610 1362 quandoque
2664 1263 2991 1339 facienda

865 1394 1034 1454 tunc
1086 1382 1266 1455 ratio
1317 1379 1717 1469 habebitur,
1746 1404 1909 1456 cum
1946 1379 2042 1454 ab
2088 1383 2224 1457 hac
2274 1382 2533 1457 Sancta
2588 1380 2990 1478 Apostolica

861 1496 1040 1571 Sede
1074 1497 1396 1572 omnium
1433 1496 2113 1593 Neogronatensium
2150 1496 2675 1573 Cathedralium
2706 1494 2991 1595 Capitu-

861 1614 1090 1687 lorum
1126 1612 1472 1687 ordinatio
1509 1612 1658 1701 fiet,
1699 1636 2091 1711 eorumque
2129 1615 2353 1689 statui
2386 1615 2799 1691 concinnius
2852 1625 2994 1687 sta-

864 1729 1238 1827 biliterque
1296 1729 1817 1825 providebitur.
1894 1728 2495 1807 Commendamus
2548 1732 2862 1819 interim,
2914 1742 2994 1803 et

877 1847 1480 1946 Pastopolitanum
1517 1848 1977 1945 Municipium
2007 1853 2468 1925 vehementer
2494 1873 2853 1947 rogamuS,
2882 1860 2993 1939 ut,

863 1987 1024 2038 cum
1073 1964 1222 2061 jam
1277 1988 1620 2061 sponsum
1674 1975 1786 2039 est
1817 2018 1838 2052 ,
1906 1968 2345 2042 necessariae
2400 1966 2625 2040 Aedes
2678 1968 2997 2063 satisque

864 2081 1183 2169 idoneae,
1237 2092 1312 2154 et
1361 2092 1712 2177 quantum
1782 2081 1933 2155 fieri
1985 2093 2225 2178 potest
2304 2080 2707 2158 Cathedrali
2760 2080 2999 2155 Eccle-

863 2198 1008 2273 siae
1065 2199 1431 2273 viciniores
1456 2222 1586 2295 pro
1613 2200 1893 2273 decenti
1932 2199 2443 2297 Pastopolitani
2470 2200 2831 2273 Antistitis
2864 2198 2999 2271 ha-

861 2315 1232 2404 bitatione,
1288 2317 1580 2415 ejusque
1635 2316 2131 2394 Ecclesiastica
2181 2317 2389 2393 Curia
2442 2330 2517 2393 et
2568 2316 3001 2391 Cancellaria

864 2457 1080 2531 quam
1119 2435 1424 2532 primum
1453 2448 1982 2533 comparentur,
2024 2452 2389 2526 ornentur,
2428 2437 2790 2533 liberoque
2828 2458 2997 2511 cum

865 2550 1180 2628 dominio
1206 2568 1550 2651 perpetuo
1576 2555 1741 2629 huic
1768 2554 2121 2652 Episcopo
2141 2556 2433 2653 eiusque
2460 2552 2999 2629 Successoribus

778 2679 785 2686 ’
863 2670 1388 2745 constituantur
1439 2684 1654 2768 atque
1712 2671 2226 2767 adjudicentur.
2268 2670 2473 2761 Quod
2524 2673 2585 2745 si
2639 2678 2999 2767 nequeant

861 2793 1044 2868 illico
1097 2795 1168 2867 in
1219 2806 1558 2891 promptu
1631 2795 1919 2882 habere,
2010 2807 2225 2892 atque
2276 2796 2452 2870 adeo
2512 2816 2633 2869 eas
2706 2793 2999 2867 interim

867 2911 1254 2987 conducere
1289 2924 1639 3008 oporteat,
1680 2911 2291 3008 Pastopolitanum
2344 2911 2807 3006 Municipium
2858 2909 3001 2983 hu-

858 3030 970 3103 ius
1017 3029 1384 3105 locationis
1460 3044 1536 3105 et
1605 3032 2095 3107 conductionis
2148 3032 2459 3128 pretium
2530 3028 3000 3125 suppeditan-

865 3154 1062 3241 dum,
1101 3154 1536 3250 singulisque
1572 3153 1777 3226 annis
1830 3156 2115 3247 penitus
2172 3152 2589 3226 solvendum
2642 3150 2943 3225 curabit.

1021 3270 1116 3345 Ut
1157 3296 1324 3347 vero
1376 3269 1885 3347 Dioecesanum
1942 3270 2443 3357 Seminarium,
2476 3272 2565 3345 ad
2614 3272 2841 3343 instar
2892 3292 3002 3343 ce·

869 3403 1182 3465 terarum
1218 3387 1664 3465 Dioecesium
1692 3410 2043 3476 normam,
2083 3389 2281 3461 iuxta
2316 3388 2493 3462 sacri
2521 3385 2811 3463 Concilii
2840 3384 3003 3459 Tri-

863 3508 1135 3583 dentini
1184 3507 1638 3603 praescripta,
1678 3508 1749 3579 in
1802 3507 1937 3579 hac
1986 3526 2175 3579 nova
2228 3502 2546 3579 Dioecesi
2599 3501 3001 3598 Pastopoli-

865 3636 1030 3699 tana
1107 3625 1416 3719 erigatur
1444 3674 1465 3709 ,
1543 3622 1948 3717 Apostolico
2014 3622 2269 3695 harum
2320 3619 2751 3695 Litterarum
2805 3617 3002 3693 Exe-

861 3743 1144 3842 quutori
1197 3741 1484 3816 inferius
1539 3740 1973 3817 nominando
2026 3741 2477 3828 mandamus,
2530 3752 2615 3813 ut
2665 3737 2999 3835 prudenti

860 3862 1122 3958 judicio
1175 3882 1266 3933 ex
1316 3859 1416 3933 eis
1464 3858 1636 3932 locis
1694 3859 1884 3933 ultro
1940 3880 1981 3931 a
2036 3855 2567 3954 Pastopolitano
2620 3853 3002 3950 Municipio

861 3980 934 4052 in
987 3978 1170 4051 hanc
1221 3998 1371 4050 rem
1433 3975 1690 4051 oblatis
1766 3976 1967 4050 illum
2034 3976 2409 4073 praecipue
2464 3974 2742 4071 seligat,
2798 3984 2877 4046 et
2924 3971 3001 4045 in

864 4095 1518 4170 Ecclesiasticorum
1553 4092 2013 4172 Alumnorum
2050 4090 2527 4172 Seminarium
2576 4091 2997 4177 constituat,
