3317 5267
2242 424 2389 497 283

277 537 396 624 tia,
452 536 910 631 omniumque
961 534 1294 610 vitiorum
1329 544 1406 607 et
1440 557 1755 609 errorum
1808 535 2196 632 impunitas
2232 562 2393 615 ma·-

279 654 496 729 iorem
546 656 620 726 in
673 654 968 727 modum
1016 651 1300 726 fovetur
1331 704 1352 739 ‚
1405 662 1838 749 propagatur
1876 704 1897 741 ,
1952 676 2035 727 ac
2086 678 2393 751 promo-

279 784 504 847 vetur.
549 770 774 845 Nemo
811 792 978 843 vero
1013 792 1155 843 non
1195 768 1392 842 videt
1428 790 1644 865 quam
1696 770 2017 844 luctuosa
2067 773 2391 847 omnium

276 887 780 973 calamitatum,
843 885 1217 972 scelerum,
1272 896 1348 957 et
1407 886 1789 960 exitiorum
1842 887 2059 962 series
2112 911 2203 962 ex
2254 889 2391 965 hoc

278 1013 476 1077 tanto
527 1004 788 1099 impiae
841 1001 1239 1076 rebellionis
1290 1002 1614 1077 incendio
1666 1002 1740 1075 in
1792 1004 2124 1077 miseram
2186 1028 2393 1102 prae-

279 1122 522 1195 sertim
573 1120 848 1193 Italiam
901 1118 1422 1193 redundaverit.
1479 1117 1797 1207 Etenim,
1839 1131 1947 1200 ,ut
1994 1117 2392 1218 Prophetae

277 1237 509 1311 verbis
560 1249 868 1323 utamur,
931 1264 964 1307 «
997 1236 1478 1325 maledictum,
1536 1249 1602 1308 et
1645 1236 2129 1327 mendacium,
2166 1252 2233 1311 et
2266 1238 2397 1313 ho·-

287 1380 320 1425 »
381 1352 780 1443 micidium‚
821 1368 885 1427 et
919 1354 1228 1452 furtum,
1260 1368 1324 1427 et
1351 1353 1791 1429 adulterium
1826 1355 2389 1447 inundaverunt,

285 1496 318 1543 n
379 1487 446 1545 et
495 1473 796 1569 sanquis
831 1470 1258 1567 sanquinem
1307 1472 1532 1569 tetiqit
1566 1498 1598 1543 >v
1647 1468 1777 1571 (1).
1815 1471 2071 1547 Horret
2105 1474 2393 1571 quidem

276 1588 676 1687 refugitque
711 1589 950 1665 dolore
987 1591 1296 1679 animus,
1351 1601 1427 1665 et
1477 1612 2037 1667 commemorare
2070 1592 2397 1669 reformi-

275 1708 426 1796 dat,
479 1708 682 1804 plura
733 1708 806 1781 in
860 1706 1320 1803 Neapolitano
1373 1708 1622 1805 Regno
1676 1710 1936 1806 oppida
1985 1710 2271 1785 incensa
2322 1724 2401 1787 et

276 1824 428 1900 solo
479 1836 806 1921 aequata,
863 1837 936 1899 et
988 1824 1532 1900 innumerabiles
1567 1849 1819 1923 prope,
1862 1827 2399 1925 integerrimos-

279 1966 422 2041 que
475 1942 890 2017 Sacerdotes
941 1943 1472 2041 Religiososque
1510 1945 1730 2032 viros,
1786 1956 1863 2019 et
1913 1947 2254 2045 cuiusque
2289 1970 2401 2021 ae-

279 2060 480 2148 tatis,
529 2086 742 2137 sexus
793 2074 868 2137 et
915 2064 1338 2139 conditionis
1371 2064 1591 2154 civeS,
1634 2087 1719 2139 ac
1752 2065 1867 2140 vel
1902 2067 2095 2163 ipsos
2150 2054 2402 2165 aegro-

222 2263 230 2269 ,
281 2190 522 2255 tantas
571 2180 1074 2277 indignissimis
1126 2181 1573 2257 contumeliis
1609 2182 1927 2272 affectos,
1982 2196 2083 2271 et,
2139 2186 2405 2261 indicta

277 2297 500 2373 etiam
552 2320 789 2388 causa,
845 2310 970 2372 aut
1019 2301 1092 2372 in
1147 2321 1500 2374 carcerem
1565 2301 1921 2389 detrusos,
1978 2314 2101 2377 aut
2150 2305 2403 2379 crude-

275 2414 548 2489 lissime
599 2426 914 2491 necatos.
969 2415 1233 2514 Ecquis
1285 2439 1427 2491 non
1479 2417 1933 2494 acerbissimo
1994 2420 2403 2495 conficietur

277 2555 604 2609 moerore
661 2535 933 2622 videns,
989 2557 1032 2607 a
1082 2533 1484 2609 furentibus
1543 2535 1945 2612 rebellionis
1996 2537 2403 2613 hominibus

277 2652 552 2727 nullam
603 2654 820 2727 sacris
872 2650 1235 2741 Ministris,
1292 2653 1556 2727 nullam
1617 2653 2046 2752 Episcopali,
2102 2666 2179 2731 et
2231 2654 2407 2729 Car-

279 2769 642 2844 dinalitiae
693 2770 1044 2866 dignitati,
1099 2770 1366 2844 nullam
1419 2770 1661 2859 Nobis,
1718 2783 1795 2846 et
1843 2773 2009 2847 huie
2062 2770 2407 2870 Apostoli-

279 2910 414 2963 cae
465 2887 628 2961 Sedi
667 2940 688 2975 ,
751 2887 1015 2961 nullam
1069 2888 1286 2961 sacris
1335 2887 1621 2983 templis
1672 2901 1747 2962 et
1794 2890 2007 2963 rebus
2047 2944 2067 2977 ,
2134 2890 2398 2964 nullam

282 3006 625 3094 iustitiae,
665 3005 936 3080 nullam
970 3005 1400 3077 humanitati
1443 3007 1915 3079 reverentiam
1968 3005 2239 3094 haberi,
2280 3007 2405 3081 sed

281 3125 530 3201 omnia
581 3122 870 3199 excidiis
923 3134 998 3196 et
1049 3120 1564 3195 vastationibus
1597 3122 1936 3217 compleri
1964 3118 2004 3193 Ῥ
2058 3121 2247 3195 Haec
2290 3144 2409 3195 au-

281 3255 441 3315 tem
477 3241 568 3315 ab
601 3240 688 3315 iis
737 3248 1135 3335 patrantur,
1173 3238 1294 3333 qui
1332 3238 1626 3310 minime
1664 3237 2091 3312 erubescunt
2128 3258 2409 3311 summa

281 3358 736 3456 impudentia
799 3378 1140 3443 asserere,
1207 3378 1286 3429 se
1346 3353 1524 3429 velle
1587 3353 1945 3452 Ecclesiae
2006 3355 2407 3431 libertatem

285 3478 492 3565 dare,
547 3489 624 3551 et
673 3476 1016 3550 moralem
1069 3496 1358 3549 sensum
1411 3471 1652 3545 Italia'e
1706 3473 2102 3547 restituere.
2166 3474 2411 3571 Neque

296 3596 466 3671 illos
515 3596 741 3692 pudet
789 3616 830 3666 a
884 3594 1213 3669 Romano
1262 3590 1602 3669 Pontifice
1655 3591 2042 3687 postulare,
2093 3601 2176 3665 ut
2226 3594 2413 3667 iniu-

291 3716 434 3789 stis
469 3734 716 3789 eorum
749 3710 1114 3787 desideriis
1149 3732 1460 3785 annuere
1495 3710 1697 3797 velit,
1736 3732 1827 3784 ne
1862 3710 2127 3786 maiora
2160 3708 2235 3783 in
2268 3707 2413 3783 Ec·-

287 3831 588 3905 clesiam
639 3831 898 3905 damna
947 3830 1366 3905 redundent.
2178 3888 2185 3895 .

455 3947 688 4045 Atque
739 3947 908 4021 illud
961 3969 1243 4045 quoque
1295 3945 1408 4021 vel
1461 3946 1773 4019 maxime
1822 3944 2227 4032 dolendum,
2270 3942 2413 4017 Ve-

467 4196 560 4276 (1)
603 4196 790 4261 oseas
830 4212 962 4279 cap.
1007 4196 1064 4259 4.
1105 4212 1167 4257 v.
1198 4195 1258 4257 2.
