3317 5267
2270 455 2364 524 47
2376 455 2415 524 9

449 571 513 666 §.
579 576 697 644 14.
754 565 1225 642 Gundisalvus
1276 567 1527 642 Garzia
1573 577 1849 664 patrem
1903 569 2163 644 habuit
2208 563 2413 642 Lusi-

297 700 576 776 tanum,
607 681 910 774 matrem
963 709 1130 760 vero
1183 683 1711 774 Canariensem,
1764 687 2021 762 Baz'ani
2060 688 2133 761 in
2202 685 2419 760 Indiis

296 804 756 881 orientalibus
805 814 1016 876 natus
1053 813 1186 876 est.
1231 803 1558 878 Traditus
1595 827 1634 876 a
1662 825 1883 900 puero
1916 802 2231 899 patribus
2268 802 2404 876 So-

307 923 586 996 cietatis
612 921 772 996 lesu
797 919 1214 994 erudiendus
1259 921 1456 1008 valde
1483 921 1556 992 in
1591 919 1846 994 litteris
1871 919 2187 1015 profecit.
2221 915 2413 994 Ado-

305 1041 582 1115 lescens
634 1048 1072 1112 mercaturae
1127 1059 1340 1113 causa
1392 1036 1763 1134 Japoniam
1830 1059 1993 1111 cum
2050 1035 2407 1110 nonnullis

304 1154 712 1252 apostolicis
761 1153 932 1226 viris
983 1175 1060 1226 se
1097 1153 1418 1226 contulit.
1459 1151 1729 1243 Quibus
1766 1163 1849 1226 ut
1884 1151 2141 1226 aux-ilio
2176 1153 2251 1223 in
2288 1173 2407 1226 sa-

299 1275 437 1348 cris
490 1282 680 1346 esset
729 1270 1182 1344 missionibus
1236 1275 1522 1368 Deoque
1545 1272 1785 1366 magis
1822 1270 2221 1356 inserviret,
2274 1291 2405 1343 ne-

297 1391 506 1488 gotiis
557 1387 818 1461 relictis
849 1438 870 1473 ,
925 1387 1250 1484 curisque
1311 1387 1581 1462 solutus
1647 1386 2089 1464 ‘catechistae
2137 1407 2397 1480 munus

291 1506 626 1602 suscepit.
685 1502 904 1579 Multa
955 1503 1464 1599 omnipotentis
1517 1501 1648 1577 Dei
1682 1504 1951 1578 honore
1976 1514 2189 1598 atque
2241 1501 2396 1574 ani-

285 1643 564 1696 marum
615 1620 1098 1694 emolumento
1125 1622 1368 1717 gessit.
1397 1620 1819 1694 Bonziorum
1858 1620 2218 1696 audaciam
2245 1617 2389 1692 fre-

281 1742 386 1837 git
437 1739 715 1836 quoties
769 1761 932 1812 cum
985 1740 1072 1811 iis
1151 1740 1221 1810 in
1275 1750 1636 1813 certamen
1719 1738 1937 1812 venit.
2018 1735 2393 1812 Nonnullis

276 1857 534 1953 elapsis
585 1855 810 1942 anniS,
841 1854 1194 1930 Manilium
1245 1879 1322 1930 se
1371 1855 1697 1942 contulit,
1752 1879 1835 1928 ac
1886 1852 2171 1927 divitias
2222 1874 2387 1927 suas

279 1993 534 2047 omnes
587 1969 1006 2068 pauperibus
1041 1973 1362 2068 largitus,
1415 1994 1602 2046 anno
1635 1967 2158 2046 MDLXXXVII
2192 1991 2391 2042 sera-

273 2087 470 2186 phici
521 2083 752 2162 Patris
831 2087 1170 2161 familiam
1221 2089 1292 2160 in
1344 2087 1683 2164 coenobio
1750 2097 2039 2160 sanctae
2124 2085 2385 2160 Mariae

275 2206 708 2303 Angelorum
759 2205 1117 2309 ingressus
1169 2215 1304 2279 ost.
1363 2206 1626 2281 Totum
1663 2205 1737 2277 in
1776 2204 2201 2279 nosocomiis
2238 2225 2388 2276 cor-

269 2323 562 2419 poribus
614 2323 939 2396 curandis
992 2345 1076 2396 ac
1130 2322 1510 2397 virtutibus
1545 2323 1919 2430 bominum
1954 2321 2207 2396 animis
2242 2321 2383 2394 im-

261 2439 564 2513 buendis
615 2461 694 2512 se
743 2439 962 2512 dedit.
1019 2439 1374 2514 Solemnia
1411 2439 1562 2534 ejus
1601 2443 1769 2512 'vota
1805 2449 2211 2535 susceperat
2242 2460 2375 2534 pa-

265 2568 378 2630 ter
427 2554 682 2628 Petrus
735 2554 1080 2652 Baptista,
1137 2579 1178 2629 a
1229 2579 1371 2654 quo
1421 2556 1791 2652 legationis
1818 2579 1987 2630 suae
2022 2557 2367 2652 interpres

259 2683 338 2745 et
390 2695 630 2748 comes
679 2674 1088 2770 designatus
1137 2673 1396 2748 fuerat.

413 2791 476 2884 §.
545 2793 661 2862 15.
719 2789 978 2864 Paulus
1027 2789 1342 2888 Suzuqui
1421 2813 1512 2864 ex
1563 2788 1728 2864 Oari
1782 2790 2115 2864 oriundus
2166 2791 2369 2890 inge-

253 2907 454 2980 nium
507 2907 708 2980 valde
744 2908 1112 3003 perspicax
1151 2909 1470 2993 sortitus,
1499 2905 1903 2980 adolescens
1940 2905 2365 2982 Bonziorum

257 3037 530 3098 sectam
591 3025 896 3122 reliquit.
942 3024 1156 3122 Juges
1219 3026 1294 3096 in
1329 3047 1416 3098 eo
1475 3024 1829 3119 lacrymae
1864 3024 2369 3122 assiduumque

249 3142 495 3217 orandi
555 3143 890 3216 studium.
925 3141 1100 3239 Ejus
1159 3143 1410 3217 domus
1471 3161 1862 3236 pauperum
1916 3151 1993 3214 et
2053 3144 2363 3239 peregri-

249 3261 576 3333 nantium
635 3259 1064 3334 domicilium
1129 3256 1632 3355 appellabatur.
1702 3255 2112 3332 Incredibile
2172 3259 2367 3334 dictu

251 3391 364 3451 est
415 3403 556 3474 quo
587 3377 830 3452 dolore
893 3361 1312 3463 afficeretur,
1368 3398 1532 3450 cum
1569 3375 1865 3480 alicujus
1937 3377 2201 3452 ethnici
2254 3381 2371 3452 in-

247 3496 542 3568 teritum
601 3496 897 3568 audiret.
955 3493 1400 3568 Catechistae
1461 3515 1721 3566 munus
1784 3492 2009 3566 obivit
2037 3547 2058 3581 ‚
2126 3496 2363 3592 plures

247 3614 332 3686 ad
385 3613 760 3708 neophitos
795 3614 1212 3688 erudiendos
1265 3612 1480 3687 libros
1523 3611 1867 3697 exaravit,
1906 3611 1981 3684 in
2032 3625 2363 3710 aegroto-

244 3753 404 3802 rum
433 3731 759 3826 hospitiis
784 3731 1082 3805 fratrum
1111 3731 1462 3806 Minorum
1491 3751 1779 3825 operam
1808 3731 2187 3825 praestitit,
2205 3745 2357 3806 ter-

243 3848 514 3936 tiarius,
548 3859 628 3922 ut
680 3849 932 3946 reliqui
987 3872 1266 3938 omneS,
1294 3847 1703 3944 interpretis
1754 3832 2049 3921 munere
2102 3847 2359 3946 funge-

251 3965 486 4040 batur.

393 4083 456 4176 §-
525 4088 640 4156 16.
701 4081 980 4159 Gabriel
1031 4108 1072 4158 a
1125 4081 1382 4158 Duisco
1411 4107 1502 4160 ex
1537 4107 1757 4181 regno
1810 4085 1899 4156 de
1952 4081 2065 4156 Ize
2116 4084 2189 4156 in
2246 4083 2360 4156 in-

239 4199 390 4274 sula
442 4199 722 4295 Niphon
759 4215 1045 4277 sextum
1086 4215 1162 4277 et
1185 4203 1538 4278 decimum
1576 4201 1833 4299 agebat
1876 4223 2141 4278 annum
2194 4225 2360 4278 cum

1630 4319 1715 4390 3¹
