3317 5267
2236 432 2385 505 27¹·

412 542 630 621 Porro
681 545 903 619 donec
958 550 1068 617 tot
1117 541 1300 617 bona
1351 540 1634 615 stabilia
1666 564 1813 617 non
1849 544 2159 621 minores
2186 570 2385 643 pron-

263 684 514 759 susque
563 684 778 759 puros
829 682 1102 735 annuos
1139 682 1392 735 consus
1427 658 1783 733 redditura
1816 660 2193 757 optabilius
2211 721 2222 732 .
2240 666 2386 739 saf-

267 776 466 865 fecta,
521 778 872 874 plenoque
899 796 1064 851 cum
1090 774 1402 850 dominio
1453 775 1847 871 adjudicata
1898 800 2043 852 non
2092 778 2383 869 fuerint,

265 895 488 990 quoad
525 893 830 991 Capituli
865 891 1163 990 praefati
1198 892 1598 967 dotationes
1627 893 1784 965 siv-e
1809 904 2151 990 congruas
2180 896 2385 973 Prae-

262 1012 546 1101 bendas,
585 1015 718 1089 hae
755 1016 858 1087 ita
909 1014 1178 1088 viritim
1231 1024 1468 1099 erunt,
1525 1025 1608 1085 ut
1657 1014 2039 1109 quotannis
2089 1004 2181 1089 e'x
2231 1041 2383 1113 pu-

263 1128 436 1206 blico
487 1131 690 1228 Regii
757 1129 1098 1206 Gubernii
1157 1130 1422 1205 aerario
1481 1128 1781 1203 fideliter
1841 1131 2071 1227 porsol
2080 1145 2329 1209 vantur
2356 1186 2379 1224 ,

261 1262 646 1323 conventae
697 1258 1152 1345 statutaeque
1203 1248 1580 1344 pensiones
1615 1249 1691 1321 in
1741 1248 2053 1345 singulos
2103 1272 2387 1329 menses

259 1368 764 1466 dispertiendae
791 1380 948 1443 tum
978 1367 1284 1456 Decano,
1323 1368 1719 1465 ceterisque
1759 1366 2189 1465 Dignitariis,
2229 1383 2385 1447 tum

262 1490 544 1587 singulis
623 1487 996 1565 Canonicis
1075 1501 1226 1561 tam
1279 1488 1366 1562 de
1419 1487 1652 1563 officio
1702 1510 1918 1586 quam
1972 1491 2061 1565 de
2112 1493 2335 1589 gratia
2358 1546 2381 1583 ‚
2521 1496 2528 1505 '

258 1630 382 1682 nec
451 1631 598 1683 nou
657 1609 912 1683 ceteris
976 1606 1418 1681 Beneficiatis
1481 1630 1607 1680 seu
1682 1604 2123 1704 Cappellanis
2178 1612 2383 1707 juxta

256 1724 541 1799 modum
579 1735 654 1797 et
687 1744 1016 1799 normam
1066 1746 1246 1819 quae
1281 1746 1412 1820 pro
1450 1719 1983 1798 Cathedralium
2018 1723 2385 1801 Ecclesia—

252 1864 408 1915 rum
461 1840 806 1936 Capitulis
857 1842 930 1913 in
987 1837 1590 1914 Conventionibus
1636 1862 1853 1936 saepe
1906 1841 2147 1917 relatis
2199 1845 2389 1919 sole-

253 1960 400 2031 mni
447 1960 812 2033 sanctione
871 1969 1080 2055 pacta
1131 1956 1440 2047 fuerunt,
1507 1967 1584 2032 et
1645 1960 1859 2035 modo
1895 1960 2383 2039 observantiae

253 2089 422 2153 sunt
471 2078 987 2167 demandanda,
1042 2077 1364 2153 confecta
1403 2089 1646 2152 tamen
1686 2102 1777 2152 ex
1822 2081 2031 2155 tertia
2066 2082 2385 2155 omnium

251 2194 501 2269 harum
556 2192 1062 2292 capitularium
1115 2206 1190 2267 et
1239 2192 1743 2269 beneficiorum
1780 2198 2229 2271 dotationum
2256 2222 2385 2274 seu

249 2310 670 2406 pensionum
706 2322 908 2408 parte
933 2334 1172 2385 massa
1197 2310 1773 2408 quotidianarum
1804 2312 2383 2389 distributionum

249 2431 320 2503 in
371 2430 685 2528 singulos
739 2432 1022 2506 dies-et
1073 2433 1284 2507 horas
1339 2455 1468 2530 per
1501 2431 1931 2529 Dignitarios
1966 2445 2041 2509 et
2076 2432 2383 2512 Canoni-

245 2574 366 2625 cos
419 2574 550 2625 nec
600 2574 746 2625 non
799 2550 1294 2629 Beneficiarios
1344 2553 1564 2627 choro
1619 2565 2031 2649 praesentes
2094 2564 2373 2630 tantum

246 2667 937 2762 proportionabiliter
971 2669 1466 2743 lucrandarum
1498 2666 2103 2765 juxta'sacrorum
2146 2669 2385 2748 Cano-

243 2806 422 2859 num
473 2788 988 2883 praescriptum
1040 2799 1117 2860 et
1165 2808 1522 2897 normam,
1561 2798 1644 2860 ut
1679 2785 1932 2861 Divina
1986 2786 2211 2863 officia
2262 2814 2385 2865 ce-
2502 2864 2509 2870 .

245 2914 541 2999 teraque
591 2906 834 2979 munia
905 2904 1383 2977 ecelesiastica
1445 2916 1522 2976 et
1585 2904 1997 3000 capitularia
2058 2918 2382 3017 accurate

243 3018 808 3116 frequententur.
824 3019 982 3110 Quo
1009 3042 1178 3095 vero
1205 3021 1294 3094 ad
1322 3033 1797 3116 opportunam
1827 3035 2383 3119 perpetuamque

241 3138 586 3213 illiusmet
635 3138 992 3213 Ecclesiae
1057 3135 1500 3211 Cathedralis
1567 3135 1901 3211 Fabi-icae
1956 3149 2035 3211 et
2086 3137 2385 3213 Sacrarii

243 3254 624 3329 tuitionem
677 3266 752 3329 et
802 3255 1304 3352 provisionem,
1361 3253 1602 3328 omnia
1655 3255 1904 3328 eadem
1955 3266 2031 3329 et
2080 3255 2377 3351 singula,

239 3374 308 3446 si
365 3383 638 3460 extent,
693 3392 1014 3471 quaeque
1051 3372 1262 3458 bona,
1303 3373 1593 3460 reditus,
1633 3385 1709 3446 et
1762 3373 2055 3472 quaevis
2106 3374 2383 3449 emolu-

241 3504 522 3579 menta,
561 3492 712 3565 sive
745 3492 964 3565 etiam
999 3490 1516 3587 praestationes
1563 3501 1643 3564 et
1694 3502 2079 3587 proventus
2130 3492 2217 3565 ad
2252 3514 2382 3566 ne-

235 3612 552 3687 cessaria
603 3611 962 3707 impendia
1015 3609 1186 3683 inibi
1237 3610 1561 3685 obeunda
1611 3609 1966 3685 stabiliter
2008 3610 2383 3684 inviolabi-

231 3728 551 3825 literque
599 3728 1040 3825 assignamus
1080 3750 1104 3814 ;
1159 3727 1592 3824 praescripto
1645 3738 1913 3815 tamen,
1968 3738 2059 3801 ut
2108 3726 2239 3800 dos
2288 3725 2379 3799 ad

231 3858 578 3943 sumptus
609 3845 833 3921 divini
860 3846 1091 3921 cultus
1121 3843 1290 3917 inibi
1317 3845 1652 3919 decenter
1688 3844 2097 3940 explendos,
2136 3843 2381 3939 inspo-

227 3976 366 4039 cto
418 3986 698 4061 quoque
749 3987 937 4039 novo
989 3961 1444 4060 splendidiori
1495 3959 2072 4035 Cathedmlitatis
2131 3970 2377 4048 statu,

221 4104 380 4157 nec
427 4082 614 4157 desit
663 4104 894 4179 neque
943 4082 1178 4178 impar
1207 4078 1578 4169 habeatur,
1616 4080 1988 4178 atque-illa
2030 4090 2223 4155 certa
2256 4100 2374 4153 ra·-

221 4203 438 4278 tione
489 4203 588 4277 ita
609 4270 616 4279 .
637 4203 1010 4293 coalescat,
1041 4202 1230 4299 quod
1265 4202 1480 4278 annui
1533 4202 1689 4299 ejus
1740 4200 2081 4293 redditus,
2118 4220 2373 4301 quem-

1722 4318 1810 4392 18
