3317 5267
2278 446 2427 519 213

307 546 712 664 disciplinae
752 617 773 654 ,
827 564 1252 639 calamitosis
1287 563 1652 659 aegrisque
1690 563 2091 637 recreandis
2144 562 2421 660 publica

307 684 670 759 eharitatis
723 682 1028 757 excitata
1079 680 1454 767 domicilia,
1521 692 1791 753 asserta
1826 680 2269 778 promulgata
2342 692 2419 754 et

307 799 740 899 principibus
791 812 868 875 et
920 800 1196 897 populis
1249 800 1362 872 vel
1415 799 1487 871 in
1545 799 1877 873 maximis
1928 796 2423 895 perturbatio-

305 916 514 991 nibus
567 918 878 991 iustitiae
927 928 1142 1013 atque
1193 915 1590 989 honestatis
1642 916 2007 1013 principia.
2064 914 2253 991 Haec
2306 926 2425 989 at·-

305 1058 442 1133 que
496 1034 628 1109 alia
679 1036 1100 1133 quamplura
1153 1058 1283 1133 per
1338 1034 1813 1131 Apostolicam
1866 1034 2119 1109 Sedem
2172 1036 2247 1108 in
2284 1034 2419 1111 bo-

303 1176 475 1229 num
525 1154 878 1228 humanae
931 1153 1288 1227 societatis
1327 1151 1620 1248 provide
1655 1152 2153 1251 sapienterque
2204 1176 2417 1250 pera-

305 1286 444 1361 cta,
483 1273 728 1347 multis
765 1272 1182 1369 eximiisque
1211 1280 1474 1343 testata
1509 1270 2020 1358 monumentis,
2060 1273 2147 1345 ad
2182 1273 2417 1347 omnis

307 1390 898 1487 praedicationem
951 1388 1292 1483 temporis
1341 1385 1727 1459 celebrabit
1774 1386 2093 1460 historia.

455 1507 594 1581 Sed
629 1508 774 1580 iam
811 1517 1191 1603 paternum
1233 1505 1551 1578 animum
1589 1504 1924 1578 Nostrum
1962 1507 2049 1579 ad
2090 1528 2167 1579 se
2204 1530 2417 1582 revo-

304 1639 420 1702 cat
448 1626 764 1724 plurimis
791 1626 1047 1701 afflicta
1071 1625 1280 1699 malis
1305 1648 1430 1722 per
1457 1622 1823 1699 Orientem
1852 1624 2193 1713 Ecclesia,
2231 1650 2415 1724 quae

305 1757 548 1817 tamen
599 1747 910 1819 cruentis
971 1754 1365 1842 martyrum
1419 1742 1673 1838 palmis
1726 1742 2082 1817 nobilitari
2143 1744 2417 1818 ornari-

304 1888 441 1962 que
477 1888 620 1938 non
655 1864 940 1939 desinit.
985 1862 1372 1962 Loquimur
1407 1885 1693 1960 nempe,
1740 1861 2191 1937 venerabiles
2236 1862 2415 1937 Fra-

307 1994 478 2071 tres,
531 1984 620 2058 de
667 2007 892 2080 regno
945 1980 1288 2071 Choreae,
1341 1984 1430 2057 de
1483 1982 1891 2057 Sinensium
1942 1982 2249 2079 Imperio
2295 2006 2409 2057 re-

307 2102 602 2199 gnisque
653 2102 999 2187 finitimis,
1055 2102 1174 2175 ubi
1210 2124 1438 2199 neque
1475 2099 1935 2175 atrocissimis
1982 2098 2413 2175 cruciatibus

309 2240 445 2292 nec
490 2218 843 2294 dirissimo
895 2218 1146 2315 quovis
1198 2217 1452 2292 mortis
1529 2238 1783 2312 genere
1852 2214 2213 2289 debilitata
2288 2231 2412 2291 aut

311 2336 500 2410 victa
551 2346 665 2409 est
715 2332 1278 2409 Christianorum
1333 2334 1404 2404 in
1457 2330 1594 2406 fide
1647 2334 2044 2407 constantia
2086 2358 2103 2405 ε
2160 2336 2407 2433 loqui-

305 2476 468 2528 mur
517 2452 604 2528 de
661 2449 1257 2538 Conchinchinae,
1314 2472 1396 2524 ac
1450 2450 1797 2525 Toncbini
1848 2450 2279 2549 regionibus,
2336 2456 2409 2526 in

307 2570 562 2671 quibus
618 2572 706 2647 ad
759 2570 1268 2647 extinctionem
1320 2590 1614 2669 prorsus
1668 2568 2035 2645 christiani
2099 2571 2409 2647 nominis

307 2689 756 2763 acerbissime
825 2689 1180 2762 recruduit
1236 2688 1683 2763 ethnicorum
1758 2690 2185 2762 immanitas.
2227 2686 2409 2777 Quid

306 2806 498 2879 enim
551 2798 1104 2880 memorabimus
1157 2804 1470 2901 collegia,
1526 2806 1889 2893 coenobia,
1930 2807 2222 2902 templa,
2274 2830 2411 2903 pu·-

305 2921 525 2997 blicas
577 2922 1032 3019 privatasque
1083 2922 1294 2995 aedes
1348 2921 1458 2995 vel
1511 2922 1663 2996 solo
1714 2944 2025 3011 eversas,
2066 2924 2177 2997 vel
2216 2922 2409 2995 flam-

303 3040 444 3113 mis
480 3020 952 3135 absumptas?
989 3036 1171 3128 Quid
1207 3036 1711 3113 Christifldeles
1747 3038 2134 3113 referemus
2170 3042 2409 3114 cuius-

305 3180 446 3255 que
498 3156 778 3243 aetatiS,
833 3156 1252 3231 conditionis
1285 3208 1306 3243 ,
1363 3155 1626 3229 ordinis
1682 3156 1939 3252 partim
1996 3157 2405 3230 saevissime

303 3275 728 3370 exagitatos,
784 3273 1224 3371 nudatosque
1277 3272 1486 3346 rebus
1539 3272 1870 3346 omnibus
1924 3274 2055 3347 hac
2102 3273 2255 3347 illac
2293 3296 2407 3347 er-

301 3402 544 3465 rantes
597 3391 818 3464 vitam
875 3392 1154 3464 trahere
1209 3402 1488 3465 coactos
1525 3390 1783 3489 quovis
1818 3389 2159 3487 supplicio
2205 3414 2406 3466 acer-

301 3506 604 3597 biorem,
657 3510 921 3606 partim
975 3508 1047 3581 i'n
1085 3530 1437 3583 carcerem
1476 3510 1831 3597 detrusOS,
1870 3509 2203 3608 omnique
2260 3520 2409 3586 tor-

301 3638 712 3701 mentorum
763 3648 1044 3723 genere·
1071 3626 1508 3700 excruciatos
1535 3622 1576 3697 ἰ)
1615 3628 1733 3723 qui
1774 3638 2012 3699 tamen
2050 3627 2123 3700 in
2158 3625 2407 3701 feren-

299 3742 412 3816 dis
445 3766 577 3839 pro
608 3742 892 3818 Christo
926 3744 1292 3839 suppliciis
1331 3766 1413 3817 ac
1455 3758 1689 3818 morte
1725 3742 2045 3818 obeunda
2084 3756 2401 3819 veterum

297 3858 656 3936 Ecclesiae
705 3859 1100 3960 Martyrum
1159 3860 1650 3937 fortitudinem
1704 3861 2125 3935 retulerunt.
2166 3861 2407 3959 Neque

301 3977 544 4052 minu's
577 3977 719 4054 Nos
765 3980 991 4076 tangit
1026 4002 1107 4053 ac
1145 3989 1388 4055 movet
1417 3979 1815 4053 miserrima
1844 3977 2407 4055 Christianorum

297 4115 430 4191 per
461 4095 741 4190 Syriam
777 4098 1112 4185 conditio,
1151 4098 1272 4195 qui
1307 4097 1472 4171 licet
1509 4118 1550 4169 a
1593 4096 2123 4171 crudelissimae
2174 4100 2407 4173 caedis

303 4215 760 4309 perpessione
811 4214 1233 4311 quieverint,
1303 4216 1585 4290 assiduo
1643 4216 2017 4290 turbantur
2070 4230 2262 4292 metu
2318 4229 2409 4291 ne
