3317 5267
872 428 1019 503 366

870 544 1207 640 rogativis
1234 552 1308 617 et
1334 542 1776 617 adminiculis
1803 542 2089 638 pollere,
2121 538 2288 615 illud
2317 541 2690 637 praecipue
2717 539 2804 613 ad
2831 536 2996 614 eivi-

870 662 1039 734 tatis
1068 658 1505 757 Episcopalis
1540 658 1904 756 fastigium
1929 659 2324 745 evehimuS,
2365 657 2696 733 omnibus
2735 668 2808 730 et
2845 660 2996 731 sin·-

868 780 1048 875 gulis
1100 780 1261 852 dein
1312 777 1694 851 fruiturum
1754 779 2054 873 juribus,
2122 777 2531 862 honoribuS,
2597 774 2988 857 favoribus,

872 898 1137 993 gratiis,
1168 896 1479 984 indultis,
1520 897 1905 992 privilegiis
1953 907 2026 967 et
2079 893 2472 990 quibusque
2523 894 2806 978 ceteris,
2837 894 2998 989 qui-

866 1014 999 1087 hus
1026 1014 1201 1088 aliae
1229 1014 1503 1087 illarum
1556 1016 1922 1111 regionum
1961 1014 2285 1087 civitates
2323 1010 2720 1107 Episcopali
2775 1011 2982 1086 titulo

866 1145 1079 1228 atque
1106 1132 1356 1205 decore
1407 1132 1779 1226 insignitae
1817 1130 2162 1205 ordinarie
2189 1128 2496 1224 gaudent
2523 1138 2597 1201 et
2622 1126 2978 1199 fruuntur.

1022 1247 1405 1343 Pr0pterea
1456 1248 1831 1343 templum,
1871 1247 2060 1344 quod
2097 1244 2541 1341 infrascripto
2582 1244 2988 1339 Apostolico

870 1358 1203 1458 Delegato
1256 1364 1327 1435 in
1381 1364 1448 1435 id
1504 1364 1772 1459 negocii
1828 1363 2224 1460 specialiter
2282 1362 2688 1457 deputando
2753 1362 2988 1435 visum

868 1476 1107 1565 fuerit,
1138 1479 1277 1552 illic
1305 1481 1529 1574 magis
1564 1481 1924 1567 idoneum,
1981 1488 2338 1565 ornatum,
2377 1476 2991 1575 ecclesiasticaque

866 1598 1297 1693 supellectile
1351 1599 1776 1695 praeditum,
1807 1610 1881 1672 et
1930 1598 2020 1671 ab
2049 1599 2200 1693 ipso
2235 1597 2567 1693 prudenti
2605 1598 2756 1670 eius
2790 1595 2984 1669 arbi-

868 1715 1001 1788 trio
1052 1715 1415 1811 seligatur,
1456 1716 1545 1789 ad
1570 1714 1926 1789 Ecclesiae
1964 1713 2399 1787 Cathedralis
2452 1712 2794 1788 honorem
2833 1713 2984 1809 pari

881 1828 1279 1927 Apostolica
1331 1832 1749 1941 auctoritate
1803 1840 2144 1929 perpetuo
2181 1830 2396 1903 etiam
2432 1829 2848 1915 attollimus,
2889 1830 2991 1903 ita

874 1960 957 2021 ut
1002 1948 1247 2022 eadem
1279 1946 1589 2021 Ecclesia
1620 1950 1934 2043 priscum
1961 1947 2250 2020 titulum
2277 1969 2402 2019 seu
2441 1946 2990 2033 invocationem,

874 2088 957 2141 ac
1011 2065 1333 2140 eamdem
1386 2088 1599 2161 quarn
1648 2065 1908 2139 habere
1959 2064 2322 2161 contingat
2383 2064 2988 2160 parochialitatem

872 2196 949 2257 et
998 2186 1395 2258 animarum
1448 2208 1690 2259 curam
1729 2186 2088 2271 continu0,
2131 2184 2234 2255 uti
2266 2183 2442 2279 juris
2477 2194 2554 2257 et
2589 2183 2806 2257 moris
2843 2194 2980 2267 est,

874 2302 1339 2375 exercendam
1392 2303 1722 2398 deinceps
1775 2304 1992 2376 etiam
2043 2313 2406 2375 servatura
2459 2300 2580 2387 sit,
2637 2322 2719 2374 ac
2769 2302 2840 2373 in
2905 2322 2988 2373 ea

882 2427 1199 2490 actutum
1240 2420 1548 2513 erigatur
1584 2423 1814 2506 sedeS‚
1853 2419 2210 2505 cathedra,
2251 2430 2324 2491 et
2357 2418 2662 2513 dignitas
2699 2416 2996 2514 Episco—
3133 2468 3144 2477 ·

878 2534 1055 2629 palis
1108 2559 1238 2633 pro
1290 2559 1431 2611 uno
1482 2536 1637 2631 ejus
1689 2536 1928 2610 futuro
1969 2536 2304 2610 Antistite
2355 2536 2704 2611 ordinario
2729 2536 2994 2611 Gonai-

874 2654 1153 2725 vesensi
1205 2654 1700 2749 nuncupando,
1755 2654 1880 2750 qui
1929 2654 2156 2727 eidem
2195 2651 2594 2749 Episcopali
2633 2651 2988 2729 Ecclesiae

870 2770 1145 2843 civitati
1207 2782 1282 2843 et
1344 2770 1643 2845 dioecesi
1699 2770 1990 2867 ejusque
2043 2772 2228 2846 clero
2279 2781 2354 2843 et
2405 2771 2668 2866 populo
2717 2774 2786 2844 in
2839 2770 2988 2844 Do-

876 2889 1076 2963 mino
1124 2888 1417 2983 praesit,
1454 2889 1849 2985 cooptando
1883 2887 2018 2961 sibi
2053 2910 2184 2961 suo
2222 2884 2449 2959 lubitu
2477 2889 2547 2960 in
2575 2888 2758 2961 illius
2791 2888 2986 2983 regi-

870 3004 1063 3076 mine
1082 3000 1433 3077 vicarium
1456 3002 2016 3088 Generalem,cui
2041 3024 2262 3077 unum
2295 3002 2404 3075 vel
2432 3003 2650 3075 etiam
2677 3002 2980 3077 alterum

866 3124 1331 3219 superaddere
1382 3123 1449 3197 ei
1484 3121 1588 3197 fas
1624 3124 1786 3210 erit,
1815 3126 1875 3197 si
1911 3146 2037 3220 pro
2071 3123 2290 3195 nimia
2325 3122 2640 3197 locorum
2679 3122 2864 3195 inter
2897 3145 2974 3195 se

802 3308 811 3319 .
868 3242 1279 3317 dissitorum
1333 3242 1846 3340 longinquitate
1907 3243 2341 3339 aliarumque
2401 3241 2986 3317 circumstantia-

870 3380 1033 3431 rum
1068 3358 1417 3454 gravitate
1452 3361 1519 3434 id
1560 3360 1954 3435 necessario
1993 3360 2310 3434 videatur
2344 3371 2732 3454 praestare,
2773 3358 2990 3431 item·-

872 3498 1013 3570 que
1068 3475 1507 3572 Religionem
1544 3474 1984 3551 Catholicam
2037 3476 2518 3573 Apostolicam
2559 3476 2982 3563 Romanam,

872 3593 1081 3667 sicuti
1116 3593 1435 3669 consulto
1472 3596 1541 3669 in
1570 3594 1884 3690 praefata
1922 3592 2408 3677 Conventione
2445 3596 2794 3669 sancitum
2837 3605 2974 3680 est,

864 3712 1069 3810 plane
1106 3724 1371 3787 sartam
1412 3726 1813 3811 tectamque
1851 3736 2129 3789 servare
2167 3727 2366 3788 curet
2396 3715 2480 3787 iis
2508 3736 2671 3787 cum
2703 3712 2976 3809 juribus

866 3844 942 3907 et
994 3832 1529 3929 praerogativiS‚
1582 3832 1840 3929 quibus
1875 3856 1962 3905 ex
2003 3830 2132 3906 Dei
2165 3833 2604 3909 ordinatione
2641 3846 2714 3907 et
2749 3855 2980 3907 sacro-

868 3971 1027 4023 rum
1081 3944 1447 4023 Canonum
1508 3947 1987 4023 sanctionibus
2023 3948 2162 4024 frui
2195 3950 2438 4037 debet,
2465 3950 2734 4049 quique
2769 3950 2984 4023 nimi-

872 4088 1029 4140 rum
1056 4064 1235 4141 liber
1260 4067 1381 4153 sit,
1412 4067 1582 4163 quin
1612 4066 1704 4139 ab
1733 4066 1870 4143 ullo
1899 4090 2211 4165 unquam
2239 4069 2492 4164 quovis
2533 4068 2736 4141 titulo
2765 4068 2986 4163 impe-

874 4184 1007 4257 diri
1044 4185 1293 4281 possit,
1350 4210 1479 4281 pro
1516 4184 2164 4261 Ecclesiasticarum
2217 4183 2456 4263 rerum
2510 4186 2848 4261 exercitio
2899 4210 2984 4259 ac
