3317 5267
2327 458 2411 529 7¹

295 569 570 665 gratiis,
625 554 980 645 furoribus
1039 580 1252 667 atque
1305 570 1619 658 indultis,
1674 569 1933 669 quihus
2000 556 2197 646 'nunc
2243 571 2425 645 aliae

296 685 645 761 Civitates
681 685 1134 786 Episcopales
1171 691 1244 761 in
1293 688 1612 763 America
1647 690 2089 764 meridionali
2140 690 2429 765 ordina-

293 802 402 875 rio
456 803 546 875 de
595 825 792 877 more
846 805 1162 899 insigniri
1203 857 1222 892 ,
1283 807 1384 879 uti
1426 857 1446 892 ,
1502 817 1577 877 et
1625 804 1763 879 frui
1842 817 2363 881 consueverunt
2400 858 2424 893 ,

297 917 700 1014 Apostolica
755 922 1174 996 auctoritate
1229 932 1569 1018 perpetuo
1622 921 1991 996 evehimus
2042 935 2115 996 et
2184 922 2425 997 extol-

291 1034 532 1123 limus„
589 1048 804 1134 atque
855 1040 1030 1115 adeo
1083 1041 1156 1111 in
1207 1038 1683 1135 Episcopatus·
1714 1040 1926 1114 modo
1964 1041 2245 1113 noviter
2280 1040 2425 1112 eri-

293 1154 532 1249 gendi,
587 1156 878 1253 eiusque
915 1158 986 1229 in
1018 1168 1338 1252 tempore
1381 1154 1735 1229 Antistitis
1764 1157 2217 1231 residentiam
2244 1180 2425 1231 con-

293 1270 688 1358 stituimus3
743 1283 1117 1367 propterea
1170 1293 1624 1367 summopere
1678 1272 2285 1359 commendantem
2344 1284 2429 1346 ut

293 1388 528 1482 ipsum
609 1386 1256 1463 Confoederationis
1341 1388 1869 1485 Argentinensis
1924 1386 2359 1463 Gubernium
2396 1439 2421 1475 ,

294 1505 898 1600 quemadmodum
951 1504 1085 1578 sibi
1139 1504 1328 1577 ultro
1381 1505 1750 1600 proposuit
1781 1558 1801 1591 ,
1859 1528 1939 1579 ac
1992 1506 2369 1602 spopondit
2399 1558 2423 1592 ,

291 1624 368 1695 in
433 1622 774 1699 honorem
837 1624 912 1698 S.
979 1624 1336 1699 Michaelis
1417 1622 1898 1721 Archangeli,
1972 1646 2189 1721 quam
2261 1625 2427 1721 pri—

291 1763 492 1815 mum
545 1742 648 1815 ita
697 1754 981 1838 satagat
1029 1744 1101 1815 in
1155 1742 1310 1816 loco
1363 1743 1588 1839 magis
1643 1742 1896 1817 idoneo
1934 1743 2249 1817 eiusdem
2302 1739 2425 1815 Ci-

289 1857 540 1931 vitatis
589 1880 858 1933 novum
911 1858 1260 1955 templum
1313 1846 1468 1931 tum
1533 1858 2005 1932 architectura
2044 1910 2065 1943 ,
2130 1869 2207 1932 et
2256 1858 2425 1933 soli-

291 1974 544 2061 ditate,
601 1986 756 2049 tum
809 1976 1300 2073 amplitudine,
1339 1986 1416 2049 et
1449 1976 1887 2050 ornamentis
1924 1976 2099 2049 adeo
2136 1976 2423 2071 conspi-

291 2116 504 2166 cuum
559 2093 948 2178 aedificare,
1005 2076 1087 2169 ut
1139 2095 1616 2189 praestantius
1670 2094 1757 2167 ad
1814 2091 2249 2167 Cathedralis
2286 2094 2425 2190 ho:-

292 2232 540 2285 norem
567 2222 642 2285 et
673 2213 1092 2309 dignitatern
1129 2212 1538 2287 sufficiatur.
1601 2212 1875 2285 Interea
1930 2194 2415 2287 parochialem

289 2324 682 2401 Ecclesiam
735 2327 1200 2403 Beatissimae
1282 2326 1541 2401 Mariae
1600 2326 1905 2424 Virginis
1956 2327 2045 2401 de
2120 2326 2425 2403 Rosario

289 2456 732 2541 nuncupatae
785 2444 954 2518 inihi
993 2457 1385 2530 extantem,
1418 2466 1600 2540 quae
1633 2444 2045 2540 perhibetur
2070 2468 2225 2519 esse
2266 2456 2421 2519 tum

290 2586 490 2637 sacra
561 2564 1028 2660 supellectili,
1087 2576 1238 2638 tum
1293 2564 1446 2639 aliis
1499 2564 1711 2661 rebus
1744 2618 1763 2652 ,
1818 2586 2117 2662 quarum
2180 2565 2421 2660 potis-

290 2682 552 2757 simum
607 2683 874 2779 indiget
927 2708 1126 2770 usus,
1180 2682 1687 2759 convenienter
1737 2685 2081 2756 instructa
2116 2734 2136 2768 ,
2193 2682 2421 2777 proti-

289 2824 424 2873 nus
481 2800 549 2872 in
605 2799 1098 2874 Gathedralem
1141 2800 1274 2873 sub
1327 2802 1574 2874 eadem
1649 2802 1899 2898 utique
1978 2800 2427 2873 invocatione

291 2915 770 2991 indesinenter
819 2940 1383 3013 permansuram,
1435 2940 1518 2990 ae
1569 2918 1893 2991 eamdem
1974 2929 2415 2991 servaturam

297 3028 914 3105 Parochialitatem
953 3085 974 3117 ,
1055 3054 1220 3107 cum
1275 3034 1675 3107 animarum
1728 3057 1897 3107 cura
1948 3035 2153 3107 sicuti
2208 3044 2419 3106 antea

291 3150 710 3236 exercenda,
737 3150 928 3223 dicta
957 3149 1360 3248 Apostolica
1395 3152 1819 3224 auctoritate
1846 3152 2235 3247 provisor-io
2272 3172 2423 3223 mo—

290 3266 384 3340 do
421 3266 888 3355 instituimus3
917 3268 1412 3365 praecipiendo
1440 3279 1522 3341 ut
1549 3268 1691 3341 illic
1718 3292 1847 3363 pro
1882 3292 2071 3342 nunc
2108 3270 2421 3364 erigatur

290 3384 536 3472 Sedete,
579 3385 954 3471 Cathedra,
987 3399 1060 3459 et
1098 3385 1420 3483 Dignitas
1455 3386 1895 3481 Episcopalis
1920 3408 2051 3483 pro
2080 3386 2416 3461 Antistite

281 3526 414 3576 suo
467 3501 850 3577 Paranensi
901 3502 1400 3598 nuncupando,
1445 3504 1566 3600 qui
1619 3504 1846 3576 eidem
1884 3504 2267 3591 Ecclesiae,
2312 3505 2421 3579 ci·-

289 3618 524 3705 vitati,
583 3618 814 3707 (Hero,
867 3631 940 3693 et
977 3618 1264 3715 populo,
1295 3620 1809 3717 unirersaeque
1870 3620 2159 3692 demum
2198 3617 2411 3695 Dioe—

289 3737 436 3810 cesi
491 3722 572 3810 ut
623 3737 804 3811 infra
855 3739 1328 3834 designandae
1375 3739 1635 3834 praesit
1676 3790 1699 3824 ,
1766 3738 2131 3836 Synodum
2194 3736 2407 3814 Dioc-

289 3876 624 3929 cesanam
679 3867 1048 3942 convocet,
1089 3856 1465 3951 omniaque
1505 3866 1578 3929 et
1613 3856 1887 3951 singula
1938 3858 2115 3943 iura,
2158 3856 2409 3944 officia,

289 3986 366 4047 et
421 3975 660 4047 munia
715 3976 848 4049 rite
903 3986 1320 4071 assequatur
1383 3988 1460 4047 et
1511 3985 1869 4048 exerceat.
1930 3974 2223 4049 Praesto
2299 3976 2413 4048 in-

285 4114 504 4188 super
549 4094 650 4167 sit
701 4092 1070 4167 habiturus
1124 4091 1536 4167 Cathedrale
1608 4092 2122 4168 Canonicorum
2188 4092 2415 4191 Capi-

285 4209 518 4283 tulum
553 4262 574 4297 ,
629 4223 712 4285 ut
761 4210 944 4283 infra
993 4211 1568 4285 constituendum
1603 4262 1628 4299 ,
1684 4233 1765 4285 ac
1842 4212 2157 4307 potiatur
2216 4208 2416 4285 frua-
