3317 5267
839 419 986 494 268

839 535 1128 617 fuerint,
1159 544 1440 603 servata
1467 531 1685 605 etiam
1714 530 1893 626 lege,
1929 544 2007 605 ut
2038 556 2165 628 pro
2194 532 2279 607 iis
2308 554 2489 629 quae
2516 530 2989 611 administra-

839 651 1050 725 tionis
1101 662 1176 723 et
1227 669 1464 723 sacrae
1521 649 1943 724 visitationis
1994 674 2207 725 causa
2240 652 2797 729 extraordinarie
2832 679 2977 729 ex-

838 769 1243 863 quiruntur,
1299 766 1546 839 itidem
1608 765 1699 837 ab
1724 804 1729 811 ·
1762 767 2011 839 eodem
2074 766 2433 841 Gubernio
2494 769 2583 842 ad
2646 771 2977 845 eiusdem

835 882 1332 959 conventionis
1385 904 1711 955 normam
1764 882 2143 979 unicuique
2198 882 2621 960 Victoriensi
2655 886 2731 957 in
2770 898 2981 959 tem—

833 1022 1002 1093 pore
1059 998 1380 1072 Antistiti
1435 1021 1669 1072 annua
1723 998 1875 1073 vice
1932 1000 2115 1073 intra
2170 1001 2533 1075 sexdecim
2584 1013 2661 1075 et
2716 1004 2969 1099 viginti

835 1120 1068 1193 millia·
1107 1121 1516 1194 eorumdem
1561 1132 2079 1216 -argenteorum
2114 1122 2599 1197 conferantur.
2636 1124 2978 1214 Quoties-

835 1262 1142 1335 cumque
1169 1250 1410 1311 autem
1439 1238 1842 1313 huiusmodi
1873 1262 2129 1315 novam
2162 1240 2675 1317 Victoriensem
2707 1244 2973 1319 Sedem

835 1374 1222 1458 utcumque
1275 1384 1526 1435 vacare
1561 1364 1960 1457 contige-rit,
2002 1378 2153 1435 rata
2198 1386 2359 1458 pars
2396 1366 2755 1447 redituum
2812 1371 2971 1443 eius

833 1478 1270 1576 Episcopalis
1323 1479 1608 1552 Mensae
1670 1502 1799 1574 pro
1864 1492 2185 1575 tempore
2254 1483 2641 1557 vacationis
2694 1484 2966 1571 debita,

834 1598 1155 1671 deductis
1209 1608 1378 1671 tunc
1433 1597 1959 1681 emolumentis,
2000 1620 2183 1693 quae
2222 1596 2629 1673 Oeconcmo
2664 1622 2793 1695 per
2829 1600 2975 1674 Ca-

831 1713 1136 1810 pitulum
1189 1713 1342 1807 ipso
1397 1724 1554 1785 actu
1611 1712 1973 1787 electionis
2028 1711 2285 1787 Vicarii
2340 1712 2762 1809 Capitularis
2818 1717 2969 1791 de·—

831 1830 1144 1926 putando
1195 1828 1697 1923 respondeant,
1758 1840 1911 1902 tum
1966 1830 2371 1925 sumpt-ibus
2424 1832 2515 1903 ad
2566 1854 2973 1928 congruen-

830 1960 978 2019 tem
1035 1943 1472 2042 Episcopalis
1511 1942 1765 2019 Palatii
1802 1946 2395 2021 restaurationem
2435 1950 2821 2045 requisitis,
2854 1950 2967 2021 in-

835 2077 944 2137 ter
995 2064 1470 2138 Seminarium
1509 2063 1881 2139 conciliare
1920 2074 1993 2135 et
2030 2061 2355 2137 futurum
2392 2062 2801 2141 Praesulem
2856 2090 2971 2141 ae-

837 2186 1140 2282 qualiter
1191 2187 1570 2260 dividatur.

985 2304 1132 2375 lam
1189 2327 1354 2377 vero
1404 2302 1610 2397 juxta
1649 2325 1757 2387 ea,
1796 2324 1979 2399 quae
2030 2302 2355 2379 consulto
2390 2304 2463 2375 in
2502 2300 2733 2377 effatis
2770 2302 2967 2379 Con-

837 2419 1284 2493 ventionibus
1339 2423 1480 2493 iam
1535 2432 1807 2493 statuta
1856 2419 2327 2494 observantur
2378 2422 2449 2493 in
2512 2422 2961 2517 praesignata

832 2536 1146 2611 Ecclesia
1177 2534 1485 2632 (praevia
1527 2536 1933 2609 omnimoda
1972 2538 2265 2611 actualis
2302 2538 2677 2634 collegialis
2712 2552 2967 2613 coetus

832 2653 1290 2752 extinctione)
1365 2655 1546 2727 illico
1621 2653 2033 2729 Cathedrale
2090 2654 2491 2751 Capitulum
2556 2678 2647 2729 ex
2701 2659 2971 2731 sexde-

831 2771 973 2845 cim
999 2786 1330 2845 constans
1367 2771 1896 2866 capitularibuS‚
1929 2794 2187 2868 nempe
2228 2796 2319 2846 ex
2354 2774 2669 2869 quinque
2708 2770 2965 2866 Digni-

831 2890 1124 2975 tatibus,
1161 2912 1462 2986 quarum
1499 2888 1727 2983 major
1763 2890 1829 2961 id
1868 2902 1978 2963 est
2012 2882 2297 2977 Decani,
2338 2882 2461 2988 qui
2498 2913 2789 2987 semper
2820 2893 2965 2987 pri-

831 3031 1026 3081 mam
1077 3008 1318 3081 sedem
1357 3018 1520 3102 post
1559 3005 2038 3079 Pontificalem
2079 3006 2422 3093 obtineat,
2466 3009 2783 3104 itemque
2824 3008 2963 3080 Ar-

829 3123 1365 3222 chipresbyteri‚
1403 3122 1915 3205 Archidiaconi,
1946 3122 2299 3211 Cantor-is,
2334 3136 2409 3197 et
2436 3122 2717 3197 scholae
2746 3146 2962 3217 prae-

830 3244 996 3318 fecti
1027 3296 1048 3329 ‚
1105 3266 1196 3317 ex
1247 3253 1552 3337 quatuor
1603 3241 1892 3335 insuper
1946 3242 2303 3317 canonicis
2337 3295 2358 3329 ,
2414 3242 2533 3338 qui
2586 3242 2675 3315 de
2726 3242 2963 3317 officio

825 3372 1349 3455 nuncupantur,
1405 3360 1673 3433 scilicet
1726 3356 2137 3452 Magistrali,
2195 3358 2574 3447 Doctorali,
2606 3358 2955 3435 Lecton-ali

825 3491 902 3551 et
955 3475 1528 3559 Poenitentiario‚
1593 3496 1679 3547 eo
1734 3475 2023 3547 demum
2060 3475 2355 3551 aliorum
2405 3475 2950 3563 Canonicorum,

824 3594 1060 3691 quide
1091 3589 1338 3665 Gracia
1375 3590 1588 3685 vulgo
1623 3590 2095 3685 appellantur,
2138 3615 2461 3679 numero,
2502 3594 2625 3690 qui
2662 3593 2734 3664 in
2783 3594 2959 3688 ipsis

799 3708 1425 3786 Conventionibus
1477 3718 1588 3780 est
1647 3696 2058 3801 praefinitus
2096 3733 2223 3805 pro
2258 3712 2557 3785 totidem
2592 3709 2957 3785 Ecclesia-

821 3832 1018 3905 sticis
1071 3827 1341 3903 idoneis
1397 3826 1566 3899 viris
1619 3826 1895 3921 aequali
1950 3848 2237 3921 prorsus
2288 3852 2462 3905 voce
2509 3839 2585 3903 et
2636 3828 2825 3901 votis
2880 3830 2953 3901 in

817 3951 962 4023 suis
1049 3945 1372 4021 Comitiis
1456 3956 1530 4017 et
1607 3943 2005 4041 quibusque
2094 3946 2713 4021 deliberationibus
2798 3947 2950 4019 sin-

819 4068 1114 4165 gulatim
1165 4065 1512 4162 gavisuris
1545 4118 1566 4151 ‚
1625 4066 1881 4160 quibus
1933 4044 2303 4141 duodecim
2358 4066 2765 4141 Beneficiati
2818 4089 2945 4139 seu

817 4183 1222 4281 Cappellani
1265 4182 1693 4257 Assistentes
1730 4204 1895 4255 cum
1924 4184 2427 4279 proportionali
2456 4185 2945 4257 ministrorum
