3317 5267
373 518 521 594 tue,
573 500 989 583 conditionis
1045 510 1120 581 et
1177 498 1540 601 dignitatis
1617 502 1929 580 existant
1978 507 2065 583 ad
2118 510 2189 583 id
2244 392 2477 587 110ῗέιέ

375 624 626 711 citati,
691 637 766 697 et
826 624 1041 698 auditi
1105 646 1252 719 non,
1301 621 1562 695 fuerint
1612 646 1693 697 ac
1744 624 2009 699 eisdem
2073 633 2485 723 praesenti-⁴

376 744 512 818 bus
563 765 704 818 non
740 740 1248 827 consenserint,
1285 762 1366 815 ac
1409 762 1663 813 causae
1714 752 2002 837 propter
2050 766 2227 840 quas
2274 768 2481 842 prae*

379 860 595 933 missa
673 859 910 934 omnia
985 868 1058 930 et
1115 858 1392 953 singula
1453 860 1941 931 emanaverint
2006 862 2297 936 minime
2368 865 2481 939 vel

377 979 614 1051 minus
673 976 1098 1052 sufficienter
1159 977 1600 1050 examinatae
1651 974 1915 1049 fuerint
1952 1026 1975 1062 ,
2026 992 2101 1052 et
2150 1002 2239 1054 ex
2290 1002 2483 1079 qua-

383 1118 688 1193 cumque
736 1094 868 1169 alia
927 1116 1138 1169 causa
1187 1100 1644 1192 quantumvis
1698 1096 2038 1193 legitima,
2092 1101 2233 1193 pia,
2318 1102 2483 1197 pri-

382 1213 706 1309 vilegiata
759 1234 842 1285 ac
903 1212 1186 1307 speciali
1251 1226 1416 1287 nota
1469 1212 1679 1309 digna
1740 1214 2165 1311 impugnari,
2224 1216 2489 1291 invalia

381 1334 556 1418 dari,
611 1330 978 1419 retardari,
1019 1330 1300 1429 infringi
1351 1344 1478 1415 aut
1527 1333 1809 1420 irritari,
1850 1356 1977 1408 seu
2032 1337 2117 1410 ad
2180 1336 2360 1408 viam
2416 1350 2490 1411 et

385 1450 722 1525 terminos
769 1449 946 1545 juris
985 1450 1262 1535 reduci,
1317 1472 1398 1523 ac
1447 1450 1784 1525 adversus
1845 1451 1995 1524 illas
2060 1451 2201 1524 oris
2256 1456 2489 1547 aperi·-

385 1569 678 1653 tionem,
718 1575 844 1639 aut
893 1560 1078 1640 aliud
1135 1566 1628 1664 quodcumque
1675 1568 1855 1663 juris
1894 1565 2005 1641 vel
2042 1567 2206 1643 facti
2256 1592 2492 1644 reme-

383 1688 578 1761 dium
634 1687 850 1761 etiam
903 1704 990 1757 ex
1045 1687 1276 1782 capite
1326 1686 1652 1762 laesionis
1678 1688 2141 1784 quantumvis
2178 1692 2489 1765 enormis

377 1814 452 1877 et
504 1802 1066 1889 enormissimae‚
1107 1802 1222 1874 vel
1259 1800 1767 1901 cujuscumque
1806 1806 2217 1902 praejudicii
2256 1806 2486 1902 impe-

385 1924 554 1997 trari
582 1948 664 1997 ac
697 1924 914 1995 etiam
953 1922 1272 2009 scientia,
1302 1931 1504 1997 motu
1530 1936 1604 1996 et
1637 1927 2017 2019 potestatis
2054 1924 2493 2021 plenitudine

385 2038 672 2137 paribus
704 2062 833 2135 per
865 2062 1348 2137 quoscumque
1389 2040 1747 2115 Romanos
1776 2038 2151 2115 Pontifices
2190 2042 2487 2137 praede-

379 2180 696 2233 cessores
735 2157 1026 2231 Nostros
1059 2156 1588 2253 quomodolibet
1619 2168 1867 2232 contra
1907 2158 2293 2253 praemissa
2320 2182 2495 2234 con-

379 2296 660 2348 cessum
713 2274 1060 2369 acceptari
1097 2274 1286 2359 acin
1335 2273 1596 2369 judicio
1633 2284 1707 2347 et
1744 2284 1947 2347 extra
2002 2273 2171 2347 illud
2198 2274 2491 2369 alligari,

381 2393 657 2478 deduci,
699 2392 816 2465 illo
853 2394 1516 2491 quomodocumque
1553 2393 1661 2465 uti
1702 2416 1841 2467 non
1897 2415 2131 2488 posse,
2172 2392 2493 2490 quinimo
2560 2436 2563 2439 ·

383 2512 620 2584 omnia
687 2520 766 2583 et
839 2509 1114 2605 singula
1187 2512 1571 2605 praemissa
1647 2528 1933 2608 semper
2004 2522 2079 2585 et
2148 2522 2495 2606 perpetuo

381 2626 610 2714 firma,
643 2626 869 2699 valida
897 2636 970 2698 et
1007 2625 1310 2699 efficacia
1337 2624 1673 2711 existere,
1702 2651 2009 2725 suosque
2040 2627 2393 2723 plenarios
2422 2638 2500 2696 et

385 2744 696 2839 integros
749 2741 1040 2817 effectus
1092 2743 1322 2816 sortiri
1361 2755 1434 2816 et
1470 2743 1817 2831 obtinere,
1875 2744 2135 2839 illaque
2175 2741 2308 2817 sub
2336 2742 2497 2839 qui-

383 2859 820 2957 buscumque
857 2861 1193 2935 similium
1231 2861 1344 2932 vel
1379 2862 1829 2935 dissimilium
1866 2862 2253 2955 gratiarum
2292 2882 2499 2933 revo-

388 2976 804 3063 cationibuS,
831 2975 1442 3071 suspensionibus,
1479 2974 2049 3061 limitationibus,
2088 2972 2502 3069 derogatio-

385 3094 594 3169 nibus
627 3106 752 3169 aut
801 3094 976 3191 aliis·
1006 3094 1376 3169 contrariis
1411 3094 1991 3189 dispositionibus
2020 3094 2237 3166 etiam
2266 3092 2505 3165 consi-

385 3211 786 3288 storialibus
815 3213 1114 3285 minime
1147 3208 1654 3309 comprehendi
1708 3232 1941 3307 neque
1991 3208 2505 3306 comprehensa

389 3329 624 3426 aliquo
659 3328 870 3403 modo
917 3330 1214 3415 censeri,
1271 3327 1396 3401 sed
1449 3350 1735 3424 semper
1784 3326 1879 3398 ab
1932 3326 2067 3399 illis
2119 3326 2375 3423 excipi,
2433 3338 2509 3400 et

385 3448 662 3543 quoties
697 3447 855 3521 illae
909 3446 1374 3535 emanabunt,
1433 3448 1648 3522 toties
1690 3446 1767 3520 in
1802 3446 2179 3543 pristinum
2218 3457 2295 3518 et
2332 3444 2509 3518 vali-

379 3566 764 3639 dissimum
799 3576 1074 3639 statum
1111 3566 1468 3652 restituta,
1509 3565 1819 3661 reposita
1856 3574 1930 3637 et
1961 3562 2277 3659 plenarie
2314 3562 2509 3636 rein-

387 3695 660 3779 tegrata
695 3704 778 3755 ac
809 3682 898 3755 de
933 3704 1124 3757 novo
1179 3684 1390 3757 etiam
1447 3682 1582 3756 sub
1633 3702 2085 3779 quacumque
2139 3680 2511 3777 posteriori

387 3800 554 3874 data
604 3801 1190 3897 quandocumque
1233 3801 1554 3898 eligenda
1605 3822 1943 3874 concessa
1994 3822 2153 3872 esse
2208 3808 2283 3871 et
2334 3794 2511 3883 fore,
2584 3858 2591 3865 .

383 3916 628 4014 sicque
661 3930 736 3991 et
772 3940 916 3991 non
955 3916 1165 3991 aliter
1198 3940 1325 4014 per
1363 3938 1847 4014 quoscumque
1896 3914 2177 4012 judices
2231 3913 2517 3989 ordina-

389 4038 531 4111 rios
560 4036 669 4109 vel
698 4036 1060 4133 delegatos
1095 4037 1344 4134 quavis
1385 4038 1805 4110 auctoritate
1856 4034 2239 4132 fungentes
2293 4032 2511 4106 etiam

385 4178 760 4228 causarum
799 4154 1045 4227 Palatii
1088 4153 1468 4251 Apostolici
1511 4156 1867 4230 auditores
1904 4178 1987 4228 ac
2021 4152 2099 4227 S·
2144 4152 2513 4229 Romanae
