3317 5267
832 450 987 523 3130

830 562 1343 646 consenserint,
1376 584 1457 635 ac
1486 584 1763 648 causae,
1793 573 2084 658 propter
2108 586 2286 662 quas
2313 554 2700 659 praemissa
2727 560 2967 636 omnia

836 695 911 754 et
961 677 1233 775 singula
1288 680 1802 765 emanaverint,
1863 682 2158 755 minime
2198 680 2310 755 vel
2345 682 2584 753 minus
2609 678 2968 755 sufficien-

828 811 939 873 ter
989 796 1437 869 examinatae
1490 794 1782 882 fuerint,
1841 810 1916 871 et
1966 822 2060 871 ex
2096 822 2544 895 quacumque
2581 798 2716 873 alia
2753 818 2967 871 causa

832 916 1289 1014 quantumvis
1320 912 1664 1008 legitima,
1699 916 1838 1009 pia,
1872 917 2337 1013 privilegiata,
2371 940 2453 990 ac
2480 916 2764 1014 speciali
2793 926 2966 989 nota

833 1034 1042 1129 digna
1092 1034 1515 1129 impugnari,
1550 1033 1949 1121 invalidari,
1980 1035 2347 1122 retardari,
2381 1036 2665 1133 infringi
2699 1044 2824 1108 aut
2873 1035 2966 1104 ir-

832 1152 1054 1236 ritari,
1088 1175 1213 1224 seu
1241 1151 1327 1224 ad
1371 1155 1554 1224 viam
1586 1164 1659 1223 et
1683 1152 2034 1226 terminos
2065 1154 2268 1248 juris,
2299 1153 2564 1239 reduci,
2605 1176 2688 1227 ac
2713 1152 2962 1225 adver·

834 1292 955 1341 sus
1018 1268 1169 1341 illas
1232 1270 1372 1342 oris
1445 1270 1909 1365 aperitionem
1959 1322 1979 1357 ‚
2035 1282 2162 1345 aut
2211 1272 2398 1345 aliud
2461 1270 2960 1368 quodcumque

828 1384 1009 1481 juris
1074 1385 1182 1458 vel
1235 1386 1401 1459 facti
1458 1388 1878 1473 remedium,
1935 1387 2155 1460 etiam
2207 1410 2298 1461 ex
2351 1388 2579 1483 capite
2632 1385 2962 1461 laesionis

834 1503 1297 1598 quantumvis
1350 1504 1666 1576 enormis
1701 1515 1776 1577 et
1809 1505 2372 1590 enormissimae,
2415 1504 2524 1578 vel
2553 1506 2966 1579 cuiuscum-

832 1644 971 1715 que
1024 1619 1432 1715 praejudicii
1487 1622 1879 1715 impetrari,
1911 1642 1994 1694 ac
2021 1621 2238 1693 etiam
2267 1622 2586 1709 scientia,
2618 1632 2846 1706 motu,
2886 1628 2964 1693 et

834 1739 1207 1833 potestatis
1261 1738 1702 1832 plenitudine
1754 1738 2040 1834 paribus
2091 1760 2220 1833 per
2268 1760 2758 1836 quoscumque
2815 1736 2962 1808 Ro-

834 1878 1080 1929 manos
1134 1854 1511 1929 Pontifices
1564 1850 2146 1930 praedecessores
2187 1856 2478 1931 Nostros
2512 1853 2960 1954 quomodoli-

829 1973 954 2045 bet
988 1984 1233 2047 contra
1272 1974 1662 2069 praemissa
1715 1996 2131 2048 concessum
2187 1988 2724 2073 acceptumque,
2765 1995 2850 2047 ac
2885 1973 2956 2045 in

832 2090 1085 2164 iudicio
1144 2090 1253 2163 vel
1308 2103 1509 2163 extra
1566 2092 1736 2165 illud
1791 2091 2100 2187 allegari,
2151 2092 2424 2179 deduci,
2465 2102 2589 2165 aut
2625 2092 2796 2164 alias
2839 2091 2958 2164 illo

828 2211 1495 2306 quomodocumque
1549 2212 1653 2282 uti
1708 2234 1850 2284 non
1891 2232 2125 2307 posse,
2168 2211 2338 2306 quin
2397 2212 2542 2283 imo
2593 2211 2834 2285 omnia
2883 2222 2960 2283 et

828 2327 1103 2422 singula
1141 2328 1523 2422 praemissa
1582 2349 1866 2423 semper
1917 2340 1991 2400 et
2044 2340 2386 2423 perpetuo
2439 2328 2666 2414 firma,
2727 2326 2950 2399 valida

830 2452 907 2516 et
943 2442 1247 2516 efficacia
1284 2445 1618 2528 existere,
1659 2466 1968 2540 suosque
2006 2443 2356 2539 plenarios
2393 2456 2468 2517 et
2501 2445 2808 2540 integros
2845 2440 2958 2515 ef-

834 2557 1064 2633 fectus
1120 2559 1355 2631 sortiri
1392 2570 1469 2631 et
1504 2556 1852 2645 obtinere,
1907 2558 2164 2657 illaque
2217 2560 2350 2633 sub
2393 2560 2956 2658 quibuscumque

832 2676 1170 2751 similium
1204 2674 1309 2747 vel
1343 2676 1792 2750 dissimilium
1819 2679 2208 2773 gratiarum
2237 2678 2832 2763 revocationibus,
2847 2698 2964 2749 su-

830 2792 1351 2891 spensionibus,
1398 2791 1966 2879 imitationibus,
2005 2793 2610 2890 derogationibus,
2649 2804 2776 2865 aut
2801 2792 2955 2865 aliis

833 2914 1204 2989 contrariis
1254 2913 1834 3008 dispositionibus
1889 2914 2107 2987 etiam
2161 2913 2766 2989 consistoriaiibus
2817 2912 2960 2985 mi-

833 3033 1025 3105 nime
1078 3032 1606 3127 comprehendi,
1648 3052 1880 3126 neque
1915 3032 2430 3127 comprehensa
2481 3032 2718 3128 aliquo
2745 3030 2960 3104 modo

830 3149 1125 3234 censeri,
1158 3148 1281 3221 sed
1311 3171 1594 3244 semper
1620 3148 1712 3222 ab
1739 3148 1874 3221 illis
1900 3149 2155 3245 excipi,
2175 3162 2248 3222 et
2275 3150 2552 3246 quoties
2585 3150 2740 3221 inae
2765 3172 2962 3238 ‚ema-

829 3266 1121 3353 nabunt,
1181 3268 1389 3340 toties
1446 3268 1515 3337 in
1570 3266 1952 3361 pristinum
2008 3276 2082 3338 et
2136 3266 2646 3343 validissimum
2683 3278 2952 3338 statum

832 3388 1187 3472 restituta,
1228 3388 1564 3481 reposita,
1596 3386 1989 3481 etplenarie
2025 3386 2482 3484 reintegrata,
2523 3411 2606 3461 ac
2637 3389 2728 3461 de
2765 3410 2956 3461 novo

832 3508 1049 3578 etiam
1102 3505 1235 3579 sub
1286 3528 1732 3602 quacumque
1769 3506 2137 3602 posteriori
2163 3507 2329 3580 data
2364 3506 2960 3604 quandocumque

829 3622 1147 3720 eligenda
1200 3643 1532 3695 concessa
1568 3644 1728 3694 esse
1763 3632 1838 3693 et
1871 3618 2047 3706 fore,
2089 3622 2328 3719 sicque
2355 3633 2430 3695 ct
2455 3644 2600 3696 non
2627 3622 2798 3694 alias
2826 3643 2956 3716 per

830 3764 1312 3841 quoscumque
1366 3739 1637 3814 ludices
1691 3740 2102 3827 ordinarios,
2159 3740 2270 3813 vel
2309 3740 2668 3837 delegatos
2705 3738 2955 3835 quavis

830 3864 1248 3939 auctoritate
1284 3860 1688 3957 fungenteS,
1720 3862 1935 3933 etiam
1973 3884 2344 3935 causarum
2372 3861 2445 3934 S.
2482 3860 2732 3933 Palatii
2763 3859 2956 3954 Apo—

830 3982 1054 4055 stolici
1090 3980 1484 4064 AuditoreS,
1518 4002 1599 4053 ac
1626 3976 2160 4053 S.R.Ecclesiae
2189 3976 2592 4051 Cardinales
2619 3978 2837 4051 etiam
2864 3974 2954 4047 de

820 4104 1038 4173 latere
1068 4097 1369 4193 Legatos
1421 4110 1495 4170 et
1552 4096 1992 4192 Apostolicae
2047 4096 2245 4171 Sedis
2285 4094 2615 4182 Nuncios‚
2657 4118 2738 4167 ac
2775 4094 2948 4168 aiios

830 4238 1311 4314 quoscumque
1350 4218 1597 4311 quavis
1634 4216 2080 4299 auctoritate,
2139 4225 2516 4309 potestate,
2575 4234 2956 4309 praeroga·-
2997 4306 3004 4313 ι
