3317 5267
888 369 1028 442 582

878 488 1103 562 immo
1154 506 1324 560 vero
1374 485 1786 560 eorumdem
1807 479 2154 560 bonomm
2193 481 2734 581 proprietatem,
2773 481 3014 560 reddi-

876 615 1022 694 tus,
1076 601 1662 677 et·emolumenta
1689 611 1846 676 tuta
1897 610 1974 674 et
2021 598 2310 696 pacifica
2343 599 2496 676 fore
2529 623 2752 698 penes
2779 602 3002 700 ipsos,

878 733 1092 819 atque
1142 719 1232 794 ab
1284 719 1369 794 iis
1421 739 1708 794 causam
1759 715 2166 793 habentes:
2243 716 2314 792 id
2394 727 2632 792 tamen
2721 741 3012 816 semper

874 841 1097 914 fixum
1174 838 1597 936 firmumque
1648 860 1806 912 esse
1857 834 2192 924 debebit‚·
2224 847 2308 910 ut
2357 835 2763 914 huiusmodi
2815 837 3005 912 abu-

877 957 1072 1032 sivae
1124 955 1579 1030 alienationes
1632 975 2027 1051 numquam
2084 965 2542 1042 renoventur.

1037 1073 1189 1148 Art.
1246 1077 1375 1146 20.
1428 1071 1804 1170 Episcopis
1851 1069 2152 1145 liberum
2205 1071 2342 1146 erit
2394 1071 2464 1145 in
2501 1072 2788 1170 propria
2822 1073 3014 1148 dioe-

870 1195 1013 1269 cesi
1038 1193 1337 1268 Ordines
1380 1215 1513 1268 seu
1562 1189 2164 1289 Congregationes
2219 1190 2579 1289 religiosas
2629 1191 3010 1290 utriusque

872 1335 1087 1386 sexus
1138 1311 1337 1384 iuxta
1387 1309 1519 1384 SS.
1572 1305 1904 1384 Canones
1957 1307 2415 1395 constituere,
2453 1307 2726 1384 collatis
2759 1319 3012 1383 tamen

870 1451 955 1502 ea
1006 1449 1221 1524 super
1268 1449 1345 1500 re
1400 1446 1567 1500 cum
1620 1421 1978 1503 Gubernio
2029 1423 2364 1500 consiliis.
2405 1421 2604 1514 Quae
2639 1435 2884 1500 autem
2921 1425 3012 1500 ad

868 1543 1223 1641 regulares
1308 1543 1674 1639 pertinent
1756 1542 1958 1616 iuxta
2037 1539 2552 1616 Canonicarum
2603 1541 2844 1638 legum
2931 1556 3012 1618 et

866 1663 1204 1758 cuiusque
1238 1659 1519 1734 Ordinis
1573 1659 2167 1735 constitutionum
2233 1681 2556 1734 normam
2621 1671 2834 1734 erunt
2881 1659 3011 1734 di·-

864 1777 1151 1875 rigenda
1214 1787 1293 1850 et
1342 1775 1926 1850 administranda.

1020 1891 1170 1966 Art.
1232 1895 1353 1964 21.
1412 1889 1847 1965 Gubernium
1919 1861 2372 1988 Reipublicae
2451 1890 2545 1964 de
2615 1887 3009 1990 Nicaragua

864 2024 1259 2110 opportuna
1297 2010 1665 2108 praebebit
1735 2009 2050 2086 subsidia
2127 2009 2218 2084 ad
2272 2007 2513 2084 Fidei
2549 2011 3010 2107 propagatio-

860 2151 1057 2215 nem,
1107 2139 1185 2202 et
1234 2127 1323 2202 ad
1374 2127 1758 2202 infidelium
1811 2127 1886 2202 in
1935 2151 2070 2202 suo
2120 2124 2476 2202 territorio
2526 2127 2996 2204 existentium

862 2246 1395 2321 conversionem
1454 2245 1974 2342 procurandam
2007 2297 2030 2332 ,
2063 2257 2170 2320 ct
2239 2265 2530 2319 omnem
2609 2245 3005 2342 praestabit

860 2364 1183 2439 favorem
1234 2364 1657 2440 institutioni
1723 2375 1800 2440 et
1851 2365 2250 2462 progressui
2321 2385 2684 2440 sacrarum
2717 2363 3000 2442 Missio—

858 2502 1085 2568 num,
1159 2503 1339 2578 quae
1404 2480 1497 2556 ad
1566 2480 1758 2556 hunc
1822 2479 2248 2556 laudabilem
2324 2479 2541 2554 finem
2617 2481 2784 2558 illuc
2853 2504 3004 2558 au-

856 2596 1184 2669 ctoritate
1271 2593 1527 2670 Sacrae
1605 2593 2187 2693 congregationis
2272 2594 2802 2722 Propagandae
2833 2596 2998 2674 fidei

852 2711 1263 2788 mittuntur.

1057 2830 1211 2905 Art.
1270 2833 1397 2904 22·-
1432 2779 1756 2908 Praevia
1809 2831 2284 2910 declaratione
2339 2855 2382 2904 a
2447 2828 2806 2910 Gubemio
2870 2853 3004 2930 per

850 2964 1062 3022 suum
1134 2947 1851 3046 Plenipotentiarium
1904 2948 2190 3036 emissa,
2267 2949 2462 3046 quod
2532 2949 2802 3024 scilieet
2833 2947 3004 3024 Gu-

850 3062 1073 3138 bern'ii
1138 3066 1359 3163 ipsius
1410 3088 1615 3140 mens
1669 3078 1782 3142 est
1831 3089 1958 3162 per
2009 3066 2488 3142 iuramentum
2543 3064 2906 3143 formula·
2883 3091 3004 3141 m-

850 3180 1223 3284 frascripta
1274 3205 1688 3281 expressum
1745 3182 2358 3282 haudobligari'in
2380 3185 2814 3263 conscientia
2837 3203 2989 3273 eos,

850 3300 978 3398 qui
1026 3301 1508 3376 iuramentum
1560 3302 1730 3376 illud
1781 3313 2148 3400 praestent
2200 3301 2292 3378 ad
2337 3294 2704 3400 'quidpiam
2781 3323 2998 3401 pera-

850 3415 1187 3511 gendum,
1261 3417 1449 3514 quod
1504 3415 1635 3492 Dei
1695 3429 1778 3492 et
1819 3417 2176 3496 Ecclesiae
2229 3414 2502 3515 legibus
2547 3419 2994 3510 adversetur,

854 3531 1211 3606 Sanctitas
1302 3533 1451 3609 Sua
1538 3535 1923 3611 assentitur
1989 3557 2296 3633 sequens
2343 3538 2848 3613 ‘iuramentum
2899 3537 2996 3614 ab

852 3645 1223 3750 Episcopis
1314 3651 1760 3748 coeterisque
1844 3649 2332 3729 ecclesiasticis
2417 3654 2587 3730 viris
2638 3656 2985 3751 praestari

850 3789 1089 3866 posse.
1171 3795 1205 3840 ι
1264 3765 1419 3866 Ego
1507 3768 1664 3843 iuro
1739 3780 1816 3844 et
1909 3771 2250 3867 promitto
2333 3771 2432 3846 ad
2511 3767 2776 3848 Sancta
2857 3771 2992 3850 Dei

842 3879 1337 3980 »Evangelia
1416 3883 1894 3960 obedientiam
1935 3937 1956 3974 ‚
2012 3897 2088 3961 et
2135 3885 2546 3962 fidelitatem
2625 3886 2985 3968 Gamemio

856 4023 889 4068 a
926 4087 931 4092 ³
987 4021 1112 4094 per
1200 3997 1796 4087 constitutionem
1884 3997 2336 4100 Reipublicae
2423 4003 2513 4079 de
2597 4004 2984 4106 Nicaragnn

870 4137 905 4187 a
957 4117 1241 4196 ‘st'a‘tuto
1260 4135 1293 4210 “,“
1362 4113 1684 4218 'itemque
1713 4121 2062 4219 promitto
2123 4145 2240 4199 me
2273 4123 2480 4202 -nulli
2523 4127 2990 4223 propositioni
