3317 5267
2308 480 2453 555 337

341 590 757 687 idoneisque.
803 602 1138 685 regantur
1199 586 1713 665 Ecclesiasticis
1768 592 1959 679 viris,
2014 592 2139 688 qui
2192 591 2444 669 uberes

335 708 600 783 Christi
641 708 920 783 Domini
960 710 1205 783 vineae
1241 708 1510 785 fructus
1543 709 2027 797 allaturisint,
2070 710 2237 785 hinc
2287 713 2440 809 pari

339 826 742 923 Apostolica
773 826 1188 901 auctoritate
1217 827 1923 923 praecipimuS,quod
1948 827 2153 901 sicuti
2179 850 2307 924 par
2331 840 2443 903 est

337 966 687 1040 propensa
715 940 1268 1017 effatiGubernii
1298 941 1584 1017 Haitani
1621 942 2093 1017 sollicitudine
2126 967 2210 1019 ac
2244 966 2443 1019 sum-

337 1072 467 1156 ptu
503 1060 1027 1156 quamprimum
1064 1084 1194 1155 pro
1233 1060 1779 1157 Metropolitana
1813 1057 2075 1135 Portus
2104 1060 2443 1161 Principis

335 1178 646 1274 erigatur
679 1188 756 1249 et
791 1188 1184 1273 opportuna
1239 1180 1454 1251 etiam
1507 1176 1943 1275 supellectile
1998 1179 2439 1267 instituatur,

333 1294 790 1368 seminarium
837 1294 1045 1389 juxta
1095 1298 1466 1371 canonicas
1519 1296 1711 1391 leges
1766 1309 1840 1370 et
1902 1294 2167 1370 formas
2226 1296 2441 1372 libere

336 1411 406 1483 in
463 1409 794 1485 omnibus
845 1411 1291 1507 dirigendum
1343 1424 1419 1485 et
1471 1413 2105 1487 administrandum
2160 1412 2251 1485 ab
2306 1412 2439 1487 Ar·-

339 1527 808 1624 chiepiscopo‚
847 1527 1052 1623 cujus
1089 1528 1226 1602 erit
1277 1528 1618 1603 Rectores
1670 1529 1841 1603 inihi
1881 1541 1956 1603 et
1996 1528 2437 1605 Professores

333 1646 765 1733 nominandi,
821 1655 895 1718 et
943 1646 1006 1717 si
1059 1646 1342 1743 quando
1377 1646 1703 1719 intererit
1742 1648 2177 1721 exonerandi
2215 1657 2288 1721 et
2322 1648 2437 1721 di·-

332 1762 688 1849 mittendi,
726 1761 962 1859 ibique
997 1786 1120 1836 eos
1171 1762 1462 1838 alendos
1487 1764 1985 1861 docendosque
2040 1765 2437 1839 adolescen-

335 1884 442 1953 t'es
495 1881 939 1968 admittendi,
977 1904 1158 1977 quos
1197 1881 1488 1957 idoneos
1537 1882 1933 1979 dignosque
1988 1883 2075 1956 ad
2112 1904 2283 1957 suae
2310 1880 2437 1957 Di-

325 1998 598 2069 oecesis
649 1998 1148 2072 necessitatem
1205 2008 1418 2095 atque
1455 1996 1841 2071 utilitatem
1877 1998 2099 2094 probe
2134 2022 2435 2095 respon-

330 2136 532 2187 suros
586 2114 1120 2189 existimaverit.
1178 2112 1315 2204 Qui
1372 2115 1661 2213 quidem
1726 2114 2307 2214 Archiepiscopus
2360 2116 2431 2189 in
2467 2140 2483 2154 ’

327 2252 460 2303 suo
511 2230 736 2305 officio
787 2230 1108 2307 obeundo
1163 2254 1377 2327 super
1410 2232 1847 2308 orthodoxae
1898 2233 2057 2307 fidei
2112 2256 2429 2309 morum-

325 2369 466 2444 que
517 2349 832 2424 doctrina
883 2350 1329 2447 advigilandi,
1387 2360 1542 2425 tum
1595 2352 1825 2448 quoad
1881 2352 2069 2426 istud
2104 2353 2427 2427 semina-

329 2468 512 2543 rium
543 2520 564 2555 ‚
621 2480 776 2543 tum
830 2471 1058 2566 quoad
1113 2470 1608 2545 universitates
1641 2522 1663 2558 ,
1720 2472 2117 2546 academias
2170 2483 2247 2545 et
2296 2497 2430 2569 gy-

329 2587 625 2673 mnasia,
665 2584 780 2659 vel
813 2586 984 2661 alias
1035 2586 1346 2683 publicas
1401 2588 1853 2691 privatasque
1904 2590 2183 2667 scholas
2236 2590 2427 2665 nullo

331 2702 538 2777 modo
590 2702 724 2777 erit
772 2704 1286 2800 impediendus.
1744 2799 1751 2805 ·

463 2821 754 2895 Interim
781 2844 1002 2919 quum
1028 2846 1282 2920 operae
1312 2824 1618 2919 pretium
1647 2847 1937 2921 quoque
1962 2825 2063 2897 sit
2086 2846 2431 2919 congruas

325 2940 726 3015 dotationes
761 2942 1156 3017 necessario
1185 2954 1402 3037 atque
1435 2942 1522 3014 ad
1553 2944 2191 3037 opportunitatem,
2222 2943 2430 3039 sicuti

321 3059 535 3133 estin
568 3080 763 3134 more
792 3060 1258 3157 institutoque
1287 3059 1626 3155 positum,
1659 3080 2090 3154 componere
2120 3068 2273 3131 tum
2301 3080 2428 3154 pro

325 3177 579 3250 annuis
639 3176 1072 3273 singulorum
1135 3176 1564 3273 praesignati
1621 3172 1931 3272 Capituli
1981 3174 2423 3271 praebendis,

329 3311 482 3371 tum
521 3320 646 3391 pro
681 3296 1076 3393 quibusque
1114 3288 1488 3392 impendiis
1523 3294 1594 3366 in
1650 3294 1803 3390 ejus
1840 3292 2421 3391 Metropolitanae

327 3410 682 3487 Ecclesiae
731 3410 1066 3485 fabricam
1119 3423 1194 3486 et
1227 3412 1611 3486 sacrarium
1647 3412 2107 3509 divinumque
2153 3412 2423 3485 cultum

319 3530 658 3603 continuo
709 3526 1172 3617 conferendis,
1223 3540 1376 3603 tum
1413 3530 1713 3627 denique
1765 3552 1893 3626 pro
1946 3530 2255 3625 erigendi
2306 3552 2421 3604 se·-

325 3646 603 3719 minarii
655 3646 1046 3721 dioecesani
1099 3647 1614 3721 sustentatione
1666 3658 1879 3742 atque
1932 3646 2423 3735 increment03

323 3762 488 3837 hinc
523 3764 712 3837 dieta
740 3763 1140 3860 Apostolica
1167 3765 1585 3839 auctoritate
1619 3763 2025 3851 statuimus,
2054 3775 2137 3836 ut
2169 3784 2425 3861 quem·-

327 3880 712 3957 admodum
761 3904 804 3955 a
856 3882 1138 3956 laudato
1193 3880 1544 3956 Gubernio
1579 3903 1915 3977 sponsum
1954 3891 2065 3955 est
2099 3881 2231 3954 hae
2274 3880 2427 3954 sin-

321 3998 526 4095 gulae
583 4000 984 4076 dotationes
1047 4000 1136 4073 ad
1198 3999 1494 4073 aliorum
1548 3999 1963 4073 viciniorum
2023 3996 2425 4073 huiusmodi

325 4118 1070 4215 Archiepiscopatuum
1123 4140 1449 4194 normam
1501 4117 2026 4214 quamprimum
2079 4116 2265 4191 inter
2314 4117 2427 4189 in-

319 4232 770 4332 fmscriptum
821 4236 1302 4333 praesentium
1333 4233 1865 4341 Exequutorem
1913 4233 2419 4332 Apostolicum,
