3317 5267
2228 461 2375 531 289

270 560 520 649 mensis
571 572 807 646 martii
859 572 1046 645 inter
1097 570 1281 646 hanc
1333 571 1410 644 S.
1453 569 1715 645 Sedem
1772 570 2255 667 Apostolicam
2308 588 2385 647 et

267 688 634 765 Haitanum
699 688 1135 763 Gubernium
1189 690 1363 761 inita
1415 686 1632 761 fuerit
1686 686 1835 763 Con
1848 690 2089 764 ventio
2118 740 2141 777 ‚
2198 712 2382 787 quae

268 806 388 881 sub
445 808 562 881 die
639 806 982 905 vigesima
1041 806 1290 904 quinta
1353 803 1857 903 subsequentis
1952 806 2383 904 septembris

265 935 403 996 rata
435 923 774 1021 utrinque
811 924 1136 997 extiterit
1169 923 1725 1019 solemniterque
1776 923 2220 997 confirmata.
2278 924 2388 999 lta

265 1044 442 1117 enim
473 1096 494 1131 ,
551 1044 1158 1141 quemadmodum
1199 1064 1380 1139 opus
1437 1052 1594 1115 erat
1625 1094 1646 1129 ,
1704 1041 2025 1138 impensa
2062 1044 2382 1141 ejusdem

267 1156 592 1234 Gubernii
643 1159 982 1256 religione
1046 1181 1188 1234 non
1245 1157 1472 1233 solum
1529 1157 1707 1231 satis
1764 1172 2221 1255 prospectum
2270 1170 2385 1233 est

263 1274 340 1351 iis
389 1274 744 1363 omnibus„
783 1298 964 1374 quae
1019 1274 1476 1371 potissimum
1515 1274 1630 1347 vel
1669 1276 2066 1349 necessaria
2106 1276 2216 1349 vel
2254 1299 2388 1373 op·-

261 1406 548 1492 portuna
599 1395 687 1468 ad
741 1393 1051 1491 singulas
1104 1394 1470 1490 hujusmet
1522 1394 1758 1489 operis
1806 1392 2217 1469 dotationes
2259 1418 2377 1468 rc-

259 1512 648 1609 quiruntur‚
689 1532 940 1584 verum
987 1509 1206 1583 etiam
1244 1508 1527 1596 ceteris,
1567 1532 1755 1606 quae
1808 1510 1895 1583 ad
1950 1524 2229 1585 rectum
2268 1523 2384 1586 to-

259 1629 392 1703 tius
429 1626 784 1701 Dioecesis
835 1626 1156 1723 regimen
1193 1636 1269 1699 et
1303 1624 1997 1703 administrationem
2036 1629 2383 1704 interesse

257 1770 332 1822 ac
383 1748 609 1843 magis
661 1746 998 1841 expedire
1059 1742 1561 1818 censebantur.

397 1862 668 1953 Quibus
707 1862 1216 1959 praeordinatis
1255 1884 1332 1935 ac
1371 1863 1687 1951 statutis,
1716 1887 1940 1961 quum
1978 1860 2215 1939 dilecti
2252 1864 2381 1938 filii

253 1980 650 2079 Optimates
704 1984 826 2079 qui
879 1981 950 2054 iu
1004 1980 1307 2055 Haitana
1366 1978 1648 2055 Ditione
1713 1983 2071 2078 praedicta
2120 2006 2380 2080 supre-

251 2120 448 2173 mum
501 2098 822 2197 publicae
859 2099 960 2174 rei
1015 2100 1254 2175 locum
1309 2098 1634 2174 obtinent
1685 2100 2121 2175 humillimas
2162 2100 2379 2177 Nobis

251 2215 494 2291 offerre
546 2216 1094 2313 supplicationes
1146 2216 1687 2313 properaverint
1736 2216 2154 2314 implorandi
2194 2198 2393 2315 gra-⁹

247 2334 370 2423 tia,
425 2348 510 2408 ut
563 2334 750 2407 inter
799 2332 972 2407 alias
1025 2330 1537 2429 Episcopatum
1598 2333 1823 2407 etiam
1886 2331 2155 2431 Capitis
2208 2334 2379 2409 Hai-

247 2453 390 2525 tani
443 2463 765 2527 actutum
803 2451 1074 2548 erigere
1109 2450 1669 2526 clementissime
1712 2450 2197 2550 dignaremur,
2234 2451 2379 2529 Nos

242 2570 361 2666 qui
413 2570 600 2643 inter
649 2568 988 2666 plurimas
1047 2568 1432 2666 Apostolici
1499 2572 1873 2646 ministerii
1939 2595 2170 2660 curas,
2212 2574 2378 2671 qui-

237 2685 372 2762 bus
425 2686 736 2786 undique
787 2688 1182 2785 premimur
1211 2740 1232 2777 ,
1300 2688 1492 2761 illam
1545 2690 1835 2786 quidem
1906 2691 2377 2769 excellentie·-

237 2828 391 2880 rem
451 2830 607 2881 esse
659 2820 1037 2881 censemus
1091 2830 1342 2892 novos,
1399 2818 1775 2904 tamquam
1812 2808 1973 2882 fidei
2034 2810 2370 2898 tentoria,

233 2922 706 3021 Episcopatus
759 2948 1124 3022 novosque
1177 2926 1251 2997 in
1307 2922 1618 2999 Ecclesia
1674 2922 1804 3001 Dei
1871 2924 2202 3001 pastores
2254 2928 2369 2999 in-

229 3044 557 3129 stituere,
591 3066 716 3140 per
751 3066 930 3141 quos
961 3042 1356 3117 orthodoxa
1387 3040 1659 3139 Religio
1694 3056 2035 3141 augeatur
2058 3057 2136 3119 et
2164 3044 2373 3119 Chri-

227 3154 652 3235 stifidelibus
705 3160 1098 3257 spiritualia
1150 3182 1316 3233 vere
1371 3157 1795 3232 obvenerint
1854 3160 2117 3233 auxilia
2158 3212 2179 3249 ,
2246 3186 2372 3235 su·-

222 3292 514 3377 sceptas
542 3278 632 3353 ab
663 3281 913 3353 eodem
941 3276 1302 3354 Gubernio
1329 3278 1843 3375 postulationes
1886 3280 2145 3377 piaque
2197 3294 2367 3354 vota

221 3397 539 3495 benigno
575 3396 818 3472 favore
855 3397 1187 3493 prosequi
1229 3396 1576 3481 volentes,
1617 3416 1702 3469 ac
1736 3396 1810 3467 in
1848 3398 1953 3471 eis
1988 3409 2365 3497 contentas

216 3516 542 3613 aliasque
579 3516 800 3613 ipsius
827 3514 1164 3589 Gubernii
1201 3514 1747 3589 deliberationes
1776 3526 1853 3588 et
1876 3515 2361 3606 confirmatas,

215 3634 462 3731 quoad
493 3656 670 3730 opus
697 3646 836 3719 est,
866 3633 1282 3729 sponsiones
1325 3642 1652 3728 acceptas
1688 3644 2026 3731 ratasque
2062 3634 2369 3708 inviola-

209 3750 466 3825 biliter
513 3750 886 3837 babentes,
927 3772 1056 3824 nec
1094 3774 1234 3825 non
1275 3750 1597 3824 omnium
1633 3762 1710 3847 et
1742 3772 2361 3849 quorumcumque

207 3870 288 3941 in
348 3868 762 3966 hujusmodi
815 3870 1102 3965 negotio
1155 3870 1500 3943 interesse
1538 3868 1986 3955 habentium,
2028 3869 2140 3943 vel
2176 3894 2362 3967 quo-

203 3984 615 4059 modolibet
667 3982 929 4058 habere
983 3984 1592 4079 praesumentium
1646 3985 2024 4057 consensui
2080 4006 2171 4056 ex
2234 4008 2371 4058 sua-

199 4124 472 4200 prema
531 4101 604 4177 in
667 4102 978 4201 singulas
1041 4100 1394 4177 Ecclesiae
1449 4102 1879 4177 auctoritate
1920 4102 2357 4199 Apostolica‚

189 4242 439 4317 quam
489 4219 764 4315 plenius
815 4220 1071 4293 harum
1143 4219 1324 4293 serie
1375 4230 1729 4315 quatenus
1782 4240 1961 4315 opus
2030 4218 2133 4293 sit
2180 4242 2357 4317 sup-
