3317 5267
2335 416 2478 489 393

354 518 733 617 pitularem
782 517 1063 617 eligere,
1104 523 1226 619 qui
1268 520 1487 620 probe
1524 523 1932 621 utiliterque
1969 536 2248 622 sat-agat
2285 530 2479 624 ejus-

354 640 523 713 dem
578 637 933 713 Ecclesiae
996 662 1077 713 ac
1140 638 1495 714 Dioecesis
1554 640 1896 735 regimen,
1939 655 2009 714 et
2050 644 2477 719 ordinariam

354 760 743 833 vacationis
802 769 1119 853 tempore
1174 760 1244 830 in
1308 754 1557 831 eadem
1622 756 1928 831 Civitate
1999 771 2074 832 et
2152 758 2470 836 Dioecesi

358 876 1041 950 administrationem
1098 875 1381 948 habere.
1441 875 1513 949 Si
1570 898 1744 947 vero
1793 888 1869 949 et
1921 878 2194 971 quoties
2248 902 2472 974 prae-

348 993 497 1067 fata
552 994 825 1067 vacatio
877 994 1207 1069 acciderit
1268 1004 1671 1090 antequam*
1711 990 2124 1067 Cathedrale
2175 994 2469 1093 Capitu—

347 1108 523 1199 lum,
583 1110 685 1185 uti
738 1111 1007 1185 dietum
1046 1136 1087 1185 a
1126 1110 1339 1185 Nobis
1376 1125 1513 1197 est,
1554 1112 2056 1199 constituatur,
2099 1124 2250 1185 tum
2291 1114 2473 1187 illico

350 1242 425 1302 et
474 1198 887 1303 immediate
942 1227 1451 1305 Dioecesanum
1518 1229 1840 1325 regimen
1894 1241 1968 1301 et
2019 1230 2472 1303 administra-

348 1351 614 1423 tionem
668 1350 1013 1445 suscipiat
1049 1360 1123 1423 et
1162 1362 1449 1446 peragat
1500 1350 1619 1445 qui
1674 1360 1843 1423 tunc
1895 1350 1965 1421 in
2021 1348 2279 1425 Vicarii
2329 1350 2472 1425 Ge-

344 1466 600 1539 neralis
652 1465 881 1539 officio
934 1466 1437 1560 comperietur.
1482 1463 1690 1554 Quod
1744 1468 1804 1538 si
1857 1465 2095 1561 plures
2131 1490 2258 1562 per
2311 1492 2468 1543 eam

350 1578 741 1657 Dioeeesim
800 1580 1056 1655 Vicarii
1112 1580 1489 1655 Gener-ales
1542 1582 1678 1688 hoc
1733 1604 2026 1657 munere
2080 1583 2404 1659 fruentur
2443 1640 2466 1670 ‚

340 1697 457 1771 ille
494 1700 873 1794 praecipue
926 1698 1231 1771 officium
1284 1698 1517 1794 ipsum
1572 1688 1832 1771 narare
1885 1712 2160 1795 pergat,
2201 1702 2324 1797 qui
2377 1700 2468 1773 ab

340 1812 697 1910 Episcopo
715 1826 901 1887 ,ante
942 1815 1379 1889 vacationem
1418 1813 1631 1887 fuerit
1669 1816 2042 1909 speciatim
2079 1816 2167 1888 ad
2204 1816 2272 1889 id
2311 1838 2468 1902 rna·-

350 1942 515 2004 turo
556 1929 821 2025 judicio
872 1931 1281 2026 deputatus,
1324 1944 1448 2003 aut
1486 1931 1599 2003 ille
1638 1932 1760 2028 qui
1817 1932 2009 2028 prior
2059 1932 2467 2025 nominatus

337 2046 553 2122 fuerit
604 2048 693 2121 ab
768 2047 1121 2145 Episcopo
1198 2056 1273 2121 in
1356 2048 1581 2123 officio
1637 2046 1892 2121 Vicarii
1948 2052 2280 2147 gerendo.
2335 2050 2466 2125 Cui

328 2166 619 2262 quidem
654 2164 926 2240 Vicario
969 2166 1185 2240 veluti
1222 2164 1605 2261 Capitulari
1644 2176 1720 2239 et
1757 2164 2064 2239 Praesidi
2107 2165 2460 2241 Dioecesis

328 2284 437 2357 sic
490 2282 719 2357 electo
769 2305 1020 2357 omnes
1078 2280 1431 2357 Dioecesis
1496 2282 1613 2353 alii
1687 2280 1969 2370 vicarii,
2028 2275 2456 2381 Presbyteri,

328 2412 407 2473 et
454 2400 719 2475 incolae
752 2450 775 2488 ,
831 2398 1339 2497 cujuscumque
1394 2400 1653 2493 gradus
1708 2396 1968 2471 fuerint
2010 2453 2030 2486 ‚
2087 2424 2335 2496 parere
2392 2402 2460 2472 in

328 2516 635 2593 Domino
675 2530 1079 2604 teneantur,
1146 2518 1375 2591 donec
1426 2542 1655 2593 novus
1707 2518 1872 2591 huic
1926 2513 2244 2593 Dioecesi
2311 2519 2456 2593 Pu·-

326 2637 597 2711 niensis
667 2635 995 2709 Antiates
1046 2660 1189 2709 non
1244 2634 1461 2711 suerit
1514 2634 1876 2709 suffectus.
1933 2618 2514 2709 interveniente'

326 2768 569 2829 autem
622 2776 817 2843 casu,
870 2776 1015 2851 quo
1068 2755 1385 2829 nondum
1445 2752 1848 2827 Cathedrali
1905 2752 2234 2848 Capitulo
2286 2778 2461 2829 con-

326 2874 515 2949 fecto
570 2874 960 2971 Episcopus
1012 2875 1202 2947 diem
1256 2874 1515 2947 obierit
1566 2896 2014 2967 supremum,
2063 2896 2293 2969 neque
2334 2874 2457 2945 ul·-

321 2992 473 3067 lmn
524 2992 918 3087 specialiter
968 2992 1418 3089 deputaverit
1464 2988 1847 3077 vicarium,
1905 3003 2075 3063 tunc
2129 2992 2216 3063 ad
2271 2991 2455 3065 illius

320 3108 679 3184 Ecclesiae
732 3107 1171 3183 Cathedralis
1224 3120 1438 3205 atque
1492 3106 1852 3181 Dioecesis
1908 3106 2280 3181 Puniensis
2345 3134 2461 3182 re·-

320 3228 561 3322 gimen
622 3240 937 3325 tempore
977 3226 1367 3301 vacationis
1402 3226 1789 3323 gerendum
1829 3236 2320 3321 competenter
2367 3229 2456 3303 ad

318 3344 941 3443 Metropolitanum
986 3346 1398 3418 Antistitem
1452 3342 1828 3417 Limanum
1885 3356 2312 3431 recurratur,
2375 3358 2456 3420 ut

320 3462 487 3537 huic
523 3462 805 3559 negotio
842 3462 1339 3559 prospiciatur,
1376 3483 1457 3535 ac
1492 3482 1575 3533 ea
1612 3470 1806 3533 recte
1842 3460 2200 3557 probeque
2253 3464 2456 3536 adhi-

316 3576 623 3653 beantur
674 3590 887 3675 atque
924 3588 1323 3664 serventur,
1364 3600 1545 3675 quae
1600 3600 1641 3649 a
1692 3576 1850 3672 jure
1905 3578 2246 3652 canonico
2281 3602 2452 3652 san-

316 3697 457 3771 cita
512 3707 725 3793 atque
775 3696 973 3791 jussa
1023 3694 1583 3790 comperiuntur.
1626 3692 1904 3769 interea
1963 3707 2207 3767 tamen
2265 3705 2456 3767 tem·-

315 3814 507 3909 poris
587 3814 989 3911 saepedicto
1056 3813 1463 3911 Apostolico
1526 3812 1973 3911 Exequutori
2039 3813 2452 3886 committi-

322 3954 511 4020 mus,
564 3932 751 4030 quod
791 3932 1004 4006 simul
1040 3956 1121 4005 ac
1159 3931 1333 4006 novi
1368 3932 1578 4028 hujus
1616 3930 2095 4029 Episcopatus
2138 3928 2455 4005 Punien-

316 4050 417 4123 sis
469 4051 901 4125 erectionem
956 4049 1337 4125 confecerit
1382 4102 1401 4131 ‚
1456 4050 1517 4123 si
1574 4048 1992 4123 Gathedrale
2045 4045 2448 4145 Capitulum

311 4169 745 4243 constituere
800 4170 1115 4243 nondum
1156 4168 1499 4265 potuerit,
1544 4168 1867 4264 protinus
1919 4169 2070 4265 ipse
2119 4168 2447 4264 prudenti
