3317 5267
2302 418 2449 494 263

325 555 400 618 et
427 566 568 620 non
595 553 882 616 careant
905 544 978 615 in
1006 528 1484 638 spiritualibus
1513 542 1969 615 incrementa.
2004 540 2451 614 Ecclesiasti-

323 666 426 737 cis
460 663 748 759 proinde
783 662 1084 757 negotiis
1119 664 1192 735 in
1228 660 1723 757 Hispaniarum
1762 660 2009 756 Regno
2046 658 2443 734 miserrime

323 780 754 877 perturbatis
809 780 1160 855 efficacem
1213 792 1832 878 opportunamque
1895 802 2107 877 opem
2169 778 2451 851 allaturi

323 898 728 993 impensum
783 897 1212 971 contulimus
1266 898 1583 971 studium
1641 908 1717 969 et
1770 897 2453 982 sollicitudinem‚.ut

326 1013 510 1087 inter
561 1014 742 1087 hanc
793 1012 1130 1087 Sanctam
1186 1012 1442 1087 Sedem
1496 1024 1570 1086 et
1623 1014 1943 1109 ejusdem
2002 1013 2227 1109 Regni
2280 1009 2449 1084 Gu—

327 1128 656 1203 bernium
721 1150 908 1203 anno
969 1126 1109 1201 Dfii
1161 1130 1538 1204 millesimo
1601 1130 2193 1225 octingentesimo
2252 1128 2449 1224 quin-

321 1247 734 1342 quagesimo
798 1246 1030 1340 primo
1107 1246 1196 1318 ad
1255 1247 1610 1343 religionis
1674 1258 2007 1320 tutamen
2064 1256 2139 1319 et
2198 1246 2447 1316 incre-

321 1375 642 1437 mentum
694 1365 992 1437 iniretur
1045 1360 1444 1439 Conventio
1495 1386 1621 1459 per
1652 1362 2093 1459 Apostolicas
2130 1362 2451 1457 ejusdem

321 1481 486 1551 anni
540 1478 844 1553 Litteras
898 1480 1312 1575 incipientes
1350 1506 1382 1549 «
1418 1478 1530 1552 Ad
1562 1478 1927 1554 Vicariam
1982 1480 2259 1553 aeterni
2299 1477 2449 1550 Pa-

319 1595 528 1668 storis
575 1597 1156 1693 procurationem
1201 1622 1234 1664 »
1296 1597 1595 1670 solemni
1647 1598 2011 1671 sanctione
2064 1595 2393 1670 roborata
2424 1648 2449 1681 ,

321 1714 432 1785 cui
469 1712 774 1786 alterum
799 1715 1204 1810 insequenti
1231 1734 1418 1788 anno
1441 1714 1820 1789 millesimo
1862 1716 2449 1812 octingentesimo

319 1831 908 1927 quinquagesimo
985 1854 1174 1905 nono
1237 1830 1765 1926 superadditum
1820 1832 1959 1905 fuit
2006 1832 2255 1907 foedus
2288 1884 2309 1919 ‚
2366 1842 2449 1905 ut

315 1948 652 2021 nimirum
689 1950 1060 2045 complexa
1089 1972 1322 2023 rerum
1353 1951 1675 2023 omnium
1704 1962 2137 2024 statutarum
2166 1970 2447 2025 summa

319 2064 590 2139 facilius
641 2068 728 2141 ad
782 2079 1201 2161 exoptatum
1257 2068 1534 2139 exitum
1587 2068 1879 2141 tandem
1916 2069 2443 2163 perduceretur.

471 2184 566 2257 Et
617 2208 692 2257 re
743 2186 1030 2282 quidem
1084 2206 1252 2259 vera
1303 2186 1488 2258 inter
1541 2185 1677 2259 alia
1738 2186 2105 2261 deliberari
2160 2188 2443 2260 curavi·-

317 2320 503 2387 muS,
545 2312 626 2373 ut
661 2302 748 2375 ad
785 2302 1230 2397 exploratam
1265 2302 1546 2375 illorum
1581 2300 2157 2375 Christifidelium
2196 2324 2447 2375 neces-

313 2417 600 2489 sitatem
655 2431 869 2515 atque
924 2420 1306 2493 utilitatem
1362 2442 1546 2494 nova
1601 2420 1673 2491 in
1711 2421 2042 2493 universa
2067 2418 2445 2493 Peninsula

317 2545 392 2607 et
441 2534 696 2611 Insulis
742 2536 1226 2633 adjacentibus
1263 2536 1706 2613 Dioecesium
1746 2539 1997 2613 divisio
2034 2549 2109 2611 et
2142 2538 2449 2611 circum-

311 2652 602 2748 scriptio
651 2653 878 2739 fleret,
921 2678 1052 2729 nec
1087 2679 1226 2729 non
1267 2667 1414 2729 tres
1449 2678 1677 2730 novae
1709 2644 2155 2752 erigerentur
2194 2652 2447 2727 Cathe-

306 2770 534 2843 drales
585 2770 942 2845 Ecclesiae
975 2825 996 2860 ,
1053 2795 1356 2869 quarum
1409 2796 1550 2844 una
1603 2774 1677 2844 in
1732 2772 2025 2847 civitate
2092 2770 2445 2845 Victoriae

309 2910 472 2962 cum
501 2914 628 2963 suo
665 2888 1098 2965 Dioecesano
1127 2892 1479 2965 territorio
1517 2916 1606 2965 ex
1645 2892 1731 2961 iis
1768 2890 2088 2963 finitimis
2140 2890 2449 2962 circum-

310 3006 490 3093 sitia,
519 3028 778 3103 nempe
807 3010 1066 3103 partim
1101 3031 1194 3081 ex
1231 3007 1602 3103 Burgensi‚
1644 3007 1905 3102 partim
1942 3029 2035 3079 ex
2086 3003 2447 3099 Calaguri-

247 3172 252 3179 ·
315 3134 506 3211 tana,
563 3126 826 3219 partim
859 3149 950 3199 ex
977 3125 1548 3199 Santanderiensi
1577 3120 2057 3207 DioeeesibuS‚
2088 3142 2301 3216 quam
2332 3120 2445 3192 ni-

310 3242 455 3313 mia
481 3244 834 3339 protentis
859 3243 1324 3339 amplitudine
1352 3240 1955 3315 accommodatius
1982 3237 2441 3313 conficiendo.

469 3361 623 3446 Ast,
679 3364 1008 3457 quamvis
1061 3361 1234 3434 haec
1286 3360 1636 3455 generalis
1687 3357 2057 3454 dispositio
2128 3357 2443 3431 nondum

309 3500 402 3552 ex
451 3478 778 3553 condicto
827 3480 1066 3575 peragi
1119 3479 1431 3573 potuerit
1475 3530 1494 3561 ,
1557 3486 1881 3547 attamen
1936 3472 2319 3547 Carissima
2372 3474 2445 3553 in

313 3595 596 3672 Christo
649 3597 824 3671 Filia
877 3598 1132 3673 Nostra
1187 3584 1556 3669 Elisabeth
1607 3594 1743 3668 hoc
1795 3594 2083 3668 nomine
2121 3593 2447 3667 Secunda

311 3714 808 3810 Hispaniarum
841 3716 1108 3812 Regina
1133 3713 1500 3787 Catholica
1529 3714 1715 3785 votis
1741 3713 2245 3807 deputatorum
2262 3708 2445 3783 Ala-

311 3836 494 3921 viae,
535 3833 916 3931 Guipusiae
967 3848 1044 3907 et
1095 3832 1516 3906 Cantabriae
1569 3830 1703 3903 sibi
1741 3830 1929 3905 ultro
1968 3828 2277 3925 panditis
2312 3852 2445 3924 pro

313 3976 438 4027 sua
497 3955 756 4048 pietate
809 3948 1283 4047 suffragando,
1323 3951 1568 4023 enixas
1607 3948 2119 4043 postulationes
2154 3968 2283 4042 per
2318 3944 2447 4019 Di-

318 4069 584 4143 lectum
635 4069 888 4144 Filium
943 4068 1270 4143 Nobilem
1336 4065 1584 4139 Virum
1622 4064 1959 4160 Equitem
2004 4062 2445 4163 Gherardum

315 4186 544 4261 Souza
597 4186 748 4282 ejus
802 4184 1502 4283 Plenipotentiarium
1564 4183 2075 4257 Administrum
2130 4206 2259 4259 suo
2312 4206 2445 4257 no-
