3317 5267
862 536 1231 619 stendunt,
1287 528 1885 626 quemadmodum
1948 530 2355 606 hominibus
2406 544 2603 609 recte
2664 534 3009 610 animatis

867 678 1050 754 opus
1099 648 1392 727 omnino
1443 647 1538 721 sit
1590 647 1881 721 tendere
1934 649 2021 723 ad
2071 648 2258 723 hanc
2292 648 2697 725 Beatissimi
2728 648 3011 729 Princi-

868 770 980 868 pis
1034 763 1534 865 Apostolorum
1585 760 2012 837 cathedram
2046 816 2067 851 ,
2121 763 2353 839 lucem
2391 776 2743 842 terrarum
2778 766 3009 857 orbis,

866 910 1048 985 quae
1097 885 1442 981 magistra
1495 882 1813 955 veritatis
1848 892 1926 955 et
1958 884 2204 957 nuntia
2258 884 2507 959 salutis
2542 908 2829 983 semper
2872 886 3013 961 do-

745 1096 760 1107 ,
869 1003 1020 1080 cuit
1048 1054 1071 1090 ,
1125 1012 1202 1076 et
1248 1022 1474 1097 usque
1527 999 1616 1071 ad
1672 999 2369 1076 consummationem
2416 1001 2679 1077 saeculi
2726 1003 3015 1078 immn-

869 1118 1121 1195 tabiles
1173 1128 1506 1191 aeternae
1559 1116 1875 1191 iustitiae
1926 1116 2121 1214 leges
2173 1118 2425 1193 docere
2470 1142 2841 1216 nunquam
2878 1121 3013 1195 de·-

867 1238 1078 1315 sinet.
1139 1234 1453 1307 Tantum
1511 1255 1677 1307 vero
1712 1230 1943 1320 abest,
1973 1232 2353 1331 ut31taliae
2389 1236 2634 1333 populi
2672 1235 2763 1310 ab
2807 1236 3015 1311 hisce

867 1351 1454 1431 luculentissimis
1508 1348 1739 1427 filialis
1794 1370 1963 1447 erga
2002 1350 2061 1423 A
2068 1351 2485 1446 postolicam
2520 1352 2708 1427 hanc
2742 1352 3021 1429 Sedem

869 1470 1130 1547 amoris
1183 1480 1259 1543 et
1311 1468 1813 1545 observantiae
1868 1468 2301 1545 testimoniis
2372 1468 2801 1547 abstinuerit
2828 1522 2852 1559 ,
2924 1482 3017 1547 ut

871 1591 1095 1667 immo
1145 1587 1568 1685 quamplura
1621 1592 1925 1661 ‘centena
1964 1590 2281 1685 ipsorum
2316 1590 2538 1664 millia
2572 1588 2716 1665 Nos
2754 1612 3015 1665 aman-

873 1705 1170 1781 tissimis
1218 1704 1478 1779 litteris
1529 1704 1891 1782 adiverint
1938 1728 2083 1781 non
2132 1729 2221 1783 eo
2271 1708 2563 1804 quidem
2598 1708 2895 1783 consilio
2928 1718 3017 1781 ut

868 1822 1390 1901 conclamatam
1441 1845 1484 1895 a
1535 1820 2069 1901 veteratoribus
2118 1823 2769 1903 reconciliationem
2806 1836 3018 1921 pete-

869 1953 1058 2031 rent,
1095 1942 1224 2017 sed
1259 1953 1344 2017 ut
1376 1940 1673 2023 Nostrae
1706 1941 2099 2028 molestias,
2138 1966 2433 2040 poenas,
2466 1966 2769 2042 angores
2808 1966 3017 2019 sum-

869 2082 1160 2159 mopere
1196 2058 1546 2147 dolerent,
1601 2082 1961 2157 suumque
1996 2082 2167 2156 erga
2202 2058 2353 2135 Nos
2386 2058 2723 2137 affectum
2756 2060 2961 2137 omni
2991 2100 3013 2111 ·

869 2178 1082 2253 mode
1133 2176 1666 2264 confirmarent,
1718 2188 1797 2251 et
1846 2174 2193 2251 nefariam
2228 2176 2785 2273 sacrilegamque
2822 2176 3011 2251 civi-

869 2292 958 2369 lis
1007 2293 1246 2369 Nostri
1297 2294 1757 2390 eiusdemque
1792 2292 1994 2369 Sedis
2034 2293 2472 2390 principatus
2508 2292 3011 2389 spoliationem

871 2409 1090 2485 etiam
1141 2419 1358 2506 atque
1409 2409 1628 2485 ctiam
1681 2408 2228 2485 detestarentur.

1029 2524 1213 2605 Cum
1266 2548 1477 2623 porro
1530 2527 1632 2599 ita
1683 2548 1761 2601 se
1814 2548 1929 2600 res
1990 2526 2305 2603 habeant
2340 2576 2362 2615 ,
2426 2538 2816 2625 antequam
2886 2526 3013 2603 lo-

873 2643 1132 2741 quendi
1167 2642 1385 2721 finem
1419 2641 1789 2731 faciamus,
1824 2664 2067 2721 coram
2104 2640 2257 2721 Deo
2278 2654 2357 2721 et
2378 2643 2787 2721 hominibus
2820 2643 3013 2721 clare

873 2771 1258 2860 aperteque
1307 2760 1775 2847 declaramus,
1814 2760 2083 2837 nullam
2118 2784 2409 2857 prorsus
2442 2762 2695 2839 adesse
2718 2782 3009 2837 causam

874 2902 1092 2977 quare
1143 2902 1308 2955 cum
1339 2880 1674 2977 quopiam
1706 2879 1849 2957 Nos
1874 2880 2307 2961 reconciliari
2358 2879 2770 2961 debeamus.
2808 2876 3013 2971 Quo-

873 2998 1070 3075 niam
1123 3018 1322 3084 vero,
1375 2996 1540 3073 licet
1591 2998 2083 3085 immerentes,
2118 2996 2313 3073 Illius
2346 2998 2465 3074 hic
2499 2998 2573 3075 in
2610 3000 2819 3075 terris
2856 2998 3013 3075 viee

875 3114 1263 3212 fungimur,
1315 3116 1441 3212 qui
1494 3138 1624 3211 pro
1677 3116 2315 3214 transgressoribus
2366 3117 2649 3215 rogavit
2702 3118 3015 3192 veniam·

875 3256 1016 3335 que
1043 3232 1277 3330 petiit,
1318 3232 1540 3329 probe
1573 3234 1923 3307 sentimus
1960 3256 2003 3306 a
2044 3232 2263 3309 Nobis
2296 3235 2731 3333 parcendum
2764 3234 2855 3309 iis
2890 3232 3015 3331 qui

873 3350 1019 3429 Nos
1071 3354 1401 3440 oderunt,
1457 3372 1540 3425 ac
1591 3374 1722 3449 pro
1774 3353 1951 3449 ipsis
1998 3354 2345 3429 orandum
2400 3366 2481 3429 ut
2530 3354 2811 3430 divinae
2846 3374 3013 3451 gra·-

877 3471 1018 3543 tiae
1071 3471 1343 3545 auxilio
1389 3471 1833 3568 resipiscant,
1888 3484 2105 3571 atque
2156 3476 2257 3549 ita
2306 3474 2517 3563 illius,
2570 3476 2696 3572 qui
2746 3471 3011 3551 Christi

875 3587 992 3669 hic
1043 3589 1120 3661 in
1174 3590 1384 3665 terris
1431 3591 1769 3671 vicariam
1822 3593 2009 3688 gerit
2056 3614 2387 3689 operam,
2438 3592 3011 3669 benedictionem

875 3719 1439 3811 promereantur.
1495 3705 1837 3781 Libenter
1885 3710 2133 3807 utique
2182 3734 2313 3807 pro
2366 3710 2503 3787 illis
2538 3732 2855 3799 oramus,
2884 3708 3011 3785 iis-

876 3806 1042 3924 que,
1098 3827 1346 3901 statim
1399 3848 1482 3898 ac
1533 3826 1985 3922 resipuerint,
2040 3826 2405 3923 ignoscere
2454 3850 2541 3906 ac
2588 3826 3007 3905 benedicere

878 3944 1106 4045 parati
1157 3966 1429 4021 sumus.
1488 3942 1782 4019 Interim
1834 3954 2075 4019 tamen
2134 3968 2277 4023 non
2328 3966 2709 4043 possumus
2743 3946 3009 4019 inertes

878 4060 1194 4151 haerere,
1252 4065 1470 4139 veluti
1520 4064 1642 4161 qui
1698 4062 1961 4137 nullam
1997 4064 2087 4139 de
2122 4063 2450 4139 humanis
2483 4060 3007 4140 calamitatibus

881 4200 1124 4261 curam
1175 4183 1493 4287 capiunt3
1532 4206 1673 4263 non
1712 4204 2089 4287 possumus
2130 4204 2275 4259 non
2314 4182 2775 4261 vehementer
2804 4202 3008 4260 com·-
