3317 5267
902 428 1051 503 38⁰
1496 540 1752 637 1>le
1809 538 2422 637 EPISGOPVS

1582 930 1802 981 atavus
1841 926 2148 981 atavorum
2185 932 2286 981 »81

1463 1186 1535 1230 An
1578 1182 1908 1231 nurerum
1949 1182 2046 1229 ⁸81
2072 1180 2401 1231 nnuman.

895 1408 1005 1573 ln
1062 1496 1493 1592 procuranda
1545 1492 1962 1569 universalis
2013 1490 2368 1568 Ecclesiae
2403 1486 3021 1571 administratione

895 1612 1275 1688 humilitati
1316 1606 1801 1701 Nostrae‚Deo
1835 1612 1938 1686 sic
1975 1611 2567 1719 volente,jamdiu
2603 1614 3012 1688 concredita

894 1733 1080 1804 inter
1170 1739 1277 1804 tot
1357 1741 1733 1826 tantasque
1847 1730 2212 1825 angustias
2253 1778 2274 1815 ‚
2349 1726 2605 1825 quibus
2699 1730 3014 1827 undique

902 1848 1297 1945 premimur
1335 1900 1356 1934 ‚
1442 1868 1583 1920 non
1662 1846 1820 1919 leve
1908 1840 2406 1921 consolationis
2483 1859 2698 1943 atque
2779 1848 3015 1942 gaudii

904 1964 1121 2039 Nobis
1172 1965 1503 2039 solatium
1542 1976 1657 2037 est
1718 1963 2140 2037 catholicam
2205 1963 2622 2059 religionem
2657 1964 2730 2035 in
2759 1965 3012 2062 aliqui-⁶

903 2084 1037 2157 bus
1096 2080 1457 2157 Americae
1540 2082 1947 2181 regionibus
2031 2100 2440 2179 prosperare
2482 2133 2502 2167 ‚
2570 2080 3009 2157 Christiflde-

888 2201 1061 2274 lium
1119 2223 1497 2274 numerum
1536 2200 1623 2274 de
1654 2200 1768 2274 die
1805 2200 1874 2273 in
1911 2199 2098 2274 diem
2139 2198 2403 2295 augeri,
2439 2220 2800 2295 novasque
2827 2220 3006 2296 opus

887 2340 1045 2391 esse
1099 2314 1551 2413 Episcopales
1606 2318 1825 2391 Sedes
1851 2316 2142 2411 erigere,
2183 2338 2326 2412 quo
2353 2308 2604 2389 melius
2662 2316 3012 2391 dominico

890 2434 1081 2527 gregi
1159 2434 1519 2529 sacrisque
1570 2432 1782 2507 rebus
1835 2432 2306 2529 prospiciatur
2366 2486 2381 2503 .
2439 2428 2642 2520 Quod
2721 2433 3008 2529 quidem

886 2549 1045 2648 jure
1084 2551 1479 2647 meritoque
1512 2550 1888 2625 dicendum
1915 2561 2026 2625 est
2050 2550 2140 2624 de
2171 2550 2566 2624 Peruviana
2599 2543 3010 2647 Republica,

898 2664 1099 2761 cujus
1143 2663 1577 2739 Gubernium
1633 2665 1853 2763 probe
1903 2667 2138 2742 sciens
2185 2689 2398 2741 unam
2479 2665 2818 2741 Sanctam
2871 2666 3006 2739 Ca·-

896 2782 1227 2859 tholicam
1280 2784 1668 2859 Ecclesiam
1721 2808 1932 2882 posse
1991 2787 2184 2861 cives
2217 2786 2288 2859 in
2327 2785 2554 2860 officio
2622 2786 3014 2871 continere,

886 2922 1157 2999 eosque
1210 2898 1531 2975 subditos
1584 2900 1856 2999 legibus
1905 2902 2121 2976 etiam
2177 2913 2466 2998 propter
2499 2902 3002 2977 conscientiam

884 3020 1185 3093 reddere
1215 3070 1237 3107 ,
1298 3017 1476 3093 nihil
1527 3019 1958 3093 intentatum
2011 3020 2394 3117 relinquit,
2433 3032 2515 3092 ut
2567 3042 2732 3094 vere
2783 3032 2862 3093 et
2909 3044 2998 3095 ex

888 3138 1127 3212 animo
1178 3158 1298 3213 om
1314 3158 1441 3209 nes
1476 3136 1631 3233 ejus
1693 3138 1996 3232 regionis
2031 3134 2528 3211 Christifideles
2561 3137 2776 3211 fidem
2827 3162 2990 3235 pro-

882 3256 1245 3342 fiteantur,
1277 3255 1572 3353 ideoque
1624 3257 1864 3330 omnia
1917 3256 2050 3329 illis
2105 3256 2366 3329 auxilia
2401 3256 2488 3329 ad
2539 3255 2676 3331 hoc
2727 3282 3001 3333 conve-

884 3374 1163 3447 nienter
1248 3376 1700 3471 suppeditare
1755 3398 1896 3449 non
1951 3374 2231 3449 desinit.
2287 3372 2560 3463 Quibus
2609 3378 2798 3451 curis
2871 3371 2998 3451 ob-

892 3492 1273 3587 sequendo
1360 3489 1483 3564 felt
1560 3514 1738 3565 rec:
1813 3489 2189 3586 Gregorius
2240 3488 2385 3565 ΓΡ.
2439 3490 2600 3566 xvl
2685 3492 2996 3569 Praede-

884 3634 1125 3685 cessor
1208 3610 1463 3687 Noster
1544 3633 1772 3707 quum
1841 3630 2026 3685 anno
2104 3606 2390 3686 Domini
2465 3612 2840 3689 millesimo
2917 3637 3004 3687 o-

881 3730 1427 3826 ctingentesimo
1524 3731 1883 3825 trigesimo
1959 3741 2213 3804 octavo
2316 3730 2758 3830 Apostolicae
2849 3732 2998 3807 Lit-

880 3860 1075 3921 terae
1152 3870 1281 3943 pro
1358 3869 1545 3922 novo
1605 3844 2008 3921 Guzscanae
2059 3844 2416 3924 Ecclesiae
2465 3848 2820 3947 Episcopo
2869 3874 2998 3925 ex-

879 3963 1314 4059 pedirentur,
1370 3984 1629 4059 nempe
1720 3984 1848 4058 pro
1931 3960 2250 4059 Eugenio
2317 3966 2407 4039 de
2487 3964 2824 4043 Mendoza
2901 3965 2990 4041 clx

880 4100 1099 4153 mem:
1158 4079 1248 4153 ad
1300 4079 1489 4155 illam
1548 4092 1716 4154 tunc
1767 4090 2094 4175 promoto
2145 4084 2500 4179 expressis
2528 4084 2762 4159 verbis
2841 4082 2986 4158 Sibi

882 4205 959 4267 et
988 4194 1427 4293 Apostolicae
1454 4196 1615 4272 Sedi
1671 4196 2076 4272 facultatem
2123 4202 2514 4277 reservavit
2555 4224 2819 4277 novam
2868 4202 3002 4275 de«
