3317 5267
2258 429 2401 499 525

289 543 854 647 congregationis
907 542 1294 639 praefecto,
1353 542 1719 618 Ludovico
1770 542 2017 617 Altieri
2080 525 2409 640 episcopo

293 661 672 742 Albanensi
723 681 980 733 causae
1031 657 1334 733 relatore
1405 659 1733 754 superius
1784 668 2183 734 memorato
2211 709 2233 745 ,
2288 681 2410 732 ce-

291 787 606 880 terisque
655 780 742 854 de
797 801 994 854 more
1030 777 1386 864 admissis,
1425 778 1761 852 universa
1796 778 2141 875 seraphici
2176 775 2409 852 Patris

290 901 556 975 familia
607 898 966 986 audiente,
1005 895 1472 993 plurimisque
1507 919 1598 969 ex
1625 895 1887 970 Ordine
1924 896 2410 971 sanctissimae

295 1015 670 1090 Trinitatis
723 1035 854 1110 pro
903 1011 1206 1107 captivis
1243 1009 1741 1106 recuperandis
1774 1010 2246 1100 adstantibus,
2282 1012 2413 1085 de-

296 1132 654 1206 crevimus
705 1131 793 1204 ad
830 1119 1454 1203 Canonizationem
1489 1128 1997 1226 quoqueBeati
2048 1128 2407 1204 Michaelis

295 1259 452 1324 tuto
505 1247 786 1345 procedi
843 1268 1077 1342 posse.

449 1365 514 1458 §.
578 1367 698 1438 13.
752 1361 834 1435 In
889 1363 1026 1436 hoc
1076 1371 1318 1434 autem
1373 1359 1797 1458 gravissimo
1860 1361 2145 1458 negotio
2218 1385 2411 1458 prae-

294 1482 636 1576 scriptam
712 1491 1217 1576 servatamque
1297 1503 1338 1554 a
1418 1479 2075 1577 praedecessoribus
2137 1479 2411 1554 Nostris

290 1599 544 1694 agendi
573 1600 918 1673 rationem
947 1621 1231 1672 servare
1267 1601 1634 1696 cupientes
1671 1599 2039 1674 universos
2091 1599 2403 1694 primum
2518 1617 2527 1626 ·

287 1723 574 1790 sanctae
626 1737 962 1790 romanae
1012 1712 1374 1789 Ecclesiae
1427 1711 1833 1787 Cardinales
1884 1713 1953 1786 in
1990 1714 2409 1790 consistorio

287 1833 533 1910 habito
583 1833 814 1908 idibus
867 1833 1034 1928 maji
1095 1833 1442 1906 volventis
1497 1825 1662 1905 anni
1716 1833 2145 1906 sententiam
2198 1855 2412 1928 roga-

291 1951 430 2025 turi
483 1973 722 2028 coram
775 1949 992 2024 Nobis
1045 1951 1658 2045 congregavimuS,
1688 1951 1806 2045 qui
1835 1947 2025 2022 beati
2048 1947 2409 2023 Michaelis

291 2067 470 2142 actis
521 2090 564 2140 a
639 2066 904 2142 dilecto
987 2065 1132 2142 filio
1219 2066 1492 2141 Ioanne
1579 2065 1905 2162 Baptista
1984 2063 2087 2140 De
2159 2063 2410 2140 Domi-

293 2185 470 2260 nicis
527 2184 726 2261 Tosti
779 2207 1020 2259 sacrae
1073 2183 1371 2259 Nostrae
1423 2183 1929 2258 consistorialis
2006 2182 2207 2257 aulae
2280 2182 2409 2257 ad-

291 2314 545 2378 vocato
597 2303 858 2378 auditis
914 2303 1056 2378 Nos
1112 2303 1200 2376 ad
1227 2303 1620 2398 legitimam
1676 2323 1927 2376 causae
1952 2300 2165 2397 hujus
2202 2299 2415 2377 abso-

287 2417 628 2494 lutionem
665 2441 804 2492 una
847 2441 1014 2494 voce
1043 2418 1420 2494 cohortati·
1443 2427 1635 2491 sunt.
1695 2414 2116 2492 curavimus
2152 2417 2407 2492 deinde

289 2547 370 2609 ut
419 2559 558 2610 non
637 2537 850 2613 modo
906 2537 1296 2611 viciniores
1355 2535 1693 2632 episcopi,
1750 2535 1873 2608 sed
1950 2533 2407 2610 remotissimi

290 2654 800 2751 quoque,iique
835 2655 956 2751 qui
991 2653 1366 2729 orientales
1402 2653 1644 2752 plagas
1675 2653 2013 2740 incolunt,
2044 2675 2209 2725 cum
2236 2676 2413 2749 apo-

293 2769 538 2844 stolica
615 2769 794 2844 Sede
879 2771 1176 2866 gratiam
1255 2783 1330 2843 et
1407 2770 1985 2844 communionem
2063 2768 2409 2842 habentes

295 2899 940 2974 commonerentur,
997 2911 1215 2985 seque
1268 2888 1354 2961 ad
1392 2887 1642 2961 urbem
1670 2886 2098 2973 conferrent,
2154 2900 2235 2959 ut
2261 2886 2408 2961 No-

289 3003 399 3079 bis
449 3006 538 3080 de
591 3005 889 3080 solemni
944 3002 1488 3079 Canonizatione
1542 3001 1743 3076 Beati
1779 3002 2135 3076 Michaelis
2188 3015 2263 3075 et
2300 3003 2411 3074 vi-

289 3125 470 3222 ginti
526 3147 653 3198 sex
705 3137 1096 3221 martyrum
1152 3122 1658 3219 Japonensium
1712 3123 2003 3197 consilia
2072 3123 2409 3218 suppedi-

293 3255 550 3328 tarent,
608 3253 680 3316 et
737 3253 944 3337 prout
997 3239 1298 3335 Spiritus
1351 3237 1652 3313 Sanctus
1704 3240 1905 3312 daret
1938 3238 2197 3336 eloqui,
2238 3261 2412 3335 ape-

299 3361 544 3434 rirent.
601 3359 736 3450 Qui
787 3385 876 3434 cx
933 3371 1082 3434 toto
1141 3372 1478 3435 terrarum
1537 3359 1701 3434 orbe
1754 3382 1915 3434 cum
1985 3359 2268 3456 plurimi
2320 3359 2407 3432 li-

289 3479 707 3554 bentissime
760 3481 1288 3566 convenissent,
1344 3501 1558 3554 causa
1609 3481 1817 3578 plene
1894 3481 2173 3576 cognita
2252 3493 2407 3552 tum

294 3621 382 3672 ex
439 3599 522 3672 iis
576 3620 756 3695 quae
809 3609 1008 3693 gesta
1061 3595 1342 3671 fuerant
1394 3596 1463 3668 in
1503 3596 1783 3692 publico
1819 3597 2231 3672 consistorio
2284 3620 2408 3670 co-

291 3735 444 3786 ram
499 3713 714 3789 Nobis
767 3724 1012 3789 coacto
1067 3714 1296 3788 idibus
1349 3715 1547 3810 maji,
1603 3727 1685 3788 ut
1736 3714 2071 3800 diximuS,
2110 3725 2263 3786 tum
2316 3735 2407 3785 ex

291 3832 774 3906 monumentis
829 3833 1010 3906 sacri
1063 3831 1334 3905 consilii
1370 3829 1624 3904 ritibus
1657 3831 2163 3928 cognoscendis
2200 3853 2409 3926 prae-

239 4021 246 4028 .
297 3949 537 4046 positi,
595 3971 890 4046 quorum
945 3945 1306 4044 exemplar
1359 3948 1546 4045 typis
1573 3949 1843 4021 editum
1870 3947 2243 4043 unicuique
2280 3969 2405 4021 eo-

173 4061 184 4072 '
289 4091 450 4140 rum
507 4067 820 4142 exhiberi
869 4068 1238 4163 jussimuS,
1295 4067 1364 4138 in
1443 4064 1979 4164 semipublicum
2057 4064 2407 4139 consisto-

285 4186 472 4259 rium
553 4195 1037 4260 convenerunt
1089 4207 1322 4260 coram
1405 4183 1624 4260 Nobis
1704 4182 2025 4256 habitum
2076 4179 2171 4256 lx
2244 4179 2397 4260 Kal.
