<?xml version="1.0" encoding="UTF-8"?>
<!DOCTYPE html PUBLIC "-//W3C//DTD XHTML 1.0 Transitional//EN"
    "http://www.w3.org/TR/xhtml1/DTD/xhtml1-transitional.dtd">
<html xmlns="http://www.w3.org/1999/xhtml" xml:lang="en" lang="en">
 <head>
  <title>
</title>
<meta http-equiv="Content-Type" content="text/html;charset=utf-8" />
  <meta name='ocr-system' content='tesseract 3.04.00' />
  <meta name='ocr-capabilities' content='ocr_page ocr_carea ocr_par ocr_line ocrx_word'/>
</head>
<body>
  <div class='ocr_page' id='page_1' title='image "./piiixpontificis00ixgoog_0029.png"; bbox 0 0 3317 5267; ppageno 0'>
   <div class='ocr_carea' id='block_1_1' title="bbox 305 472 2435 683">
    <p class='ocr_par' dir='ltr' id='par_1_1' title="bbox 305 472 2435 683">
     <span class='ocr_line' id='line_1_1' title="bbox 2337 472 2427 541; baseline 0.022 -2"><span class='ocrx_word' id='word_1_1' title='bbox 2337 472 2427 541; x_wconf 78' lang='lat'><strong>19</strong></span> 
     </span>
     <span class='ocr_line' id='line_1_2' title="bbox 305 580 2435 683; baseline 0.001 -26"><span class='ocrx_word' id='word_1_2' title='bbox 305 586 394 660; x_wconf 85' lang='lat' dir='ltr'><strong>ad</strong></span> <span class='ocrx_word' id='word_1_3' title='bbox 453 582 908 659; x_wconf 81' lang='lat' dir='ltr'><strong>clementiam</strong></span> <span class='ocrx_word' id='word_1_4' title='bbox 983 580 1421 672; x_wconf 82' lang='lat' dir='ltr'><strong>traducitur3</strong></span> <span class='ocrx_word' id='word_1_5' title='bbox 1486 608 1566 658; x_wconf 84' lang='lat' dir='ltr'><strong>ea</strong></span> <span class='ocrx_word' id='word_1_6' title='bbox 1623 584 2115 683; x_wconf 78' lang='lat' dir='ltr'><strong>temporalium</strong></span> <span class='ocrx_word' id='word_1_7' title='bbox 2168 606 2435 683; x_wconf 83' lang='lat' dir='ltr'><strong>poena-</strong></span> 
     </span>
    </p>
   </div>
   <div class='ocr_carea' id='block_1_2' title="bbox 301 699 2569 797">
    <p class='ocr_par' dir='ltr' id='par_1_2' title="bbox 301 699 2569 797">
     <span class='ocr_line' id='line_1_3' title="bbox 301 699 2569 797; baseline 0 -22"><span class='ocrx_word' id='word_1_8' title='bbox 301 722 466 775; x_wconf 84' lang='lat' dir='ltr'><strong>rum</strong></span> <span class='ocrx_word' id='word_1_9' title='bbox 521 711 760 773; x_wconf 86' lang='lat' dir='ltr'><strong>reatus</strong></span> <span class='ocrx_word' id='word_1_10' title='bbox 796 710 872 773; x_wconf 92' lang='lat' dir='ltr'><strong>et</strong></span> <span class='ocrx_word' id='word_1_11' title='bbox 925 699 1261 797; x_wconf 77' lang='lat' dir='ltr'><strong>obligatio</strong></span> <span class='ocrx_word' id='word_1_12' title='bbox 1297 700 1707 775; x_wconf 76' lang='lat' dir='ltr'><strong>dissolvitur</strong></span> <span class='ocrx_word' id='word_1_13' title='bbox 1741 725 1765 788; x_wconf 91' lang='lat'>;</span> <span class='ocrx_word' id='word_1_14' title='bbox 1820 724 1905 774; x_wconf 87' lang='lat' dir='ltr'><strong>ea</strong></span> <span class='ocrx_word' id='word_1_15' title='bbox 1938 700 2433 777; x_wconf 84' lang='lat' dir='ltr'><strong>defunc-torum</strong></span> <span class='ocrx_word' id='word_1_16' title='bbox 2559 702 2569 713; x_wconf 84' lang='lat'><strong><em>&#39;</em></strong></span> 
     </span>
    </p>
   </div>
   <div class='ocr_carea' id='block_1_3' title="bbox 213 815 2454 4096">
    <p class='ocr_par' dir='ltr' id='par_1_3' title="bbox 213 815 2437 2557">
     <span class='ocr_line' id='line_1_4' title="bbox 305 815 2437 916; baseline 0.001 -25"><span class='ocrx_word' id='word_1_17' title='bbox 305 818 378 891; x_wconf 93' lang='lat' dir='ltr'><strong>in</strong></span> <span class='ocrx_word' id='word_1_18' title='bbox 409 815 692 893; x_wconf 85' lang='lat' dir='ltr'><strong>Christo</strong></span> <span class='ocrx_word' id='word_1_19' title='bbox 717 819 998 892; x_wconf 81' lang='lat' dir='ltr'><strong>animae</strong></span> <span class='ocrx_word' id='word_1_20' title='bbox 1050 818 1366 893; x_wconf 88' lang='lat' dir='ltr'><strong>nondum</strong></span> <span class='ocrx_word' id='word_1_21' title='bbox 1404 820 1493 892; x_wconf 84' lang='lat' dir='ltr'><strong>ad</strong></span> <span class='ocrx_word' id='word_1_22' title='bbox 1545 819 1835 915; x_wconf 89' lang='lat' dir='ltr'><strong>plenum</strong></span> <span class='ocrx_word' id='word_1_23' title='bbox 1871 829 2212 916; x_wconf 79' lang='lat' dir='ltr'><strong>purgatae</strong></span> <span class='ocrx_word' id='word_1_24' title='bbox 2261 818 2437 894; x_wconf 88' lang='lat' dir='ltr'><strong>sub-</strong></span> 
     </span>
     <span class='ocr_line' id='line_1_5' title="bbox 299 936 2437 1033; baseline 0.001 -24"><span class='ocrx_word' id='word_1_25' title='bbox 299 936 658 1023; x_wconf 82' lang='lat' dir='ltr'><strong>levantur,</strong></span> <span class='ocrx_word' id='word_1_26' title='bbox 714 958 800 1009; x_wconf 88' lang='lat' dir='ltr'><strong>ea</strong></span> <span class='ocrx_word' id='word_1_27' title='bbox 853 936 1266 1011; x_wconf 89' lang='lat' dir='ltr'><strong>obtinentur</strong></span> <span class='ocrx_word' id='word_1_28' title='bbox 1318 958 1600 1033; x_wconf 89' lang='lat' dir='ltr'><strong>quoque</strong></span> <span class='ocrx_word' id='word_1_29' title='bbox 1653 936 2081 1033; x_wconf 84' lang='lat' dir='ltr'><strong>temporaria</strong></span> <span class='ocrx_word' id='word_1_30' title='bbox 2130 936 2343 1025; x_wconf 87' lang='lat' dir='ltr'><strong>bona,</strong></span> <span class='ocrx_word' id='word_1_31' title='bbox 2374 939 2437 1011; x_wconf 87' lang='lat' dir='ltr'><strong>si</strong></span> 
     </span>
     <span class='ocr_line' id='line_1_6' title="bbox 213 1051 2436 1149; baseline -0.003 -18"><span class='ocrx_word' id='word_1_32' title='bbox 213 1130 222 1137; x_wconf 85' lang='grc'><em>,</em></span> <span class='ocrx_word' id='word_1_33' title='bbox 305 1062 550 1131; x_wconf 76' lang='lat' dir='ltr'><strong>tamen</strong></span> <span class='ocrx_word' id='word_1_34' title='bbox 599 1052 992 1149; x_wconf 82' lang='lat' dir='ltr'><strong>potioribus</strong></span> <span class='ocrx_word' id='word_1_35' title='bbox 1043 1074 1189 1127; x_wconf 91' lang='lat' dir='ltr'><strong>non</strong></span> <span class='ocrx_word' id='word_1_36' title='bbox 1241 1051 1550 1126; x_wconf 87' lang='lat' dir='ltr'><strong>officiant</strong></span> <span class='ocrx_word' id='word_1_37' title='bbox 1586 1074 1614 1138; x_wconf 82' lang='lat'>3</span> <span class='ocrx_word' id='word_1_38' title='bbox 1666 1074 1749 1125; x_wconf 87' lang='lat' dir='ltr'><strong>ea</strong></span> <span class='ocrx_word' id='word_1_39' title='bbox 1801 1051 2081 1127; x_wconf 84' lang='lat' dir='ltr'><strong>Sanctis</strong></span> <span class='ocrx_word' id='word_1_40' title='bbox 2108 1104 2131 1141; x_wconf 93' lang='lat'><strong>,</strong></span> <span class='ocrx_word' id='word_1_41' title='bbox 2212 1066 2289 1129; x_wconf 81' lang='lat' dir='ltr'><strong>ct</strong></span> <span class='ocrx_word' id='word_1_42' title='bbox 2362 1054 2436 1126; x_wconf 90' lang='lat' dir='ltr'><strong>in</strong></span> 
     </span>
     <span class='ocr_line' id='line_1_7' title="bbox 297 1166 2433 1266; baseline 0.001 -25"><span class='ocrx_word' id='word_1_43' title='bbox 297 1168 548 1263; x_wconf 86' lang='lat' dir='ltr'><strong>primis</strong></span> <span class='ocrx_word' id='word_1_44' title='bbox 624 1167 1126 1243; x_wconf 85' lang='lat' dir='ltr'><strong>Immaculatae</strong></span> <span class='ocrx_word' id='word_1_45' title='bbox 1203 1166 1851 1266; x_wconf 74' lang='lat' dir='ltr'><strong>sanctissimaeque</strong></span> <span class='ocrx_word' id='word_1_46' title='bbox 1904 1167 2034 1244; x_wconf 90' lang='lat' dir='ltr'><strong>Dei</strong></span> <span class='ocrx_word' id='word_1_47' title='bbox 2095 1168 2433 1245; x_wconf 86' lang='lat' dir='ltr'><strong>Genitrici</strong></span> 
     </span>
     <span class='ocr_line' id='line_1_8' title="bbox 308 1281 2435 1383; baseline 0.003 -29"><span class='ocrx_word' id='word_1_48' title='bbox 308 1281 575 1381; x_wconf 76' lang='lat' dir='ltr'><strong>Virgini</strong></span> <span class='ocrx_word' id='word_1_49' title='bbox 609 1283 868 1359; x_wconf 84' lang='lat' dir='ltr'><strong>Mariae</strong></span> <span class='ocrx_word' id='word_1_50' title='bbox 905 1284 1212 1359; x_wconf 88' lang='lat' dir='ltr'><strong>eximius</strong></span> <span class='ocrx_word' id='word_1_51' title='bbox 1247 1284 1534 1379; x_wconf 84' lang='lat' dir='ltr'><strong>quidam</strong></span> <span class='ocrx_word' id='word_1_52' title='bbox 1569 1283 1824 1372; x_wconf 86' lang='lat' dir='ltr'><strong>honor,</strong></span> <span class='ocrx_word' id='word_1_53' title='bbox 1853 1285 2223 1383; x_wconf 86' lang='lat' dir='ltr'><strong>cultusque</strong></span> <span class='ocrx_word' id='word_1_54' title='bbox 2259 1310 2435 1361; x_wconf 86' lang='lat' dir='ltr'><strong>con-</strong></span> 
     </span>
     <span class='ocr_line' id='line_1_9' title="bbox 305 1397 2433 1495; baseline 0.003 -24"><span class='ocrx_word' id='word_1_55' title='bbox 305 1397 608 1471; x_wconf 83' lang='lat' dir='ltr'><strong>ciliatur.</strong></span> <span class='ocrx_word' id='word_1_56' title='bbox 649 1398 988 1489; x_wconf 78' lang='lat' dir='ltr'><strong>Quocirca</strong></span> <span class='ocrx_word' id='word_1_57' title='bbox 1023 1424 1114 1475; x_wconf 82' lang='lat' dir='ltr'><strong>ex</strong></span> <span class='ocrx_word' id='word_1_58' title='bbox 1159 1399 1665 1495; x_wconf 81' lang='lat' dir='ltr'><strong>Apostolorum</strong></span> <span class='ocrx_word' id='word_1_59' title='bbox 1701 1398 2077 1475; x_wconf 80' lang='lat' dir='ltr'><strong>traditione</strong></span> <span class='ocrx_word' id='word_1_60' title='bbox 2113 1401 2433 1477; x_wconf 88' lang='lat' dir='ltr'><strong>divinum</strong></span> 
     </span>
     <span class='ocr_line' id='line_1_10' title="bbox 307 1514 2437 1615; baseline 0.003 -26"><span class='ocrx_word' id='word_1_61' title='bbox 307 1514 562 1591; x_wconf 77' lang='lat' dir='ltr'><strong>Missae</strong></span> <span class='ocrx_word' id='word_1_62' title='bbox 611 1518 1031 1593; x_wconf 83' lang='lat' dir='ltr'><strong>sacrificium</strong></span> <span class='ocrx_word' id='word_1_63' title='bbox 1083 1516 1453 1596; x_wconf 79' lang='lat' dir='ltr'><strong>offerimus</strong></span> <span class='ocrx_word' id='word_1_64' title='bbox 1514 1546 1546 1589; x_wconf 72' lang='grc' dir='ltr'>α</span> <span class='ocrx_word' id='word_1_65' title='bbox 1607 1542 1741 1615; x_wconf 88' lang='lat' dir='ltr'><strong>pro</strong></span> <span class='ocrx_word' id='word_1_66' title='bbox 1791 1521 2154 1595; x_wconf 85' lang='lat' dir='ltr'><strong>communi</strong></span> <span class='ocrx_word' id='word_1_67' title='bbox 2188 1517 2437 1595; x_wconf 88' lang='lat' dir='ltr'><strong>Eccle-</strong></span> 
     </span>
     <span class='ocr_line' id='line_1_11' title="bbox 303 1637 2433 1735; baseline 0.001 -24"><span class='ocrx_word' id='word_1_68' title='bbox 303 1637 570 1711; x_wconf 77' lang='lat' dir='ltr'><strong>siarum</strong></span> <span class='ocrx_word' id='word_1_69' title='bbox 618 1660 820 1735; x_wconf 85' lang='lat' dir='ltr'><strong>pace,</strong></span> <span class='ocrx_word' id='word_1_70' title='bbox 856 1660 986 1735; x_wconf 85' lang='lat' dir='ltr'><strong>pro</strong></span> <span class='ocrx_word' id='word_1_71' title='bbox 1017 1650 1212 1713; x_wconf 84' lang='lat' dir='ltr'><strong>recta</strong></span> <span class='ocrx_word' id='word_1_72' title='bbox 1259 1638 1508 1713; x_wconf 90' lang='lat' dir='ltr'><strong>mundi</strong></span> <span class='ocrx_word' id='word_1_73' title='bbox 1539 1639 2079 1735; x_wconf 85' lang='lat' dir='ltr'><strong>compositione,</strong></span> <span class='ocrx_word' id='word_1_74' title='bbox 2114 1662 2243 1735; x_wconf 86' lang='lat' dir='ltr'><strong>pro</strong></span> <span class='ocrx_word' id='word_1_75' title='bbox 2286 1644 2433 1714; x_wconf 86' lang='lat' dir='ltr'><strong>im·-</strong></span> 
     </span>
     <span class='ocr_line' id='line_1_12' title="bbox 305 1754 2435 1853; baseline 0.001 -25"><span class='ocrx_word' id='word_1_76' title='bbox 305 1754 773 1849; x_wconf 85' lang='lat' dir='ltr'><strong>peratoribus‚</strong></span> <span class='ocrx_word' id='word_1_77' title='bbox 828 1756 1200 1842; x_wconf 82' lang='lat' dir='ltr'><strong>militibus,</strong></span> <span class='ocrx_word' id='word_1_78' title='bbox 1253 1755 1490 1840; x_wconf 89' lang='lat' dir='ltr'><strong>sociis,</strong></span> <span class='ocrx_word' id='word_1_79' title='bbox 1545 1777 1679 1850; x_wconf 87' lang='lat' dir='ltr'><strong>pro</strong></span> <span class='ocrx_word' id='word_1_80' title='bbox 1728 1756 1843 1842; x_wconf 83' lang='lat' dir='ltr'><strong>iis,</strong></span> <span class='ocrx_word' id='word_1_81' title='bbox 1897 1757 2022 1853; x_wconf 86' lang='lat' dir='ltr'><strong>qui</strong></span> <span class='ocrx_word' id='word_1_82' title='bbox 2058 1755 2435 1831; x_wconf 83' lang='lat' dir='ltr'><strong>infirmita·-</strong></span> 
     </span>
     <span class='ocr_line' id='line_1_13' title="bbox 304 1870 2435 1971; baseline 0.002 -28"><span class='ocrx_word' id='word_1_83' title='bbox 304 1872 494 1946; x_wconf 88' lang='lat' dir='ltr'><strong>tibus</strong></span> <span class='ocrx_word' id='word_1_84' title='bbox 543 1872 894 1961; x_wconf 84' lang='lat' dir='ltr'><strong>laborant,</strong></span> <span class='ocrx_word' id='word_1_85' title='bbox 931 1873 1054 1971; x_wconf 90' lang='lat' dir='ltr'><strong>qui</strong></span> <span class='ocrx_word' id='word_1_86' title='bbox 1089 1870 1582 1947; x_wconf 82' lang='lat' dir='ltr'><strong>afflictionibus</strong></span> <span class='ocrx_word' id='word_1_87' title='bbox 1633 1884 2091 1969; x_wconf 87' lang='lat' dir='ltr'><strong>premuntur,</strong></span> <span class='ocrx_word' id='word_1_88' title='bbox 2145 1886 2219 1948; x_wconf 86' lang='lat' dir='ltr'><strong>et</strong></span> <span class='ocrx_word' id='word_1_89' title='bbox 2270 1876 2435 1950; x_wconf 77' lang='lat' dir='ltr'><strong>uni-</strong></span> 
     </span>
     <span class='ocr_line' id='line_1_14' title="bbox 307 1990 2433 2087; baseline 0.002 -26"><span class='ocrx_word' id='word_1_90' title='bbox 307 1991 568 2063; x_wconf 80' lang='lat' dir='ltr'><strong>versim</strong></span> <span class='ocrx_word' id='word_1_91' title='bbox 619 2013 750 2087; x_wconf 84' lang='lat' dir='ltr'><strong>pro</strong></span> <span class='ocrx_word' id='word_1_92' title='bbox 799 1990 1128 2065; x_wconf 89' lang='lat' dir='ltr'><strong>omnibus</strong></span> <span class='ocrx_word' id='word_1_93' title='bbox 1159 2042 1181 2078; x_wconf 94' lang='lat'><strong>,</strong></span> <span class='ocrx_word' id='word_1_94' title='bbox 1235 1992 1358 2087; x_wconf 88' lang='lat' dir='ltr'><strong>qui</strong></span> <span class='ocrx_word' id='word_1_95' title='bbox 1409 1992 1564 2087; x_wconf 84' lang='lat' dir='ltr'><strong>opis</strong></span> <span class='ocrx_word' id='word_1_96' title='bbox 1615 1990 1961 2087; x_wconf 78' lang='lat' dir='ltr'><strong>indigent,</strong></span> <span class='ocrx_word' id='word_1_97' title='bbox 2014 2002 2091 2065; x_wconf 90' lang='lat' dir='ltr'><strong>et</strong></span> <span class='ocrx_word' id='word_1_98' title='bbox 2137 2014 2271 2087; x_wconf 87' lang='lat' dir='ltr'><strong>pro</strong></span> <span class='ocrx_word' id='word_1_99' title='bbox 2304 1994 2433 2066; x_wconf 91' lang='lat' dir='ltr'><strong>de-</strong></span> 
     </span>
     <span class='ocr_line' id='line_1_15' title="bbox 304 2102 2435 2205; baseline 0.004 -29"><span class='ocrx_word' id='word_1_100' title='bbox 304 2102 567 2181; x_wconf 83' lang='lat' dir='ltr'><strong>functis</strong></span> <span class='ocrx_word' id='word_1_101' title='bbox 617 2107 692 2180; x_wconf 91' lang='lat' dir='ltr'><strong>in</strong></span> <span class='ocrx_word' id='word_1_102' title='bbox 745 2109 1148 2203; x_wconf 79' lang='lat' dir='ltr'><strong>purgatorio</strong></span> <span class='ocrx_word' id='word_1_103' title='bbox 1182 2104 1628 2205; x_wconf 78' lang='lat' dir='ltr'><strong>degentibus,</strong></span> <span class='ocrx_word' id='word_1_104' title='bbox 1668 2107 2065 2182; x_wconf 84' lang='lat' dir='ltr'><strong>maximum</strong></span> <span class='ocrx_word' id='word_1_105' title='bbox 2102 2108 2239 2183; x_wconf 90' lang='lat' dir='ltr'><strong>hoc</strong></span> <span class='ocrx_word' id='word_1_106' title='bbox 2288 2132 2435 2185; x_wconf 87' lang='lat' dir='ltr'><strong>cre·</strong></span> 
     </span>
     <span class='ocr_line' id='line_1_16' title="bbox 301 2222 2435 2324; baseline 0.002 -29"><span class='ocrx_word' id='word_1_107' title='bbox 301 2222 554 2299; x_wconf 86' lang='lat' dir='ltr'><strong>dentes</strong></span> <span class='ocrx_word' id='word_1_108' title='bbox 605 2225 1096 2299; x_wconf 86' lang='lat' dir='ltr'><strong>adiumentum</strong></span> <span class='ocrx_word' id='word_1_109' title='bbox 1147 2225 1282 2299; x_wconf 90' lang='lat' dir='ltr'><strong>illis</strong></span> <span class='ocrx_word' id='word_1_110' title='bbox 1333 2224 1707 2299; x_wconf 80' lang='lat' dir='ltr'><strong>animabus</strong></span> <span class='ocrx_word' id='word_1_111' title='bbox 1759 2222 1939 2314; x_wconf 84' lang='lat' dir='ltr'><strong>fore,</strong></span> <span class='ocrx_word' id='word_1_112' title='bbox 1992 2247 2123 2323; x_wconf 86' lang='lat' dir='ltr'><strong>pro</strong></span> <span class='ocrx_word' id='word_1_113' title='bbox 2176 2224 2435 2324; x_wconf 86' lang='lat' dir='ltr'><strong>quibus</strong></span> 
     </span>
     <span class='ocr_line' id='line_1_17' title="bbox 303 2341 2437 2440; baseline 0.003 -27"><span class='ocrx_word' id='word_1_114' title='bbox 303 2342 530 2416; x_wconf 85' lang='lat' dir='ltr'><strong>oratio</strong></span> <span class='ocrx_word' id='word_1_115' title='bbox 579 2341 918 2430; x_wconf 81' lang='lat' dir='ltr'><strong>defertur,</strong></span> <span class='ocrx_word' id='word_1_116' title='bbox 972 2345 1144 2419; x_wconf 89' lang='lat' dir='ltr'><strong>dum</strong></span> <span class='ocrx_word' id='word_1_117' title='bbox 1194 2352 1443 2417; x_wconf 85' lang='lat' dir='ltr'><strong>sancta</strong></span> <span class='ocrx_word' id='word_1_118' title='bbox 1493 2353 1570 2415; x_wconf 86' lang='lat' dir='ltr'><strong>et</strong></span> <span class='ocrx_word' id='word_1_119' title='bbox 1639 2364 1986 2440; x_wconf 86' lang='lat' dir='ltr'><strong>perquam</strong></span> <span class='ocrx_word' id='word_1_120' title='bbox 2064 2345 2437 2420; x_wconf 79' lang='lat' dir='ltr'><strong>tremenda</strong></span> 
     </span>
     <span class='ocr_line' id='line_1_18' title="bbox 303 2456 1400 2557; baseline -0.002 -22"><span class='ocrx_word' id='word_1_121' title='bbox 303 2480 540 2535; x_wconf 82' lang='lat' dir='ltr'><strong>coram</strong></span> <span class='ocrx_word' id='word_1_122' title='bbox 593 2460 774 2534; x_wconf 77' lang='lat' dir='ltr'><strong>iacet</strong></span> <span class='ocrx_word' id='word_1_123' title='bbox 825 2461 1118 2536; x_wconf 84' lang='lat' dir='ltr'><strong>victima</strong></span> <span class='ocrx_word' id='word_1_124' title='bbox 1174 2486 1208 2529; x_wconf 90' lang='lat'><strong>»</strong></span> <span class='ocrx_word' id='word_1_125' title='bbox 1270 2456 1400 2557; x_wconf 79' lang='lat'><strong>(¹).</strong></span> 
     </span>
    </p>

    <p class='ocr_par' dir='ltr' id='par_1_4' title="bbox 289 2574 2454 4096">
     <span class='ocr_line' id='line_1_19' title="bbox 455 2574 2437 2712; baseline 0.001 -63"><span class='ocrx_word' id='word_1_126' title='bbox 455 2574 633 2650; x_wconf 88' lang='lat' dir='ltr'><strong>Cum</strong></span> <span class='ocrx_word' id='word_1_127' title='bbox 663 2577 904 2712; x_wconf 37' lang='lat' dir='ltr'><strong>‘igitur</strong></span> <span class='ocrx_word' id='word_1_128' title='bbox 952 2577 1128 2651; x_wconf 88' lang='lat' dir='ltr'><strong>nihil</strong></span> <span class='ocrx_word' id='word_1_129' title='bbox 1180 2578 1277 2652; x_wconf 88' lang='lat' dir='ltr'><strong>sit</strong></span> <span class='ocrx_word' id='word_1_130' title='bbox 1327 2578 1584 2664; x_wconf 80' lang='lat' dir='ltr'><strong>maius,</strong></span> <span class='ocrx_word' id='word_1_131' title='bbox 1639 2576 1815 2650; x_wconf 88' lang='lat' dir='ltr'><strong>nihil</strong></span> <span class='ocrx_word' id='word_1_132' title='bbox 1866 2578 2265 2667; x_wconf 68' lang='lat' dir='ltr'><strong>salutarim,</strong></span> <span class='ocrx_word' id='word_1_133' title='bbox 2320 2579 2437 2651; x_wconf 90' lang='lat' dir='ltr'><strong>ni·-</strong></span> 
     </span>
     <span class='ocr_line' id='line_1_20' title="bbox 301 2812 2437 2912; baseline 0 -23"><span class='ocrx_word' id='word_1_134' title='bbox 301 2814 439 2902; x_wconf 83' lang='lat' dir='ltr'><strong>cio,</strong></span> <span class='ocrx_word' id='word_1_135' title='bbox 493 2838 636 2912; x_wconf 89' lang='lat' dir='ltr'><strong>quo</strong></span> <span class='ocrx_word' id='word_1_136' title='bbox 689 2813 876 2889; x_wconf 88' lang='lat' dir='ltr'><strong>idem</strong></span> <span class='ocrx_word' id='word_1_137' title='bbox 928 2838 1211 2912; x_wconf 85' lang='lat' dir='ltr'><strong>corpus,</strong></span> <span class='ocrx_word' id='word_1_138' title='bbox 1249 2815 1438 2890; x_wconf 89' lang='lat' dir='ltr'><strong>idem</strong></span> <span class='ocrx_word' id='word_1_139' title='bbox 1491 2814 1779 2911; x_wconf 79' lang='lat' dir='ltr'><strong>sanguis</strong></span> <span class='ocrx_word' id='word_1_140' title='bbox 1797 2866 1818 2901; x_wconf 92' lang='lat'><strong>,</strong></span> <span class='ocrx_word' id='word_1_141' title='bbox 1874 2816 2063 2891; x_wconf 88' lang='lat' dir='ltr'><strong>idem</strong></span> <span class='ocrx_word' id='word_1_142' title='bbox 2116 2812 2310 2891; x_wconf 89' lang='lat' dir='ltr'><strong>Deus</strong></span> <span class='ocrx_word' id='word_1_143' title='bbox 2360 2826 2437 2890; x_wconf 86' lang='lat' dir='ltr'><strong>et</strong></span> 
     </span>
     <span class='ocr_line' id='line_1_21' title="bbox 301 2927 2437 3029; baseline 0.002 -22"><span class='ocrx_word' id='word_1_144' title='bbox 301 2927 648 3010; x_wconf 84' lang='lat' dir='ltr'><strong>Dominus</strong></span> <span class='ocrx_word' id='word_1_145' title='bbox 707 2931 962 3009; x_wconf 82' lang='lat' dir='ltr'><strong>Noster</strong></span> <span class='ocrx_word' id='word_1_146' title='bbox 997 2932 1194 3009; x_wconf 88' lang='lat' dir='ltr'><strong>lesus</strong></span> <span class='ocrx_word' id='word_1_147' title='bbox 1230 2930 1556 3007; x_wconf 85' lang='lat' dir='ltr'><strong>Christus</strong></span> <span class='ocrx_word' id='word_1_148' title='bbox 1593 2928 1745 3006; x_wconf 88' lang='lat' dir='ltr'><strong>Deo</strong></span> <span class='ocrx_word' id='word_1_149' title='bbox 1780 2955 1911 3029; x_wconf 89' lang='lat' dir='ltr'><strong>pro</strong></span> <span class='ocrx_word' id='word_1_150' title='bbox 1954 2933 2278 3007; x_wconf 89' lang='lat' dir='ltr'><strong>omnium</strong></span> <span class='ocrx_word' id='word_1_151' title='bbox 2316 2956 2437 3011; x_wconf 75' lang='lat' dir='ltr'><strong>sa·-</strong></span> 
     </span>
     <span class='ocr_line' id='line_1_22' title="bbox 295 3048 2431 3149; baseline 0.001 -27"><span class='ocrx_word' id='word_1_152' title='bbox 295 3048 452 3124; x_wconf 83' lang='lat' dir='ltr'><strong>lute</strong></span> <span class='ocrx_word' id='word_1_153' title='bbox 499 3051 572 3124; x_wconf 93' lang='lat' dir='ltr'><strong>in</strong></span> <span class='ocrx_word' id='word_1_154' title='bbox 625 3050 828 3124; x_wconf 80' lang='lat' dir='ltr'><strong>altari</strong></span> <span class='ocrx_word' id='word_1_155' title='bbox 883 3076 1014 3149; x_wconf 85' lang='lat' dir='ltr'><strong>per</strong></span> <span class='ocrx_word' id='word_1_156' title='bbox 1045 3051 1462 3127; x_wconf 71' lang='lat' dir='ltr'><strong>Sacerdotes</strong></span> <span class='ocrx_word' id='word_1_157' title='bbox 1505 3048 1825 3139; x_wconf 80' lang='lat' dir='ltr'><strong>offertur,</strong></span> <span class='ocrx_word' id='word_1_158' title='bbox 1866 3063 1943 3125; x_wconf 91' lang='lat' dir='ltr'><strong>et</strong></span> <span class='ocrx_word' id='word_1_159' title='bbox 1992 3052 2431 3139; x_wconf 89' lang='lat' dir='ltr'><strong>immolatur,</strong></span> 
     </span>
     <span class='ocr_line' id='line_1_23' title="bbox 298 3167 2435 3267; baseline 0.001 -28"><span class='ocrx_word' id='word_1_160' title='bbox 298 3167 552 3243; x_wconf 85' lang='lat' dir='ltr'><strong>iccirco</strong></span> <span class='ocrx_word' id='word_1_161' title='bbox 605 3170 864 3267; x_wconf 79' lang='lat' dir='ltr'><strong>Sancta</strong></span> <span class='ocrx_word' id='word_1_162' title='bbox 915 3178 1148 3243; x_wconf 85' lang='lat' dir='ltr'><strong>mater</strong></span> <span class='ocrx_word' id='word_1_163' title='bbox 1181 3169 1496 3245; x_wconf 85' lang='lat' dir='ltr'><strong>Ecclesia</strong></span> <span class='ocrx_word' id='word_1_164' title='bbox 1530 3178 1734 3243; x_wconf 84' lang='lat' dir='ltr'><strong>tanto</strong></span> <span class='ocrx_word' id='word_1_165' title='bbox 1778 3170 1999 3243; x_wconf 85' lang='lat' dir='ltr'><strong>divini</strong></span> <span class='ocrx_word' id='word_1_166' title='bbox 2034 3170 2143 3242; x_wconf 88' lang='lat' dir='ltr'><strong>sui</strong></span> <span class='ocrx_word' id='word_1_167' title='bbox 2178 3168 2435 3266; x_wconf 89' lang='lat' dir='ltr'><strong>Sponsi</strong></span> 
     </span>
     <span class='ocr_line' id='line_1_24' title="bbox 297 3285 2435 3386; baseline 0 -27"><span class='ocrx_word' id='word_1_168' title='bbox 297 3285 526 3360; x_wconf 83' lang='lat' dir='ltr'><strong>ditata</strong></span> <span class='ocrx_word' id='word_1_169' title='bbox 559 3288 891 3369; x_wconf 79' lang='lat' dir='ltr'><strong>thesauro</strong></span> <span class='ocrx_word' id='word_1_170' title='bbox 917 3310 1282 3386; x_wconf 81' lang='lat' dir='ltr'><strong>nunquam</strong></span> <span class='ocrx_word' id='word_1_171' title='bbox 1310 3286 1587 3363; x_wconf 87' lang='lat' dir='ltr'><strong>destitit</strong></span> <span class='ocrx_word' id='word_1_172' title='bbox 1627 3308 1916 3361; x_wconf 89' lang='lat' dir='ltr'><strong>omnem</strong></span> <span class='ocrx_word' id='word_1_173' title='bbox 1944 3308 2217 3374; x_wconf 89' lang='lat' dir='ltr'><strong>curam,</strong></span> <span class='ocrx_word' id='word_1_174' title='bbox 2273 3308 2435 3381; x_wconf 86' lang='lat' dir='ltr'><strong>ope-</strong></span> 
     </span>
     <span class='ocr_line' id='line_1_25' title="bbox 295 3402 2439 3503; baseline -0.002 -24"><span class='ocrx_word' id='word_1_175' title='bbox 295 3428 484 3494; x_wconf 78' lang='lat' dir='ltr'><strong>ram,</strong></span> <span class='ocrx_word' id='word_1_176' title='bbox 509 3406 1120 3503; x_wconf 73' lang='lat' dir='ltr'><strong>diligentiamque</strong></span> <span class='ocrx_word' id='word_1_177' title='bbox 1175 3406 1248 3477; x_wconf 91' lang='lat' dir='ltr'><strong>in</strong></span> <span class='ocrx_word' id='word_1_178' title='bbox 1303 3406 1376 3478; x_wconf 90' lang='lat' dir='ltr'><strong>id</strong></span> <span class='ocrx_word' id='word_1_179' title='bbox 1427 3402 1774 3489; x_wconf 80' lang='lat' dir='ltr'><strong>conferre,</strong></span> <span class='ocrx_word' id='word_1_180' title='bbox 1811 3413 1897 3475; x_wconf 87' lang='lat' dir='ltr'><strong>ut</strong></span> <span class='ocrx_word' id='word_1_181' title='bbox 1930 3412 2082 3473; x_wconf 84' lang='lat' dir='ltr'><strong>tam</strong></span> <span class='ocrx_word' id='word_1_182' title='bbox 2118 3412 2439 3475; x_wconf 83' lang='lat' dir='ltr'><strong>tremon-</strong></span> 
     </span>
     <span class='ocr_line' id='line_1_26' title="bbox 293 3519 2435 3623; baseline -0.002 -24"><span class='ocrx_word' id='word_1_183' title='bbox 293 3526 476 3605; x_wconf 84' lang='lat' dir='ltr'><strong>dum</strong></span> <span class='ocrx_word' id='word_1_184' title='bbox 527 3525 947 3623; x_wconf 83' lang='lat' dir='ltr'><strong>mysterium</strong></span> <span class='ocrx_word' id='word_1_185' title='bbox 987 3548 1030 3598; x_wconf 87' lang='lat' dir='ltr'><strong>a</strong></span> <span class='ocrx_word' id='word_1_186' title='bbox 1064 3519 1593 3609; x_wconf 85' lang='lat' dir='ltr'><strong>Sacerdotibus,</strong></span> <span class='ocrx_word' id='word_1_187' title='bbox 1631 3533 1901 3619; x_wconf 84' lang='lat' dir='ltr'><strong>quanta</strong></span> <span class='ocrx_word' id='word_1_188' title='bbox 1936 3521 2253 3595; x_wconf 82' lang='lat' dir='ltr'><strong>maxima</strong></span> <span class='ocrx_word' id='word_1_189' title='bbox 2286 3520 2435 3595; x_wconf 84' lang='lat' dir='ltr'><strong>fieri</strong></span> 
     </span>
     <span class='ocr_line' id='line_1_27' title="bbox 297 3642 2439 3741; baseline -0.003 -22"><span class='ocrx_word' id='word_1_190' title='bbox 297 3656 550 3741; x_wconf 85' lang='lat' dir='ltr'><strong>posset</strong></span> <span class='ocrx_word' id='word_1_191' title='bbox 576 3697 599 3734; x_wconf 89' lang='lat'><strong>,</strong></span> <span class='ocrx_word' id='word_1_192' title='bbox 653 3646 988 3721; x_wconf 86' lang='lat' dir='ltr'><strong>interiore</strong></span> <span class='ocrx_word' id='word_1_193' title='bbox 1037 3645 1268 3719; x_wconf 86' lang='lat' dir='ltr'><strong>cordis</strong></span> <span class='ocrx_word' id='word_1_194' title='bbox 1321 3642 1675 3717; x_wconf 83' lang='lat' dir='ltr'><strong>munditia</strong></span> <span class='ocrx_word' id='word_1_195' title='bbox 1722 3662 1805 3716; x_wconf 87' lang='lat' dir='ltr'><strong>ac</strong></span> <span class='ocrx_word' id='word_1_196' title='bbox 1855 3642 2165 3739; x_wconf 87' lang='lat' dir='ltr'><strong>puritate</strong></span> <span class='ocrx_word' id='word_1_197' title='bbox 2214 3663 2439 3736; x_wconf 86' lang='lat' dir='ltr'><strong>pera—-</strong></span> 
     </span>
     <span class='ocr_line' id='line_1_28' title="bbox 289 3756 2454 3859; baseline 0 -24"><span class='ocrx_word' id='word_1_198' title='bbox 289 3772 611 3859; x_wconf 81' lang='lat' dir='ltr'><strong>geretur,</strong></span> <span class='ocrx_word' id='word_1_199' title='bbox 665 3761 1042 3858; x_wconf 87' lang='lat' dir='ltr'><strong>debitoque</strong></span> <span class='ocrx_word' id='word_1_200' title='bbox 1077 3762 1456 3835; x_wconf 84' lang='lat' dir='ltr'><strong>sacrarum</strong></span> <span class='ocrx_word' id='word_1_201' title='bbox 1509 3757 2147 3843; x_wconf 85' lang='lat' dir='ltr'><strong>caeremoniarum,</strong></span> <span class='ocrx_word' id='word_1_202' title='bbox 2204 3778 2288 3829; x_wconf 86' lang='lat' dir='ltr'><strong>ac</strong></span> <span class='ocrx_word' id='word_1_203' title='bbox 2340 3756 2454 3835; x_wconf 88' lang='lat' dir='ltr'><strong>ri-.</strong></span> 
     </span>
     <span class='ocr_line' id='line_1_29' title="bbox 297 3860 2439 3977; baseline -0.004 -22"><span class='ocrx_word' id='word_1_204' title='bbox 297 3895 512 3955; x_wconf 88' lang='lat' dir='ltr'><strong>tuum</strong></span> <span class='ocrx_word' id='word_1_205' title='bbox 549 3894 917 3977; x_wconf 84' lang='lat' dir='ltr'><strong>apparatu,</strong></span> <span class='ocrx_word' id='word_1_206' title='bbox 971 3881 1306 3977; x_wconf 87' lang='lat' dir='ltr'><strong>cultuque</strong></span> <span class='ocrx_word' id='word_1_207' title='bbox 1341 3860 1849 3965; x_wconf 78' lang='lat' dir='ltr'><strong>celebraretur,</strong></span> <span class='ocrx_word' id='word_1_208' title='bbox 1890 3888 1973 3952; x_wconf 89' lang='lat' dir='ltr'><strong>ut</strong></span> <span class='ocrx_word' id='word_1_209' title='bbox 2010 3876 2233 3973; x_wconf 88' lang='lat' dir='ltr'><strong>ipsius</strong></span> <span class='ocrx_word' id='word_1_210' title='bbox 2286 3897 2439 3972; x_wconf 79' lang='lat' dir='ltr'><strong>my-</strong></span> 
     </span>
     <span class='ocr_line' id='line_1_30' title="bbox 293 3994 2427 4096; baseline -0.004 -21"><span class='ocrx_word' id='word_1_211' title='bbox 293 4000 500 4075; x_wconf 86' lang='lat' dir='ltr'><strong>sterii</strong></span> <span class='ocrx_word' id='word_1_212' title='bbox 521 4000 930 4096; x_wconf 79' lang='lat' dir='ltr'><strong>magnitudo</strong></span> <span class='ocrx_word' id='word_1_213' title='bbox 957 4009 1033 4073; x_wconf 86' lang='lat' dir='ltr'><strong>et</strong></span> <span class='ocrx_word' id='word_1_214' title='bbox 1061 3999 1396 4073; x_wconf 86' lang='lat' dir='ltr'><strong>maiestas</strong></span> <span class='ocrx_word' id='word_1_215' title='bbox 1427 3998 1537 4072; x_wconf 89' lang='lat' dir='ltr'><strong>vel</strong></span> <span class='ocrx_word' id='word_1_216' title='bbox 1563 4006 1857 4071; x_wconf 86' lang='lat' dir='ltr'><strong>externa</strong></span> <span class='ocrx_word' id='word_1_217' title='bbox 1884 4016 2165 4093; x_wconf 83' lang='lat' dir='ltr'><strong>quoque</strong></span> <span class='ocrx_word' id='word_1_218' title='bbox 2192 3994 2427 4089; x_wconf 85' lang='lat' dir='ltr'><strong>speeie</strong></span> 
     </span>
    </p>
   </div>
   <div class='ocr_carea' id='block_1_4' title="bbox 311 4155 2431 4340">
    <p class='ocr_par' dir='ltr' id='par_1_5' title="bbox 311 4155 2431 4340">
     <span class='ocr_line' id='line_1_31' title="bbox 311 4155 2431 4325; baseline -0.005 -96"><span class='ocrx_word' id='word_1_219' title='bbox 311 4258 378 4325; x_wconf 45' lang='lat' dir='ltr'><strong>L·</strong></span> <span class='ocrx_word' id='word_1_220' title='bbox 473 4163 554 4243; x_wconf 76' lang='lat'><strong>(1)</strong></span> <span class='ocrx_word' id='word_1_221' title='bbox 596 4163 658 4227; x_wconf 90' lang='lat' dir='ltr'><strong>S.</strong></span> <span class='ocrx_word' id='word_1_222' title='bbox 707 4161 888 4243; x_wconf 79' lang='lat' dir='ltr'><strong>cyril.</strong></span> <span class='ocrx_word' id='word_1_223' title='bbox 937 4162 1234 4229; x_wconf 80' lang='lat' dir='ltr'><strong>Hierosol.</strong></span> <span class='ocrx_word' id='word_1_224' title='bbox 1279 4162 1590 4229; x_wconf 80' lang='lat' dir='ltr'><strong>cateches.</strong></span> <span class='ocrx_word' id='word_1_225' title='bbox 1639 4158 1717 4225; x_wconf 73' lang='lat'><strong>23</strong></span> <span class='ocrx_word' id='word_1_226' title='bbox 1764 4158 2022 4242; x_wconf 78' lang='lat' dir='ltr'><strong>Mystag.</strong></span> <span class='ocrx_word' id='word_1_227' title='bbox 2066 4158 2103 4223; x_wconf 77' lang='grc' dir='ltr'>ὅ</span> <span class='ocrx_word' id='word_1_228' title='bbox 2144 4155 2218 4236; x_wconf 73' lang='lat' dir='ltr'><strong>de</strong></span> <span class='ocrx_word' id='word_1_229' title='bbox 2262 4172 2431 4221; x_wconf 79' lang='lat' dir='ltr'><strong>sacra</strong></span> 
     </span>
     <span class='ocr_line' id='line_1_32' title="bbox 365 4266 544 4340; baseline 0.006 -19"><span class='ocrx_word' id='word_1_230' title='bbox 365 4266 544 4340; x_wconf 72' lang='lat' dir='ltr'><strong>uturg.</strong></span> 
     </span>
    </p>
   </div>
  </div>
 </body>
</html>
