3317 5267
2284 450 2312 519 Ι
2335 450 2424 521 57

300 564 648 662 siquidem
702 562 773 631 in
808 560 961 633 eius
996 559 1367 631 anterioris
1392 558 1612 653 partis
1652 558 1889 632 medio
1926 557 2256 655 globulus
2293 588 2426 639 ex·-

302 682 489 755 tabit
535 678 845 754 referens
896 676 1157 749 almam
1210 674 1645 749 Nazarenam
1672 672 1978 749 Domum
2007 676 2096 751 ab
2133 674 2424 776 Angelis

298 782 738 898 asportatam
790 818 957 871 cum
995 794 1129 868 hac
1181 793 1639 890 inscriptione
1693 794 1764 865 in
1819 806 2020 890 parte
2054 795 2206 871 eius
2257 822 2428 897 pos-

301 920 559 993 teriore
610 914 861 989 =Pius
910 910 1009 987 lx
1062 910 1147 985 P.
1202 909 1303 987 M.
1356 910 1605 987 Ordini
1661 910 2176 987 Canonicorum
2229 914 2424 991 Eccl.

300 1038 633 1113 Cathedr.
690 1034 1020 1110 Barolen.
1085 1033 1289 1108 Anno
1368 1029 1631 1105 Christi
1704 1028 2165 1106 MDCCCLX.
2221 1032 2428 1125 Quod

301 1157 587 1257 quidem
625 1152 985 1251 religionis
1020 1160 1519 1225 ornamentum
1548 1171 1850 1224 comune
1886 1170 2044 1224 esse
2095 1152 2422 1227 volumus

304 1274 511 1348 Abati
564 1296 693 1370 pro
728 1286 1051 1367 tempore
1102 1268 1463 1343 Ecclesiae
1500 1266 1904 1341 Nazarenae
1937 1266 2256 1362 ejusdem
2283 1269 2426 1343 Ba-

298 1392 457 1481 roli,
513 1392 637 1489 qui
690 1400 1065 1487 propterea
1118 1384 1289 1461 illud
1340 1385 1789 1461 solummodo
1826 1386 1900 1457 in
1933 1386 2217 1483 propria
2281 1386 2426 1463 Ec-

306 1510 522 1585 clesia
573 1508 941 1583 Nazarena
995 1502 1329 1603 gestabit,
1361 1514 1437 1577 et
1460 1503 2052 1601 quotiescumque
2083 1526 2248 1578 cnm
2285 1502 2428 1578 Ca·-

301 1626 527 1725 pitulo
578 1622 1023 1700 Cathedralis
1076 1622 1381 1697 Sanctae
1437 1620 1694 1697 Mariae
1746 1621 2032 1719 Maioris
2067 1622 2140 1695 in
2176 1620 2428 1699 Eccle-

302 1744 605 1819 siasticis
656 1740 1139 1817 functionibus
1190 1742 1501 1827 unietur,
1546 1740 1840 1837 ejusque
1879 1738 2122 1815 Crucis
2175 1740 2430 1815 inscri-

298 1866 449 1963 ptio
500 1866 573 1938 in
626 1863 996 1961 posteriori
1058 1872 1261 1959 parte
1314 1860 1449 1935 erit
1476 1896 1531 1921 a
1554 1860 1727 1935 Pius
1777 1860 1871 1935 lx
1928 1860 2012 1934 P.
2055 1860 2150 1935 M.
2213 1861 2420 1936 Abati

302 1980 660 2057 Nazareno
716 1981 925 2055 Anno
982 1978 1151 2053 Chr.
1192 1975 1656 2052 MDCCCLX.

465 2096 812 2197 Singulari
863 2106 1107 2169 autem
1160 2088 1663 2170 benevolentia
1715 2106 1792 2167 et
1863 2114 2106 2171 amore
2165 2094 2434 2174 Cathe-

308 2212 931 2314 draleICapitulum
989 2214 1349 2289 Tranense
1386 2214 1716 2312 prosequi
1751 2212 2146 2311 cupientes,
2183 2218 2436 2318 singu-

304 2336 391 2410 lis
444 2336 765 2434 ejusdem
822 2332 1129 2431 Capituli
1184 2332 1559 2409 Canonicis
1610 2358 1740 2408 seu
1789 2332 2224 2431 DignitariiS,
2281 2340 2436 2413 sive

308 2476 451 2528 nou
506 2452 922 2529 facultatem
980 2450 1283 2527 facimus
1360 2452 1684 2527 eamdem
1754 2449 2055 2527 Crucem
2107 2467 2433 2531 auratam

306 2572 601 2669 parique
658 2575 729 2644 in
784 2568 1113 2645 omnibus
1170 2580 1491 2667 tempore
1553 2592 1635 2645 ac
1687 2570 1902 2645 modo
1963 2568 2256 2661 ferendi,
2295 2573 2432 2649 hoc

316 2688 815 2763 tantummodo
864 2684 1105 2761 habito
1164 2685 1597 2773 discrimine,
1667 2686 1855 2783 quo'd
1933 2686 2005 2759 in
2059 2686 2434 2764 anterioris

312 2809 543 2907 partis
570 2808 802 2883 medio
838 2818 1085 2882 extare
1134 2806 1390 2881 debeat
1445 2806 1680 2903 imago
1715 2805 2218 2882 Sanctissimae
2273 2807 2436 2883 Vir-

310 2928 497 3025 ginis
545 2927 805 3003 Mariae
879 2928 951 2999 in
1016 2922 1311 3001 Coelum
1374 2936 1727 3021 receptae,
1783 2935 1860 2999 et
1921 2926 1994 2999 in
2059 2928 2436 3023 posteriori

318 3046 639 3143 ejusdem
694 3056 893 3141 parte
946 3042 1317 3140 inscriptio
1364 3076 1417 3103 ==
1468 3040 1639 3117 Pius
1719 3039 1814 3114 lX
1896 3040 1980 3115 P.
2035 3044 2132 3118 Μ.
2187 3042 2436 3119 Ordini

312 3160 833 3237 Canonicorum
919 3160 1113 3236 Eccl.
1204 3156 1536 3235 Cathedr.
1621 3158 1928 3233 Tranen.
2001 3160 2208 3235 Anno
2261 3160 2428 3235 Ghr.

318 3276 781 3353 MDCCCLX.

479 3396 584 3471 Ad
636 3420 851 3472 onera
904 3407 1143 3470 autem
1227 3394 1602 3469 missarum
1683 3392 1876 3489 quod
1935 3394 2246 3489 pertinet
2323 3394 2436 3470 vel

316 3514 455 3617 piis
506 3514 789 3612 Legatis
838 3515 1179 3600 iniuncta,
1262 3512 1703 3587 inhaerentia
1780 3522 1995 3609 atque
2047 3512 2436 3589 adhaesura

316 3632 453 3728 ipsi
505 3655 731 3709 novae
772 3630 1175 3709 cathedrali
1217 3630 1804 3729 Archiepiscopali
1841 3630 2143 3707 Sanctae
2176 3628 2434 3709 Mariae

318 3746 603 3845 Maioris
654 3750 887 3826 Baroli
939 3750 1233 3848 ejusque
1286 3750 1619 3824 universo
1673 3746 2024 3844 Capitulo‚
2061 3748 2166 3823 vel
2205 3748 2437 3822 eidem

318 3868 457 3942 alia
508 3869 759 3966 quavis
811 3890 900 3941 ex
953 3890 1162 3942 causa
1214 3880 1289 3941 et
1341 3867 1549 3941 titulo
1600 3864 2084 3940 incumbentia
2135 3866 2440 3963 ipsamet

318 3986 563 4061 omnia
613 3998 689 4061 et
736 3984 1009 4083 singula
1063 3985 1387 4060 rationali
1438 3985 1653 4058 modo
1687 3982 2060 4058 dividenda
2094 3993 2303 4057 erunt
2339 3982 2442 4055 in-

318 4118 432 4183 ter
481 4106 793 4202 singulos
846 4102 1263 4191 Canonicos‚
1325 4114 1471 4176 tam
1528 4100 1982 4197 DignitariOS,
2037 4122 2254 4198 quam
2295 4123 2440 4175 non

318 4220 773 4318 DignitarioS,
814 4244 941 4295 nce
981 4244 1121 4295 non
1155 4221 1335 4294 inter
1370 4218 1861 4307 Beneficiatos,
1901 4220 2002 4297 uti
2040 4220 2440 4299 constitue-
