3317 5267
2287 433 2426 501 155

309 554 463 627 sive
516 554 791 625 noviter
841 560 1323 649 perpetuoque
1374 555 1920 643 constituentes»,
1975 580 2068 628 ex
2120 578 2428 654 quorum

310 670 563 743 annuis
590 667 977 743 redditibus
1000 668 1409 744 fidelissime
1436 671 1946 745 administratis
1971 694 2206 747 massa
2237 695 2432 748 com-

306 786 551 861 munis
572 798 1027 863 coacervatur
1062 788 1135 860 in
1172 788 1481 886 singulas
1516 789 1854 865 illiusmet
1879 790 2184 889 Capituli
2210 789 2430 866 Prae-

308 904 577 980 bendas
631 904 1183 1003 Dignitariorum
1218 918 1295 981 et
1330 906 1844 983 Canonicorum
1879 911 2128 985 eodem
2164 910 2310 984 fere
2345 932 2430 985 ac

309 1033 519 1095 antea
572 1024 785 1098 modo
838 1025 1137 1098 normali
1188 1025 1528 1100 continuo
1580 1026 2046 1122 impertienda
2083 1040 2296 1127 atque
2329 1030 2430 1103 di-

304 1138 631 1213 videnda.
662 1138 775 1213 Ex
828 1140 961 1217 hac
1012 1154 1255 1215 autem
1309 1164 1545 1218 massa
1596 1138 2094 1240 praelavantur
2143 1146 2218 1218 in
2277 1146 2428 1219 sin-

310 1260 511 1358 gulos
562 1283 849 1337 menses
900 1262 1153 1336 ducata
1206 1263 1456 1359 viginti
1508 1286 1639 1337 sex
1696 1286 1826 1359 pro
1879 1261 2138 1337 Vicarii
2191 1262 2428 1359 Gene-

311 1377 475 1451 ralis
526 1378 1031 1467 emolumeuto,
1070 1380 1327 1455 ducata
1376 1382 1625 1455 decem
1662 1404 1791 1479 pro
1825 1381 2238 1456 necessariis
2273 1381 2426 1476 ejus

310 1492 781 1570 cancellariae
808 1497 1346 1594 impendiis,nec
1372 1521 1517 1572 non
1542 1498 1926 1594 quotannis
1952 1496 2222 1572 Ducata
2248 1519 2429 1594 qua-

306 1611 631 1708 draginta
682 1612 867 1687 illius
916 1626 1245 1689 monetae
1272 1638 1403 1712 pro
1430 1614 1657 1711 magis
1686 1637 1994 1712 congrua
2030 1614 2435 1712 praebenda

310 1731 859 1827 uniuscuiusque
894 1754 986 1807 ex
1022 1734 1390 1809 duodecim
1442 1754 1654 1829 supra
1691 1735 2104 1808 memoratis
2137 1732 2430 1807 Benefi-

308 1851 562 1924 ciariis.
594 1848 791 1940 Quae
842 1854 1127 1949 quidem
1184 1875 1419 1928 annua
1454 1854 1707 1927 ducata
1743 1854 2206 1951 quadraginta
2259 1853 2430 1927 viri-

312 1969 443 2041 tim
519 1968 849 2047 lucranda
900 1994 1029 2046 seu
1081 1973 1533 2070 percipienda
1584 1982 1754 2073 sunt
1815 1972 2066 2047 eodem
2139 1993 2430 2068 prorsus

312 2090 527 2165 modo
605 2114 687 2165 ac
738 2090 1041 2181 ratione,
1096 2094 1203 2167 uti
1254 2093 1598 2167 hactenus
1650 2116 1782 2187 pro
1832 2092 1968 2165 illis
2028 2090 2428 2178 adhibetur,

312 2209 549 2283 addita
583 2210 869 2305 insuper
906 2210 1061 2307 lege
1096 2234 1189 2285 ne
1222 2212 1383 2307 quis
1434 2232 1678 2285 eorum
1719 2220 2126 2306 praesumat
2160 2210 2432 2283 valeat-

307 2350 451 2425 que
498 2349 839 2425 umquam
890 2326 978 2401 de
1029 2330 1203 2424 ipsis
1256 2327 1615 2402 Ecclesiae
1694 2338 1768 2401 et
1844 2324 2148 2423 Capituli
2224 2326 2430 2402 bonis

306 2436 601 2545 eiusque
654 2468 887 2521 massa
939 2446 1305 2543 capitulari
1357 2448 1744 2545 quidquam
1797 2446 2100 2542 amplius
2130 2468 2224 2519 ex
2262 2468 2434 2544 quo-

306 2566 417 2638 vis
469 2562 677 2637 titulo
728 2561 1081 2637 ullatenus
1128 2564 1513 2659 requirere,
1568 2562 1842 2661 sibique
1893 2562 2273 2639 vindicare·
2489 2650 2494 2657 ⁵

462 2682 881 2757 Huiusmodi
910 2705 1077 2759 vero
1104 2681 1411 2781 Capituli
1464 2681 2094 2779 Archiepiscopalis
2131 2682 2431 2757 Sanctae

306 2799 568 2875 Mariae
620 2798 905 2895 Majoris
958 2798 1193 2875 Baroli
1247 2798 1750 2897 DignitatibuS,
1787 2796 2158 2875 Canonicis
2193 2811 2267 2873 et
2291 2796 2436 2874 Be-

310 2918 679 2993 neficiariis
728 2942 858 3016 pro
894 2942 1003 3007 ea,
1046 2942 1228 3017 quae
1283 2919 1609 3006 interest,
1649 2918 1998 3015 gravitate
2037 2928 2263 3015 atque
2315 2940 2435 2991 or-

308 3048 649 3111 namento
700 3036 1103 3132 Apostolica
1152 3036 1414 3112 Nostra
1468 3034 1930 3143 Auctoritate·
1959 3046 2304 3132 perpetuo
2355 3042 2434 3107 ct

310 3156 389 3228 in
440 3165 843 3227 enarratum
894 3155 1344 3231 solummodo
1396 3156 1611 3229 finem
1648 3153 1902 3228 eadem
1929 3154 2306 3227 dumtaxat
2359 3162 2436 3225 et

310 3296 459 3347 non
508 3272 642 3344 alia
678 3272 1131 3346 concedimus
1166 3273 1406 3348 omnia
1434 3282 1509 3346 et
1534 3270 1812 3366 singula
1846 3268 2238 3365 privilegia,
2271 3268 2436 3342 insi-

310 3391 502 3487 gnia,
540 3389 870 3475 honores,
910 3389 1169 3487 quihus
1208 3390 1421 3464 modo
1460 3386 1830 3483 Dignitarii
1867 3396 1942 3458 et
1975 3383 2308 3460 Canonici
2361 3396 2438 3458 et

309 3508 744 3584 Beneficiarii
796 3508 1177 3581 Tranensis
1214 3504 1740 3603 Metropolitani
1777 3501 2084 3600 Capituli
2135 3514 2438 3578 utuntur

316 3626 647 3701 fruuntur
680 3636 756 3699 et
804 3626 1143 3721 gaudent3
1182 3619 1810 3720 Archipresbytero
1845 3620 2132 3718 insuper
2163 3621 2434 3718 primae

315 3744 623 3841 Capituli
674 3742 748 3817 S.
790 3742 1049 3819 Mariae
1085 3740 1365 3817 Maioris
1418 3738 1647 3814 Baroli
1700 3736 2041 3834 Dignitati
2078 3748 2152 3812 et
2179 3736 2430 3811 Archi-

314 3864 611 3939 diacono
663 3861 909 3936 itidem
960 3861 1233 3957 primae
1290 3860 1673 3935 Trauensis
1726 3855 2251 3954 Metropolitani
2287 3854 2430 3929 Ca·-

314 3984 521 4082 pituli
577 3979 921 4078 Dignitati
974 3992 1257 4077 praeter
1308 3990 1547 4055 vestes
1601 3976 1948 4051 violaceas
2000 3974 2430 4072 praelatitias

304 4104 457 4203 jam
496 4126 537 4175 a
572 4100 787 4177 Nobis
824 4096 1247 4196 approbatas
1282 4122 1491 4173 usum
1522 4118 1806 4196 quoque
1831 4116 2191 4169 sacrorum
2233 4090 2428 4169 Pon-

315 4221 679 4299 tificalium
732 4218 1033 4315 benigne
1087 4216 1337 4293 eodem
1390 4240 1678 4314 prorsus
1731 4212 1942 4289 modo
1977 4211 2430 4289 concedimus
