3317 5267
878 446 1025 516 2¹6

1529 679 1983 733 vt-nnnmtlnvs
2025 676 2329 731 mutum

945 792 1174 845 auxio
1211 770 1657 841 Ancflmrlscor'o
1720 792 2118 851 cmm-musi,
2162 792 2417 849 meon
2456 792 2899 853 mmmmm,

1469 902 1538 950 ur
1577 887 1754 950 r‘trto
1794 898 2065 952 arnecto
2106 892 2361 949 mentm
2838 890 2843 894 ·

1500 1208 1755 1303 PIVS
1814 1211 2114 1302 PAPA
2168 1212 2320 1299 IX.

882 1624 1402 1786 venerabiles
1457 1708 1768 1798 Fratres,
1824 1711 2121 1784 salutem
2178 1721 2252 1783 et
2308 1709 2783 1807 Apostolicam
2848 1710 2997 1786 Be-

877 1830 1372 1904 nedictionem.
1407 1828 1733 1903 Universi
1784 1827 2131 1903 Dominici
2170 1814 2398 1925 gregis
2432 1850 2599 1903 cura
2635 1829 2853 1905 Nobis
2902 1831 2993 1903 ab

875 1948 1032 2045 ipso
1083 1945 1366 2023 Christo
1421 1944 1723 2022 Domino
1776 1947 2113 2019 divinitus
2176 1946 2553 2021 commissa
2607 1946 2923 2043 postulat
2961 1999 2983 2033 ‚

878 2077 961 2139 ut
1019 2087 1150 2162 pro
1227 2065 1438 2138 variis
1504 2074 1909 2160 temporum
1968 2063 2237 2137 vicibus
2274 2116 2295 2150 ,
2378 2087 2461 2138 ea
2512 2064 2981 2160 suscipiamus

879 2182 1166 2259 consilia
1218 2204 1399 2280 quae
1453 2182 1540 2255 ad
1593 2182 1993 2255 animarum
2054 2181 2383 2269 salutem,
2446 2183 2689 2279 reique
2742 2204 2986 2256 sacrae

876 2299 1444 2394 procurationem
1509 2300 1735 2396 magis
1805 2301 2199 2375 conducere
2276 2300 2626 2374 videntur.
2698 2298 2986 2397 Optime

876 2419 1166 2493 noscitis
1195 2469 1218 2505 ‚
1275 2415 1730 2493 venerabiles
1786 2418 2080 2495 Fratres
2111 2473 2132 2506 ,
2186 2420 2539 2517 quomodo
2600 2421 2775 2495 istae
2832 2432 2987 2495 tum

878 2538 1266 2613 Sabaudiae
1307 2591 1327 2626 ,
1385 2552 1544 2630 tum
1594 2538 1891 2615 Nicaeae
1943 2542 2347 2638 provinciae
2406 2541 2671 2616 Gallico
2732 2542 2965 2640 Impe-

877 2659 984 2732 rio
1036 2656 1305 2732 fuerint
1356 2656 1758 2754 adjunctae,
1814 2684 2043 2760 neque
2104 2663 2443 2759 ignoratis
2506 2660 2763 2758 quibus
2826 2662 2983 2736 eni-

875 2777 988 2850 xis
1037 2778 1447 2873 iteratisque
1497 2777 1821 2874 precibus
1872 2782 2361 2855 serenissimus
2412 2802 2494 2853 ac
2572 2782 2985 2874 potentissi-

878 2918 1040 2971 mus
1093 2893 1451 2971 Gallorum
1505 2895 1897 2993 Imperator
1947 2896 2259 2993 Napoleo
2294 2896 2388 2969 111
2442 2918 2484 2967 a
2536 2894 2752 2969 Nobis
2791 2896 2986 2970 effla-

876 3015 1169 3111 gitaveri
1181 3025 1231 3103 t,
1291 3025 1374 3088 ut
1426 3015 1512 3088 ad
1562 3016 1752 3111 ipsas
1803 3018 2201 3113 provincias
2254 3016 2632 3089 extendere
2678 3014 2979 3087 velimus

881 3130 1468 3219 Conventionem,
1524 3156 1706 3229 quae
1758 3156 1800 3205 a
1852 3132 2069 3207 felicis
2122 3131 2621 3207 recordationis
2672 3130 2803 3207 Pio
2860 3130 2982 3205 Vn

875 3246 1259 3324 Decessore
1333 3248 1591 3325 Nostro
1651 3272 1816 3321 cum
1872 3246 2227 3324 Gallicano
2278 3246 2635 3325 Gubernio
2684 3249 2799 3323 die
2850 3251 2981 3323 de·-

877 3366 1309 3464 cimaquinta
1364 3366 1626 3440 mensis
1682 3365 1835 3439 Iulii
1887 3388 2071 3438 auno
2125 3366 2501 3441 millesimo
2536 3370 2981 3463 octingente-

873 3483 1058 3557 simo
1109 3485 1338 3580 primo
1397 3482 1532 3558 fuit
1583 3484 1779 3557 inita.
1812 3482 1955 3559 Nos
1994 3487 2227 3583 itaque
2278 3486 2365 3559 de
2417 3486 2773 3563 Ecclesiae
2810 3508 2981 3583 pro-

871 3600 1210 3697 speritate
1265 3615 1640 3697 vestraque
1714 3602 2221 3699 tranquillitate
2260 3654 2281 3688 ,
2356 3616 2573 3701 atque
2634 3604 2979 3701 spirituali

873 3719 1168 3792 istorum
1222 3718 1646 3817 populorum
1699 3714 1887 3792 hono
1941 3719 2055 3792 vel
2112 3720 2421 3794 maxime
2472 3720 2749 3796 solliciti
2808 3744 2977 3817 prae

873 3838 1090 3911 oculis
1143 3836 1484 3911 habentes
1537 3836 1707 3910 illud
1734 3837 1811 3909 S.
1843 3833 2097 3911 Leonis
2150 3836 2383 3935 Magni
2412 3836 2977 3915 Praedecessoris

872 3952 1108 4028 Nostri
1161 3956 1548 4042 monitum3
1603 3952 1805 4028 Sicut
1856 3952 2209 4055 quaedam
2260 3969 2427 4028 sunt
2465 4009 2488 4044 ‚
2542 3980 2725 4057 quae
2776 3956 2977 4032 nulla

823 4139 829 4147 ,
863 4086 1152 4169 possunt
1190 4072 1468 4146 ratione
1500 4072 1829 4163 convelli,
1869 4074 1969 4146 ita
2003 4072 2229 4147 multa
2265 4088 2431 4147 sunt
2468 4099 2653 4177 quae
2686 4092 2811 4151 ant
2844 4100 2979 4177 pro

867 4188 1430 4263 consideratione
1482 4204 1797 4265 aetatum
1830 4245 1849 4279 ,
1905 4207 2027 4265 aut
2078 4216 2209 4290 pro
2262 4195 2677 4267 necessitate
2728 4218 2978 4268 rerum
