3317 5267
870 436 1011 508 ⁰32
1572 547 1822 640 PIUS
1880 549 2046 636 PP.
2110 545 2263 638 lx.

1018 926 1367 978 nunnus
1404 921 1601 976 rum
1644 931 1818 977 rur-o
1864 927 2114 978 amomo
2155 929 2426 976 nisooro
2469 925 2872 977 rorstaususi

1466 1021 1531 1070 nu
1571 1021 2046 1072 monumen
2087 1021 2420 1084 uranica,

1602 1278 1984 1330 Vssssnllblss
2031 1281 2243 1332 mm

1323 1481 1582 1529 estvm!
1623 1478 1693 1528 m·
1734 1480 2128 1528 Arosrotlcffl
2167 1479 2660 1528 ntunnicnoutu,

873 1637 1087 1804 Etsi
1144 1726 1457 1801 maximo
1510 1725 1928 1801 afflictemur
1974 1725 2216 1802 dolore
2268 1725 2362 1800 ob
2415 1723 2898 1800 tristissimam
2931 1725 3008 1799 in

878 1849 1015 1923 ista
1074 1845 1625 1944 Neogranatensi
1665 1843 2049 1941 Republica
2111 1855 2454 1942 augustae
2513 1855 2802 1920 nostrae
2865 1843 3015 1920 Re·-

872 1963 1152 2062 ligionis
1224 1962 1732 2048 conditionem,
1803 1961 2404 2058 quemadmodum
2465 1959 2724 2035 Nostra
2787 1960 3020 2059 Ency-

870 2083 1046 2157 elica
1094 2079 1419 2177 Epistola
1468 2080 1587 2155 die
1642 2081 1714 2151 7.
1759 2079 2078 2176 proxime
2117 2079 2340 2175 elapsi
2375 2081 2638 2154 mensis
2675 2079 3014 2176 Septem-

866 2197 1015 2274 bris
1068 2199 1157 2273 ad
1212 2209 1467 2272 omnes
1518 2193 1976 2270 venerabiles
2031 2195 2318 2272 Fratres
2369 2197 2684 2271 eiusdem
2742 2195 3016 2294 Reipu-

872 2317 1095 2392 blicae
1148 2317 1523 2392 Sacrorum
1580 2295 1956 2390 Antistites
2005 2315 2270 2412 scripta
2323 2315 2554 2410 palam
2593 2313 3010 2414 publiceque

874 2435 1429 2518 declaravimus,
1487 2445 1728 2508 tamen
1783 2431 1904 2507 uhi
1957 2431 2152 2508 hisce
2202 2431 2454 2506 diebus
2507 2432 2698 2507 Tuas
2733 2433 3010 2530 accepi·-

874 2563 1036 2623 mus
1102 2548 1409 2622 Litteras
1470 2549 1583 2623 die
1665 2551 1754 2620 18
1829 2549 2138 2645 proximi
2209 2549 2475 2624 mensis
2553 2547 2846 2647 Augusti
2923 2549 3010 2624 ad

876 2667 1019 2744 Nos
1070 2669 1305 2755 datas,
1361 2680 1435 2741 et
1498 2665 2062 2743 conventionem
2127 2692 2170 2742 a
2229 2665 2330 2743 Te
2388 2690 2553 2745 cum
2615 2669 2758 2744 isto
2823 2667 3016 2744 Neo·-

880 2786 1287 2884 granatensi
1342 2781 1700 2858 Gubernio
1755 2807 2130 2881 perperam
2167 2785 2446 2874 initam,
2486 2787 2764 2883 paterni
2793 2787 3012 2860 animi

879 2904 1115 2980 Nostri
1142 2903 1505 3001 aegritudo
1534 2903 1874 2978 maiorem
1901 2906 1972 2978 in
2003 2903 2294 2978 modum
2321 2917 2436 2979 est
2459 2916 2688 2980 aucta.-
2719 2903 3012 2980 Etenim

878 3022 1102 3119 magis
1168 3021 1537 3118 magisque
1606 3021 1936 3096 novimus
2005 3020 2342 3098 hostilem
2413 3045 2586 3097 sane
2651 3022 3012 3120 spiritum,

878 3163 1023 3237 quo
1074 3139 1262 3214 idem
1326 3135 1761 3213 Gubernium
1831 3139 1900 3212 in
1965 3139 2384 3215 catholicam
2451 3139 2842 3216 Ecclesiam
2903 3152 3019 3214 est

878 3261 1298 3348 animatum,
1372 3270 1449 3332 et
1520 3260 1880 3356 quomodo
1953 3260 2026 3332 in
2095 3260 2246 3336 dics
2321 3259 2722 3334 veneranda
2795 3259 3016 3355 ipsius

878 3379 1235 3456 Ecclesiae
1286 3381 1466 3468 iura,
1528 3381 2168 3477 auctoritatemque
2205 3380 2568 3469 invadere,
2603 3379 3016 3456 conculcare

883 3519 1025 3571 non
1094 3496 1357 3572 desinit
1428 3519 1513 3570 eo
1588 3510 1944 3593 spectans,
2022 3507 2104 3571 ut
2172 3495 2562 3571 Ecclesiam
2637 3497 2866 3593 ipsam
2941 3497 3012 3568 in

876 3614 1367 3711 turpissimam
1444 3613 1672 3689 civilis
1741 3615 2120 3711 potestatis
2205 3615 2636 3689 servitutem
2721 3615 3012 3690 omnino

878 3733 1173 3830 redigat.
1242 3731 1625 3807 Enimvero
1689 3732 1927 3829 ecquis
1991 3755 2133 3808 non
2173 3732 2638 3808 vehementer
2707 3731 3015 3828 plorabit

878 3851 1179 3926 videndo
1232 3853 1417 3926 inter
1474 3851 1611 3926 alia
1671 3849 2105 3948 Episcopum
2181 3851 2270 3926 ab
2331 3851 2586 3926 eodem
2649 3849 3011 3924 Gubernio

871 3971 1019 4046 fere
1072 3980 1396 4045 coactum
1448 3969 1665 4044 fuisse
1717 3970 1804 4043 ad
1843 3969 2222 4043 ineundam
2265 3967 2838 4046 conventionem
2877 3993 3011 4042 ca-

874 4088 1115 4165 tholici
1166 4088 1397 4163 cultus
1450 4087 1694 4161 tuendi
1745 4107 1956 4162 causa
2009 4085 2098 4160 ad
2149 4108 2474 4163 normam
2531 4099 2772 4162 tamen
2814 4083 3006 4160 Con·

874 4205 1264 4280 stitutionis
1318 4205 1553 4302 legum
1587 4259 1605 4293 ,
1663 4206 2106 4281 decretorum
2167 4203 2614 4302 Reipublicae
2645 4256 2669 4290 ‚
2723 4205 3016 4312 etiamsi
