3317 5267
849 418 940 487 ¹0
1175 478 1184 487 .
2198 462 2211 479 .

840 554 980 629 que
1033 532 1121 605 ad
1177 530 1458 607 virtutis
1500 580 1519 616 ,
1581 529 1895 605 iustitiae
1946 551 2029 601 ac
2084 527 2449 625 religionis
2496 530 2789 605 semitas
2840 532 2971 605 ad·-

839 648 1119 721 ducere.
1177 646 1276 723 Et
1323 647 1663 744 quoniam
1700 667 1864 720 cum
1902 644 2222 721 maximo
2262 644 2545 734 Nostro,
2587 658 2969 745 vestroque

839 764 1036 839 luctu
1089 764 1406 839 nonnulli
1443 763 1516 835 in
1571 764 1709 837 isto
1747 763 1995 859 Regno
2031 762 2483 858 reperiuntur
2517 763 2971 841 ecclesiastici

843 881 1000 967 viri,
1039 882 1162 978 qui
1200 881 1524 977 propriae
1567 880 1953 957 vocationis
1991 880 2201 975 plane
2238 878 2439 955 obliti
2476 880 2967 977 improbanda,

841 1020 924 1071 ac
981 997 1428 1095 vituperabili
1481 1020 1729 1075 eorum
1784 997 2069 1072 vivendi
2122 997 2424 1083 ratione,
2466 996 2597 1071 Dei
2648 998 2975 1095 indigna-

843 1116 1111 1189 tionem
1165 1116 1551 1203 concitant,
1607 1126 1684 1188 et
1735 1114 2119 1189 christiano
2173 1115 2435 1211 populo
2471 1138 2685 1193 causa
2722 1117 2975 1193 mortis

840 1237 1186 1325 existunt,
1245 1238 1360 1311 cui
1409 1238 1628 1311 duces
1684 1238 1772 1311 ad
1828 1238 2055 1311 vitam
2106 1260 2265 1311 esse
2298 1236 2671 1324 deberent,
2720 1238 2974 1312 iccirco

845 1356 1165 1430 invectas
1238 1357 1310 1429 in
1365 1354 1550 1429 Cleri
1625 1378 1863 1430 mores
1914 1356 2353 1453 corruptelas
2385 1408 2408 1442 ,
2458 1356 2976 1455 abusionesque

837 1473 1261 1561 convellere,
1319 1474 1610 1572 eiusque
1666 1474 2113 1571 disciplinam
2168 1475 2259 1547 ad
2310 1495 2675 1547 sacrorum
2754 1498 2975 1550 eano-

837 1611 1012 1663 num
1067 1612 1391 1666 normam
1443 1600 1713 1663 sartam
1768 1601 2179 1686 tectamque
2216 1590 2401 1663 tueri
2436 1613 2519 1663 ae
2548 1588 2789 1665 fovere
2814 1603 2975 1665 stu-

836 1704 1234 1778 diosissime
1283 1706 1719 1781 contendite.
1775 1704 1967 1779 Nihil
2016 1726 2334 1802 unquam
2380 1706 2575 1779 inten
2586 1718 2817 1781 tatum
2868 1730 2976 1781 re-

838 1820 1162 1918 linquite,
1219 1834 1301 1896 nt
1352 1823 1665 1897 iuniores
1722 1821 1973 1897 Clerici
2028 1822 2141 1895 vel
2193 1844 2235 1895 a
2292 1824 2555 1897 teneris
2628 1825 2833 1899 annis
2884 1826 2973 1899 ad

840 1928 1209 2034 pietatem,
1266 1938 1687 2035 religionem
1722 1949 1799 2011 et
1850 1938 2414 2013 ecclesiasticum
2450 1940 2780 2036 spiritum
2816 1964 2977 2015 ma—

843 2068 1000 2131 ture
1053 2057 1542 2144 instituantur,
1599 2069 1815 2153 atque
1867 2056 1956 2130 ad
1990 2056 2301 2152 optimas
2354 2070 2569 2145 artes,
2646 2070 2719 2131 et
2768 2082 2977 2133 seve÷

841 2176 1060 2250 riores
1111 2176 1514 2273 disciplinas
1567 2198 1650 2250 ac
1702 2174 2123 2270 praesertim
2180 2175 2269 2249 ad
2306 2175 2604 2249 solidam
2655 2176 2975 2251 incorru-

841 2307 1184 2392 ptamque
1235 2296 1789 2392 theologicarum
1843 2316 2109 2379 rerum,
2168 2316 2673 2392 sacrorumque
2724 2294 2973 2371 Cano-

837 2437 1014 2488 num
1051 2416 1420 2489 scientiam
1458 2412 1955 2490 informentur.
2002 2413 2233 2511 Atque
2262 2414 2339 2487 in
2372 2414 2621 2510 primis
2654 2413 2971 2511 Apostoli

837 2546 1296 2631 praeceptum
1359 2558 1527 2631 prae
1581 2534 1805 2608 oculis
1843 2554 2127 2629 semper
2162 2533 2539 2621 habenteS,
2578 2534 2975 2631 diligentis-

832 2651 1014 2723 sime
1065 2662 1338 2739 cavete,
1397 2676 1486 2724 ne
1541 2652 1683 2725 cito
1736 2652 2341 2747 manus-cuipiam
2394 2676 2709 2749 unquam
2739 2654 2974 2749 impo-

833 2770 1048 2855 natiS‚
1103 2780 1178 2841 et
1230 2770 1301 2841 in
1355 2770 1574 2842 saeris
1653 2766 2099 2843 conferendis
2153 2766 2535 2843 Ordinibus
2614 2790 2973 2843 summam
3052 2864 3061 2871 ,

831 2908 1104 2973 curam,
1159 2886 1707 2983 cautionemque
1774 2884 2189 2980 impendite.
2248 2884 2477 2971 Absit,
2523 2882 2973 2963 venerabiles

831 2998 1142 3087 Fratre&
1199 3013 1280 3075 ut
1336 3003 1410 3073 in
1461 3002 1648 3075 tanti
1703 3000 2053 3076 momenti
2132 3022 2210 3075 re
2288 3000 2541 3097 aliquis
2598 3025 2687 3075 ex
2752 3000 2971 3077 Vobis

835 3120 958 3207 sit,
1018 3122 1140 3217 qui
1197 3119 1446 3193 alienis
1500 3119 1772 3204 officiiS‚
1828 3118 2107 3207 studiis,
2164 3120 2457 3217 gratiae,
2498 3119 2967 3218 humanisque

836 3237 1226 3313 rationibus
1279 3238 1648 3335 indulgens
1706 3235 1883 3309 velit
1964 3260 2275 3335 unquam
2326 3238 2481 3313 illos
2532 3237 2607 3312 in
2686 3236 2968 3313 Clerum

829 3366 1194 3452 cooptare,
1234 3366 1310 3429 et
1343 3358 1430 3432 ad
1465 3354 1987 3431 ecclesiasticos
2025 3356 2315 3451 graduS‚
2358 3366 2435 3429 et
2468 3354 2767 3432 Ordines
2802 3382 2971 3454 pro-

835 3496 1126 3548 movere
1157 3527 1178 3561 ‚
1233 3477 1358 3573 qui
1411 3476 1707 3549 minime
1762 3474 2111 3569 pollentes
2188 3474 2471 3551 dotibus
2550 3500 2678 3572 per
2730 3500 2967 3551 sacros

835 3588 1162 3665 Canones
1213 3592 1665 3687 praescriptis
1703 3604 1873 3665 sunt
1924 3591 2217 3664 omnino
2252 3614 2295 3662 a
2336 3614 2537 3667 sacro
2572 3594 2967 3667 ministerio

835 3709 1216 3784 reiieiendi.
1277 3708 1566 3783 Etenim
1620 3710 1841 3805 probe
1896 3708 2123 3785 nosti's
2176 3732 2393 3805 quam
2475 3732 2763 3806 gravem
2818 3712 2972 3785 cul-

835 3849 1003 3924 pam
1056 3826 1487 3913 committat,
1527 3836 1882 3921 quantum
1920 3824 2277 3899 Ecclesiae
2312 3826 2653 3903 damnum
2690 3824 2962 3912 afferat,

833 3958 914 4019 et
962 3967 1176 4043 quam
1225 3945 1620 4020 districtam
1653 3994 1674 4033 ,
1730 3968 1815 4021 ae
1864 3945 2072 4043 plane
2154 3946 2599 4020 tremendam
2678 3944 2963 4021 Christo

835 4061 1138 4137 Domino
1187 4063 1535 4137 rationem
1589 4062 1877 4137 reddere
1931 4061 2215 4149 debeat,
2274 4064 2397 4159 qui
2458 4064 2781 4161 indignos
2834 4087 2965 4137 sa·-

829 4182 974 4255 cris
1025 4179 1406 4255 Ordinibus
1455 4182 1735 4257 initiare
1788 4207 1929 4259 non
1984 4196 2223 4280 paret.
2281 4180 2647 4271 Quocirca,
2732 4181 2963 4255 Vene-

831 4297 1084 4374 rabiles
1139 4298 1448 4389 FratreS,
1503 4323 1633 4397 pro
1687 4303 1963 4400 egregia
2017 4311 2257 4375 vestra
2308 4300 2647 4397 religione
2698 4302 2769 4375 in
2832 4302 2962 4374 ad-
