3317 5267
863 416 1012 490 668

863 530 935 602 in
987 552 1207 627 eaque
1260 531 1776 606 confirmandos
1830 531 2001 602 nihil
2056 556 2140 606 eo
2190 533 2431 614 libello
2496 539 2990 614 accommoda-

868 648 1034 734 tius3
1091 650 1288 744 isque
1341 649 1632 744 proinde
1682 659 1759 720 et
1810 648 2149 744 probatus
2202 665 2276 726 et
2330 669 2675 755 exceptus
2726 657 2819 732 ab
2884 657 2989 730 E-

861 767 1166 862 piscopis
1219 791 1302 842 ac
1355 767 1729 862 Theologis
1788 767 1924 840 suit
1970 775 2335 846 communi
2388 799 2555 850 cum
2596 776 2877 873 plausu,
2919 789 2997 849 et

865 886 936 957 in
993 887 1255 960 bonum
1309 889 1703 960 animarum
1759 888 2225 984 undequaque
2276 891 2596 968 diffusus.
2634 893 2785 966 lam
2824 917 2997 969 vero

865 1006 1398 1084 strenuissimus
1421 1007 1536 1080 hic
1565 1007 1673 1078 vir
1724 1005 2319 1102 periculosissimo
2371 1024 2695 1110 tempore
2744 1011 3000 1088 Eccle-

867 1125 1012 1197 siae
1067 1127 1154 1199 ad
1207 1126 1630 1222 praesidium
1686 1126 1919 1212 datuS,
1976 1137 2153 1222 quot
2202 1139 2279 1200 et
2328 1153 2541 1227 quam
2612 1131 2821 1229 longa
2872 1131 2999 1203 iti-

865 1265 1036 1317 nera
1087 1242 1500 1338 susceperit,
1555 1263 1683 1337 per
1732 1241 2241 1337 quinquaginta
2272 1294 2295 1328 ,
2349 1267 2573 1342 eoque
2624 1245 2931 1341 amplius
2968 1295 2995 1334 ,

865 1383 1116 1447 annos,
1171 1372 1348 1457 quot
1395 1380 1771 1432 aerumnas
1825 1359 2091 1447 tulerit,
2144 1372 2322 1456 quot
2372 1361 2735 1436 molestias
2784 1364 2997 1438 devo·

859 1478 1152 1564 raverit,
1211 1499 1422 1551 nemo
1475 1474 1675 1549 facile
1729 1477 2101 1572 cogitando
2153 1479 2433 1574 assequi
2472 1491 2739 1574 posset.
2782 1477 2997 1555 Polo·

858 1598 1078 1683 niam,
1139 1593 1630 1680 Franconiam‚
1670 1591 2071 1680 Bavariam,
2103 1592 2545 1682 Bohemiam,
2586 1607 2797 1692 atque
2836 1597 2995 1670 uni-

855 1734 1137 1785 versam
1190 1709 1344 1785 fere
1399 1708 1849 1784 Germaniam
1906 1711 2259 1806 religionis
2308 1734 2521 1786 causa
2558 1712 2985 1808 peragravit.

847 1831 1088 1908 Multis
1141 1842 1216 1905 et
1265 1831 1668 1905 civitatibus
1720 1841 1795 1905 et
1843 1832 2222 1928 provinciis
2274 1831 2483 1906 saluti
2537 1831 2675 1906 fuit
2714 1883 2736 1922 ,
2792 1855 2993 1930 qua·—

856 1970 1016 2024 rum
1071 1950 1250 2022 alias
1303 1947 1392 2022 ab
1445 1945 1853 2021 imminenti
1902 1951 2323 2046 contagione
2374 1950 2687 2022 servavit
2736 1951 2995 2023 immu-

851 2091 1006 2156 neS,
1063 2066 1243 2140 alias
1301 2065 1389 2139 ab
1441 2068 1833 2140 inveterata
1884 2087 2203 2140 errorum
2255 2077 2455 2162 peste
2510 2067 2867 2163 purgavit.
2912 2067 2995 2140 ln

855 2184 1323 2260 conventibus
1361 2181 1883 2271 Ratisbonensi,
1924 2182 2429 2258 Patricoviensi
2468 2195 2543 2256 et
2580 2181 2995 2281 Augustano

853 2301 1236 2376 catholicos
1291 2300 1677 2396 Principes,
1732 2322 2108 2396 sacrosque
2164 2297 2540 2374 Antistites
2590 2302 2987 2388 excitavit,

855 2421 1137 2494 exacuit
1191 2421 1277 2494 ad
1331 2419 1947 2516 comprimendum
2025 2417 2541 2493 haereticorum
2614 2415 2917 2492 furorem
2958 2471 2983 2506 ,

859 2537 947 2610 ad
999 2535 1356 2610 funestam
1409 2536 1769 2609 flammam
1802 2588 1821 2624 ,
1878 2559 2057 2634 quae
2110 2537 2182 2609 in
2236 2535 2697 2611 manifestum
2734 2559 2983 2611 erum-

857 2655 1075 2753 pebat
1126 2655 1555 2742 incendium,
1609 2655 2209 2752 restinguendam.
2265 2655 2345 2728 ln
2396 2655 2745 2754 colloquio
2786 2653 2985 2729 Wor-

853 2773 1184 2848 matiensi
1236 2795 1394 2846 cum
1450 2772 1821 2846 haereseos
1902 2774 2259 2870 magistris
2336 2773 2407 2845 in
2486 2772 2983 2868 disputationis

860 2904 1218 2966 certamen
1255 2890 1488 2986 palam
1525 2891 1745 2976 venit,
1790 2901 2205 2987 tantamque
2254 2890 2699 2986 exprompsit
2750 2892 2993 2965 erudi-

859 3008 1070 3082 tionis
1121 3007 1424 3104 copiam,
1465 3029 1546 3078 ac
1596 3005 1868 3079 dicendi
1910 3006 2081 3092 vim,
2122 3017 2205 3082 ut
2254 3016 2377 3081 eos
2432 3009 2784 3102 proiectae
2824 3007 2993 3082 licet

861 3125 1185 3202 audaciae
1237 3125 1324 3198 ad
1373 3124 1731 3198 silentium
1786 3123 2157 3219 redegerits
2212 3121 2453 3198 Doctis
2488 3146 2573 3196 ac
2616 3121 2987 3198 laboriosis

859 3243 1277 3340 conscriptis
1317 3241 1794 3315 voluminibus
1826 3239 2395 3316 Centuriatorum
2430 3239 2993 3339 magdeburgen-

859 3365 1042 3438 sium
1097 3359 1481 3434 calumnias
1532 3359 1798 3433 invicte
1851 3359 2127 3434 refellit.
2174 3358 2455 3432 Primus
2494 3357 2994 3456 gubernandae

863 3477 1275 3566 Provinciae
1327 3474 1789 3551 Germanicae
1840 3499 1880 3548 a
1933 3475 2006 3551 S.
2046 3473 2317 3574 ignatio
2352 3477 2797 3572 praepositus
2824 3476 2993 3550 Col-

861 3597 1042 3693 legia
1093 3595 1520 3668 erudiendae
1571 3594 1921 3669 iuventuti
1961 3594 2219 3692 ubique
2254 3594 2619 3681 excitavit,
2660 3617 2991 3670 omnem-

857 3737 998 3811 que
1049 3711 1244 3785 dedit
1275 3733 1590 3806 operam,
1629 3722 1713 3784 ut
1750 3722 2092 3808 perpetuo
2139 3711 2689 3787 constitueretur
2738 3711 2811 3784 in
2848 3709 2989 3784 Ur·-

859 3831 950 3905 be
1003 3828 1500 3904 Germanicum
1555 3827 1945 3924 Collegium
1996 3830 2427 3928 excipiendis
2476 3831 2629 3906 eius
2684 3833 2991 3907 nationis

863 3947 1264 4034 iuvenibuS‚
1320 3948 1440 4044 qui
1495 3945 1629 4020 sub
1686 3949 2012 4046 auspiciis
2052 3949 2529 4024 Romanorum
2562 3946 2985 4024 Pontificum

853 4067 1060 4142 bonis
1114 4066 1418 4140 instituti
1469 4065 1810 4154 morihuS,
1866 4069 2219 4165 rectisque
2270 4068 2593 4141 innutriti
2642 4067 2985 4142 doctrinis

857 4185 928 4260 in
983 4185 1279 4280 patriam
1334 4185 1646 4273 reversi,
1703 4183 1925 4262 fortes
1977 4199 2339 4283 tamquam
2392 4184 2653 4260 Christi
2710 4185 2975 4260 milites
