<?xml version="1.0" encoding="UTF-8"?>
<!DOCTYPE html PUBLIC "-//W3C//DTD XHTML 1.0 Transitional//EN"
    "http://www.w3.org/TR/xhtml1/DTD/xhtml1-transitional.dtd">
<html xmlns="http://www.w3.org/1999/xhtml" xml:lang="en" lang="en">
 <head>
  <title>
</title>
<meta http-equiv="Content-Type" content="text/html;charset=utf-8" />
  <meta name='ocr-system' content='tesseract 3.04.00' />
  <meta name='ocr-capabilities' content='ocr_page ocr_carea ocr_par ocr_line ocrx_word'/>
</head>
<body>
  <div class='ocr_page' id='page_1' title='image "./piiixpontificis00ixgoog_0088.png"; bbox 0 0 3317 5267; ppageno 0'>
   <div class='ocr_carea' id='block_1_1' title="bbox 865 431 3033 4297">
    <p class='ocr_par' dir='ltr' id='par_1_1' title="bbox 890 431 986 503">
     <span class='ocr_line' id='line_1_1' title="bbox 890 431 986 503; baseline 0.021 -2"><span class='ocrx_word' id='word_1_1' title='bbox 890 431 986 503; x_wconf 83' lang='lat'><strong>78</strong></span> 
     </span>
    </p>

    <p class='ocr_par' dir='ltr' id='par_1_2' title="bbox 865 544 3033 4297">
     <span class='ocr_line' id='line_1_2' title="bbox 881 544 3033 645; baseline -0.001 -22"><span class='ocrx_word' id='word_1_2' title='bbox 881 549 984 623; x_wconf 82' lang='lat' dir='ltr'><strong>sis</strong></span> <span class='ocrx_word' id='word_1_3' title='bbox 1033 545 1364 625; x_wconf 87' lang='lat' dir='ltr'><strong>omnibus</strong></span> <span class='ocrx_word' id='word_1_4' title='bbox 1441 572 1588 625; x_wconf 87' lang='lat' dir='ltr'><strong>non</strong></span> <span class='ocrx_word' id='word_1_5' title='bbox 1637 544 2149 631; x_wconf 84' lang='lat' dir='ltr'><strong>consenserint,</strong></span> <span class='ocrx_word' id='word_1_6' title='bbox 2212 566 2299 619; x_wconf 82' lang='lat' dir='ltr'><strong>ac</strong></span> <span class='ocrx_word' id='word_1_7' title='bbox 2376 568 2657 637; x_wconf 82' lang='lat' dir='ltr'><strong>causae,</strong></span> <span class='ocrx_word' id='word_1_8' title='bbox 2731 559 3033 645; x_wconf 83' lang='lat' dir='ltr'><strong>propter</strong></span> 
     </span>
     <span class='ocr_line' id='line_1_3' title="bbox 883 663 3029 762; baseline 0.001 -23"><span class='ocrx_word' id='word_1_9' title='bbox 883 690 1064 762; x_wconf 86' lang='lat' dir='ltr'><strong>quas</strong></span> <span class='ocrx_word' id='word_1_10' title='bbox 1111 668 1348 740; x_wconf 88' lang='lat' dir='ltr'><strong>omnia</strong></span> <span class='ocrx_word' id='word_1_11' title='bbox 1399 677 1474 738; x_wconf 83' lang='lat' dir='ltr'><strong>et</strong></span> <span class='ocrx_word' id='word_1_12' title='bbox 1525 666 1797 761; x_wconf 83' lang='lat' dir='ltr'><strong>singula</strong></span> <span class='ocrx_word' id='word_1_13' title='bbox 1864 663 2355 737; x_wconf 79' lang='lat' dir='ltr'><strong>emanaverint</strong></span> <span class='ocrx_word' id='word_1_14' title='bbox 2390 714 2417 751; x_wconf 87' lang='lat'><strong>,</strong></span> <span class='ocrx_word' id='word_1_15' title='bbox 2482 666 2779 741; x_wconf 87' lang='lat' dir='ltr'><strong>minime</strong></span> <span class='ocrx_word' id='word_1_16' title='bbox 2818 718 2839 753; x_wconf 89' lang='lat'><strong>‚</strong></span> <span class='ocrx_word' id='word_1_17' title='bbox 2914 666 3029 741; x_wconf 87' lang='lat' dir='ltr'><strong>vel</strong></span> 
     </span>
     <span class='ocr_line' id='line_1_4' title="bbox 881 780 3029 883; baseline 0.002 -26"><span class='ocrx_word' id='word_1_18' title='bbox 881 785 1120 859; x_wconf 87' lang='lat' dir='ltr'><strong>minus</strong></span> <span class='ocrx_word' id='word_1_19' title='bbox 1169 784 1598 857; x_wconf 84' lang='lat' dir='ltr'><strong>sufficienter</strong></span> <span class='ocrx_word' id='word_1_20' title='bbox 1674 784 2127 857; x_wconf 81' lang='lat' dir='ltr'><strong>examinatae</strong></span> <span class='ocrx_word' id='word_1_21' title='bbox 2186 780 2453 857; x_wconf 83' lang='lat' dir='ltr'><strong>fuerint</strong></span> <span class='ocrx_word' id='word_1_22' title='bbox 2490 834 2510 869; x_wconf 89' lang='lat'><strong>,</strong></span> <span class='ocrx_word' id='word_1_23' title='bbox 2566 796 2643 857; x_wconf 88' lang='lat' dir='ltr'><strong>ot</strong></span> <span class='ocrx_word' id='word_1_24' title='bbox 2696 809 2789 859; x_wconf 82' lang='lat' dir='ltr'><strong>ex</strong></span> <span class='ocrx_word' id='word_1_25' title='bbox 2840 810 3029 883; x_wconf 91' lang='lat' dir='ltr'><strong>quo—</strong></span> 
     </span>
     <span class='ocr_line' id='line_1_5' title="bbox 877 902 3031 1002; baseline 0.001 -25"><span class='ocrx_word' id='word_1_26' title='bbox 877 926 1186 1001; x_wconf 86' lang='lat' dir='ltr'><strong>cumque</strong></span> <span class='ocrx_word' id='word_1_27' title='bbox 1237 905 1374 977; x_wconf 82' lang='lat' dir='ltr'><strong>alio</strong></span> <span class='ocrx_word' id='word_1_28' title='bbox 1425 906 1679 1000; x_wconf 85' lang='lat' dir='ltr'><strong>capite,</strong></span> <span class='ocrx_word' id='word_1_29' title='bbox 1734 903 2225 998; x_wconf 83' lang='lat' dir='ltr'><strong>quamtumvis</strong></span> <span class='ocrx_word' id='word_1_30' title='bbox 2272 902 2619 997; x_wconf 83' lang='lat' dir='ltr'><strong>legitimo,</strong></span> <span class='ocrx_word' id='word_1_31' title='bbox 2676 907 2821 1000; x_wconf 88' lang='lat' dir='ltr'><strong>pio,</strong></span> <span class='ocrx_word' id='word_1_32' title='bbox 2886 908 3031 1002; x_wconf 88' lang='lat' dir='ltr'><strong>pri-</strong></span> 
     </span>
     <span class='ocr_line' id='line_1_6' title="bbox 881 1019 3033 1117; baseline 0.002 -24"><span class='ocrx_word' id='word_1_33' title='bbox 881 1022 1236 1117; x_wconf 82' lang='lat' dir='ltr'><strong>vilegiato,</strong></span> <span class='ocrx_word' id='word_1_34' title='bbox 1291 1046 1374 1095; x_wconf 87' lang='lat' dir='ltr'><strong>ac</strong></span> <span class='ocrx_word' id='word_1_35' title='bbox 1421 1022 1712 1117; x_wconf 86' lang='lat' dir='ltr'><strong>speciali</strong></span> <span class='ocrx_word' id='word_1_36' title='bbox 1762 1030 1937 1093; x_wconf 89' lang='lat' dir='ltr'><strong>nota</strong></span> <span class='ocrx_word' id='word_1_37' title='bbox 1988 1019 2203 1115; x_wconf 79' lang='lat' dir='ltr'><strong>digno</strong></span> <span class='ocrx_word' id='word_1_38' title='bbox 2256 1022 2657 1117; x_wconf 76' lang='lat' dir='ltr'><strong>impugnari</strong></span> <span class='ocrx_word' id='word_1_39' title='bbox 2689 1076 2710 1110; x_wconf 92' lang='lat'><strong>,</strong></span> <span class='ocrx_word' id='word_1_40' title='bbox 2768 1024 3033 1099; x_wconf 82' lang='lat' dir='ltr'><strong>invali-</strong></span> 
     </span>
     <span class='ocr_line' id='line_1_7' title="bbox 878 1138 3029 1235; baseline 0.002 -23"><span class='ocrx_word' id='word_1_41' title='bbox 878 1138 1056 1225; x_wconf 86' lang='lat' dir='ltr'><strong>dari,</strong></span> <span class='ocrx_word' id='word_1_42' title='bbox 1107 1138 1392 1235; x_wconf 78' lang='lat' dir='ltr'><strong>infringi</strong></span> <span class='ocrx_word' id='word_1_43' title='bbox 1431 1190 1450 1225; x_wconf 93' lang='lat'><strong>,</strong></span> <span class='ocrx_word' id='word_1_44' title='bbox 1505 1154 1632 1211; x_wconf 86' lang='lat' dir='ltr'><strong>aut</strong></span> <span class='ocrx_word' id='word_1_45' title='bbox 1686 1138 2027 1211; x_wconf 82' lang='lat' dir='ltr'><strong>retardari</strong></span> <span class='ocrx_word' id='word_1_46' title='bbox 2068 1188 2091 1225; x_wconf 89' lang='lat'><strong>,</strong></span> <span class='ocrx_word' id='word_1_47' title='bbox 2144 1138 2230 1214; x_wconf 80' lang='lat' dir='ltr'><strong>ad</strong></span> <span class='ocrx_word' id='word_1_48' title='bbox 2280 1140 2479 1211; x_wconf 82' lang='lat' dir='ltr'><strong>-viam</strong></span> <span class='ocrx_word' id='word_1_49' title='bbox 2527 1153 2607 1215; x_wconf 85' lang='lat' dir='ltr'><strong>et</strong></span> <span class='ocrx_word' id='word_1_50' title='bbox 2672 1143 3029 1217; x_wconf 88' lang='lat' dir='ltr'><strong>terminos</strong></span> 
     </span>
     <span class='ocr_line' id='line_1_8' title="bbox 877 1253 3031 1353; baseline 0.003 -26"><span class='ocrx_word' id='word_1_51' title='bbox 877 1256 1048 1327; x_wconf 86' lang='lat' dir='ltr'><strong>iuris</strong></span> <span class='ocrx_word' id='word_1_52' title='bbox 1099 1257 1364 1343; x_wconf 82' lang='lat' dir='ltr'><strong>reduci,</strong></span> <span class='ocrx_word' id='word_1_53' title='bbox 1421 1279 1548 1331; x_wconf 85' lang='lat' dir='ltr'><strong>seu</strong></span> <span class='ocrx_word' id='word_1_54' title='bbox 1601 1256 1687 1329; x_wconf 88' lang='lat' dir='ltr'><strong>ad</strong></span> <span class='ocrx_word' id='word_1_55' title='bbox 1700 1277 1943 1329; x_wconf 88' lang='lat' dir='ltr'><strong>versus</strong></span> <span class='ocrx_word' id='word_1_56' title='bbox 1980 1253 2143 1327; x_wconf 86' lang='lat' dir='ltr'><strong>illas</strong></span> <span class='ocrx_word' id='word_1_57' title='bbox 2174 1256 2321 1329; x_wconf 86' lang='lat' dir='ltr'><strong>oris</strong></span> <span class='ocrx_word' id='word_1_58' title='bbox 2358 1258 2854 1353; x_wconf 80' lang='lat' dir='ltr'><strong>aperitionem,</strong></span> <span class='ocrx_word' id='word_1_59' title='bbox 2894 1272 3031 1335; x_wconf 88' lang='lat' dir='ltr'><strong>aut</strong></span> 
     </span>
     <span class='ocr_line' id='line_1_9' title="bbox 877 1372 3027 1471; baseline 0.003 -24"><span class='ocrx_word' id='word_1_60' title='bbox 877 1373 1062 1447; x_wconf 88' lang='lat' dir='ltr'><strong>aliud</strong></span> <span class='ocrx_word' id='word_1_61' title='bbox 1115 1375 1612 1471; x_wconf 88' lang='lat' dir='ltr'><strong>quodcumque</strong></span> <span class='ocrx_word' id='word_1_62' title='bbox 1666 1374 1866 1459; x_wconf 88' lang='lat' dir='ltr'><strong>iuris,</strong></span> <span class='ocrx_word' id='word_1_63' title='bbox 1922 1372 2035 1445; x_wconf 78' lang='lat' dir='ltr'><strong>vel</strong></span> <span class='ocrx_word' id='word_1_64' title='bbox 2086 1372 2259 1445; x_wconf 83' lang='lat' dir='ltr'><strong>facti</strong></span> <span class='ocrx_word' id='word_1_65' title='bbox 2320 1376 2743 1463; x_wconf 87' lang='lat' dir='ltr'><strong>remedium,</strong></span> <span class='ocrx_word' id='word_1_66' title='bbox 2800 1377 3027 1453; x_wconf 85' lang='lat' dir='ltr'><strong>etiam</strong></span> 
     </span>
     <span class='ocr_line' id='line_1_10' title="bbox 877 1490 3027 1587; baseline 0.002 -22"><span class='ocrx_word' id='word_1_67' title='bbox 877 1515 966 1565; x_wconf 83' lang='lat' dir='ltr'><strong>ex</strong></span> <span class='ocrx_word' id='word_1_68' title='bbox 1019 1502 1398 1587; x_wconf 82' lang='lat' dir='ltr'><strong>praetextu</strong></span> <span class='ocrx_word' id='word_1_69' title='bbox 1447 1492 1807 1577; x_wconf 60' lang='lat' dir='ltr'><strong>laesioniS,</strong></span> <span class='ocrx_word' id='word_1_70' title='bbox 1850 1490 2311 1587; x_wconf 84' lang='lat' dir='ltr'><strong>quantumvis</strong></span> <span class='ocrx_word' id='word_1_71' title='bbox 2346 1493 2661 1568; x_wconf 80' lang='lat' dir='ltr'><strong>enormis</strong></span> <span class='ocrx_word' id='word_1_72' title='bbox 2696 1503 2771 1567; x_wconf 88' lang='lat' dir='ltr'><strong>et</strong></span> <span class='ocrx_word' id='word_1_73' title='bbox 2808 1516 3027 1569; x_wconf 78' lang='lat' dir='ltr'><strong>enor-</strong></span> 
     </span>
     <span class='ocr_line' id='line_1_11' title="bbox 887 1609 3029 1706; baseline 0.002 -23"><span class='ocrx_word' id='word_1_74' title='bbox 887 1611 1278 1697; x_wconf 82' lang='lat' dir='ltr'><strong>missimae,</strong></span> <span class='ocrx_word' id='word_1_75' title='bbox 1337 1610 1450 1691; x_wconf 75' lang='lat' dir='ltr'><strong>,vel</strong></span> <span class='ocrx_word' id='word_1_76' title='bbox 1503 1610 2022 1706; x_wconf 79' lang='lat' dir='ltr'><strong>cuiuscumque</strong></span> <span class='ocrx_word' id='word_1_77' title='bbox 2055 1609 2463 1705; x_wconf 83' lang='lat' dir='ltr'><strong>praeiudicii</strong></span> <span class='ocrx_word' id='word_1_78' title='bbox 2500 1610 2901 1705; x_wconf 85' lang='lat' dir='ltr'><strong>impetrari,</strong></span> <span class='ocrx_word' id='word_1_79' title='bbox 2940 1636 3029 1687; x_wconf 87' lang='lat' dir='ltr'><strong>ac</strong></span> 
     </span>
     <span class='ocr_line' id='line_1_12' title="bbox 873 1726 3026 1827; baseline 0.002 -26"><span class='ocrx_word' id='word_1_80' title='bbox 873 1730 1092 1801; x_wconf 88' lang='lat' dir='ltr'><strong>etiam</strong></span> <span class='ocrx_word' id='word_1_81' title='bbox 1137 1738 1366 1814; x_wconf 88' lang='lat' dir='ltr'><strong>motu,</strong></span> <span class='ocrx_word' id='word_1_82' title='bbox 1421 1727 1748 1815; x_wconf 85' lang='lat' dir='ltr'><strong>scientia,</strong></span> <span class='ocrx_word' id='word_1_83' title='bbox 1806 1726 1921 1801; x_wconf 82' lang='lat' dir='ltr'><strong>vel</strong></span> <span class='ocrx_word' id='word_1_84' title='bbox 1972 1728 2353 1823; x_wconf 84' lang='lat' dir='ltr'><strong>potestatis</strong></span> <span class='ocrx_word' id='word_1_85' title='bbox 2404 1728 2849 1822; x_wconf 87' lang='lat' dir='ltr'><strong>plenitudine</strong></span> <span class='ocrx_word' id='word_1_86' title='bbox 2886 1754 3026 1827; x_wconf 85' lang='lat' dir='ltr'><strong>pa-</strong></span> 
     </span>
     <span class='ocr_line' id='line_1_13' title="bbox 873 1841 3021 1941; baseline 0.003 -24"><span class='ocrx_word' id='word_1_87' title='bbox 873 1843 1070 1919; x_wconf 88' lang='lat' dir='ltr'><strong>ribus</strong></span> <span class='ocrx_word' id='word_1_88' title='bbox 1095 1867 1222 1939; x_wconf 88' lang='lat' dir='ltr'><strong>per</strong></span> <span class='ocrx_word' id='word_1_89' title='bbox 1255 1866 1743 1941; x_wconf 84' lang='lat' dir='ltr'><strong>quoscumque</strong></span> <span class='ocrx_word' id='word_1_90' title='bbox 1776 1844 2139 1917; x_wconf 86' lang='lat' dir='ltr'><strong>Romanos</strong></span> <span class='ocrx_word' id='word_1_91' title='bbox 2166 1841 2545 1919; x_wconf 82' lang='lat' dir='ltr'><strong>Pontifices</strong></span> <span class='ocrx_word' id='word_1_92' title='bbox 2570 1868 3021 1923; x_wconf 80' lang='lat' dir='ltr'><strong>successores</strong></span> 
     </span>
     <span class='ocr_line' id='line_1_14' title="bbox 877 1960 3017 2056; baseline 0.001 -21"><span class='ocrx_word' id='word_1_93' title='bbox 877 1960 1170 2035; x_wconf 89' lang='lat' dir='ltr'><strong>Nostros</strong></span> <span class='ocrx_word' id='word_1_94' title='bbox 1248 1960 1783 2056; x_wconf 84' lang='lat' dir='ltr'><strong>quomodolibet</strong></span> <span class='ocrx_word' id='word_1_95' title='bbox 1842 1970 2091 2032; x_wconf 85' lang='lat' dir='ltr'><strong>contra</strong></span> <span class='ocrx_word' id='word_1_96' title='bbox 2144 1962 2535 2056; x_wconf 84' lang='lat' dir='ltr'><strong>praemissa</strong></span> <span class='ocrx_word' id='word_1_97' title='bbox 2594 1984 3017 2037; x_wconf 80' lang='lat' dir='ltr'><strong>concessum</strong></span> 
     </span>
     <span class='ocr_line' id='line_1_15' title="bbox 875 2076 3021 2173; baseline 0.003 -24"><span class='ocrx_word' id='word_1_98' title='bbox 875 2079 1250 2173; x_wconf 82' lang='lat' dir='ltr'><strong>acceptari,</strong></span> <span class='ocrx_word' id='word_1_99' title='bbox 1289 2100 1372 2151; x_wconf 86' lang='lat' dir='ltr'><strong>ae</strong></span> <span class='ocrx_word' id='word_1_100' title='bbox 1407 2080 1480 2151; x_wconf 91' lang='lat' dir='ltr'><strong>in</strong></span> <span class='ocrx_word' id='word_1_101' title='bbox 1531 2078 1787 2151; x_wconf 91' lang='lat' dir='ltr'><strong>iudicio</strong></span> <span class='ocrx_word' id='word_1_102' title='bbox 1824 2090 1899 2149; x_wconf 88' lang='lat' dir='ltr'><strong>et</strong></span> <span class='ocrx_word' id='word_1_103' title='bbox 1934 2088 2141 2151; x_wconf 80' lang='lat' dir='ltr'><strong>extra</strong></span> <span class='ocrx_word' id='word_1_104' title='bbox 2191 2076 2362 2151; x_wconf 91' lang='lat' dir='ltr'><strong>illud</strong></span> <span class='ocrx_word' id='word_1_105' title='bbox 2414 2078 2725 2173; x_wconf 78' lang='lat' dir='ltr'><strong>allegari,</strong></span> <span class='ocrx_word' id='word_1_106' title='bbox 2766 2081 3021 2155; x_wconf 88' lang='lat' dir='ltr'><strong>deduci</strong></span> 
     </span>
     <span class='ocr_line' id='line_1_16' title="bbox 875 2193 3017 2294; baseline 0.002 -26"><span class='ocrx_word' id='word_1_107' title='bbox 875 2208 1002 2269; x_wconf 88' lang='lat' dir='ltr'><strong>aut</strong></span> <span class='ocrx_word' id='word_1_108' title='bbox 1035 2196 1204 2269; x_wconf 87' lang='lat' dir='ltr'><strong>alias</strong></span> <span class='ocrx_word' id='word_1_109' title='bbox 1241 2196 1437 2281; x_wconf 89' lang='lat' dir='ltr'><strong>illud,</strong></span> <span class='ocrx_word' id='word_1_110' title='bbox 1477 2193 2013 2293; x_wconf 84' lang='lat' dir='ltr'><strong>quomodolibet</strong></span> <span class='ocrx_word' id='word_1_111' title='bbox 2048 2195 2151 2269; x_wconf 89' lang='lat' dir='ltr'><strong>uti</strong></span> <span class='ocrx_word' id='word_1_112' title='bbox 2190 2216 2333 2269; x_wconf 87' lang='lat' dir='ltr'><strong>non</strong></span> <span class='ocrx_word' id='word_1_113' title='bbox 2368 2218 2579 2292; x_wconf 88' lang='lat' dir='ltr'><strong>posse</strong></span> <span class='ocrx_word' id='word_1_114' title='bbox 2618 2198 3017 2294; x_wconf 84' lang='lat' dir='ltr'><strong>impetrari,</strong></span> 
     </span>
     <span class='ocr_line' id='line_1_17' title="bbox 873 2309 3025 2410; baseline 0.003 -27"><span class='ocrx_word' id='word_1_115' title='bbox 873 2312 1045 2409; x_wconf 88' lang='lat' dir='ltr'><strong>quin</strong></span> <span class='ocrx_word' id='word_1_116' title='bbox 1097 2312 1242 2385; x_wconf 90' lang='lat' dir='ltr'><strong>imo</strong></span> <span class='ocrx_word' id='word_1_117' title='bbox 1295 2312 1538 2385; x_wconf 85' lang='lat' dir='ltr'><strong>omnia</strong></span> <span class='ocrx_word' id='word_1_118' title='bbox 1591 2324 1669 2384; x_wconf 87' lang='lat' dir='ltr'><strong>et</strong></span> <span class='ocrx_word' id='word_1_119' title='bbox 1720 2310 2029 2407; x_wconf 81' lang='lat' dir='ltr'><strong>singula,</strong></span> <span class='ocrx_word' id='word_1_120' title='bbox 2072 2310 2178 2383; x_wconf 85' lang='lat' dir='ltr'><strong>uti</strong></span> <span class='ocrx_word' id='word_1_121' title='bbox 2212 2309 2633 2406; x_wconf 77' lang='lat' dir='ltr'><strong>praefertur,</strong></span> <span class='ocrx_word' id='word_1_122' title='bbox 2674 2315 3025 2410; x_wconf 81' lang='lat' dir='ltr'><strong>disposita</strong></span> 
     </span>
     <span class='ocr_line' id='line_1_18' title="bbox 875 2427 3027 2525; baseline 0.002 -23"><span class='ocrx_word' id='word_1_123' title='bbox 875 2450 1182 2525; x_wconf 82' lang='lat' dir='ltr'><strong>semper,</strong></span> <span class='ocrx_word' id='word_1_124' title='bbox 1237 2438 1314 2501; x_wconf 87' lang='lat' dir='ltr'><strong>et</strong></span> <span class='ocrx_word' id='word_1_125' title='bbox 1365 2440 1735 2525; x_wconf 86' lang='lat' dir='ltr'><strong>perpetuo,</strong></span> <span class='ocrx_word' id='word_1_126' title='bbox 1792 2428 2019 2513; x_wconf 85' lang='lat' dir='ltr'><strong>firma,</strong></span> <span class='ocrx_word' id='word_1_127' title='bbox 2078 2427 2330 2516; x_wconf 82' lang='lat' dir='ltr'><strong>valida,</strong></span> <span class='ocrx_word' id='word_1_128' title='bbox 2388 2439 2463 2501; x_wconf 86' lang='lat' dir='ltr'><strong>et</strong></span> <span class='ocrx_word' id='word_1_129' title='bbox 2514 2429 2827 2505; x_wconf 84' lang='lat' dir='ltr'><strong>efficacia</strong></span> <span class='ocrx_word' id='word_1_130' title='bbox 2874 2434 3027 2507; x_wconf 85' lang='lat' dir='ltr'><strong>exi-</strong></span> 
     </span>
     <span class='ocr_line' id='line_1_19' title="bbox 873 2540 3020 2639; baseline 0.001 -22"><span class='ocrx_word' id='word_1_131' title='bbox 873 2554 1092 2631; x_wconf 83' lang='lat' dir='ltr'><strong>stere,</strong></span> <span class='ocrx_word' id='word_1_132' title='bbox 1147 2566 1458 2639; x_wconf 90' lang='lat' dir='ltr'><strong>suosque</strong></span> <span class='ocrx_word' id='word_1_133' title='bbox 1511 2542 1867 2639; x_wconf 88' lang='lat' dir='ltr'><strong>plenarios</strong></span> <span class='ocrx_word' id='word_1_134' title='bbox 1920 2553 1993 2617; x_wconf 86' lang='lat' dir='ltr'><strong>et</strong></span> <span class='ocrx_word' id='word_1_135' title='bbox 2048 2543 2360 2639; x_wconf 80' lang='lat' dir='ltr'><strong>integros</strong></span> <span class='ocrx_word' id='word_1_136' title='bbox 2415 2540 2711 2619; x_wconf 84' lang='lat' dir='ltr'><strong>effeetus</strong></span> <span class='ocrx_word' id='word_1_137' title='bbox 2746 2548 3020 2634; x_wconf 87' lang='lat' dir='ltr'><strong>sortiri,</strong></span> 
     </span>
     <span class='ocr_line' id='line_1_20' title="bbox 874 2659 3019 2757; baseline 0.002 -24"><span class='ocrx_word' id='word_1_138' title='bbox 874 2670 950 2733; x_wconf 90' lang='lat' dir='ltr'><strong>et</strong></span> <span class='ocrx_word' id='word_1_139' title='bbox 999 2660 1346 2746; x_wconf 87' lang='lat' dir='ltr'><strong>obtinere,</strong></span> <span class='ocrx_word' id='word_1_140' title='bbox 1405 2660 1663 2757; x_wconf 88' lang='lat' dir='ltr'><strong>illaque</strong></span> <span class='ocrx_word' id='word_1_141' title='bbox 1716 2660 1851 2733; x_wconf 90' lang='lat' dir='ltr'><strong>sub</strong></span> <span class='ocrx_word' id='word_1_142' title='bbox 1888 2659 2453 2757; x_wconf 86' lang='lat' dir='ltr'><strong>quibuscumque</strong></span> <span class='ocrx_word' id='word_1_143' title='bbox 2506 2663 2847 2737; x_wconf 89' lang='lat' dir='ltr'><strong>similium</strong></span> <span class='ocrx_word' id='word_1_144' title='bbox 2906 2666 3019 2737; x_wconf 84' lang='lat' dir='ltr'><strong>vel</strong></span> 
     </span>
     <span class='ocr_line' id='line_1_21' title="bbox 875 2778 3021 2877; baseline 0.002 -25"><span class='ocrx_word' id='word_1_145' title='bbox 875 2779 1320 2853; x_wconf 84' lang='lat' dir='ltr'><strong>dissimilium</strong></span> <span class='ocrx_word' id='word_1_146' title='bbox 1371 2779 1761 2875; x_wconf 83' lang='lat' dir='ltr'><strong>gratiarum</strong></span> <span class='ocrx_word' id='word_1_147' title='bbox 1839 2778 2409 2855; x_wconf 83' lang='lat' dir='ltr'><strong>revocationibus</strong></span> <span class='ocrx_word' id='word_1_148' title='bbox 2438 2830 2459 2865; x_wconf 93' lang='lat'><strong>,</strong></span> <span class='ocrx_word' id='word_1_149' title='bbox 2516 2783 3021 2877; x_wconf 86' lang='lat' dir='ltr'><strong>suspensioni-</strong></span> 
     </span>
     <span class='ocr_line' id='line_1_22' title="bbox 873 2896 3027 3001; baseline 0.003 -32"><span class='ocrx_word' id='word_1_150' title='bbox 873 2896 1032 2984; x_wconf 91' lang='lat' dir='ltr'><strong>bus,</strong></span> <span class='ocrx_word' id='word_1_151' title='bbox 1087 2896 1661 2985; x_wconf 86' lang='lat' dir='ltr'><strong>limitationibus,</strong></span> <span class='ocrx_word' id='word_1_152' title='bbox 1717 2898 2317 2995; x_wconf 77' lang='lat' dir='ltr'><strong>derogationibus,</strong></span> <span class='ocrx_word' id='word_1_153' title='bbox 2376 2910 2501 2972; x_wconf 82' lang='lat' dir='ltr'><strong>aut</strong></span> <span class='ocrx_word' id='word_1_154' title='bbox 2554 2900 2709 2973; x_wconf 88' lang='lat' dir='ltr'><strong>aliis</strong></span> <span class='ocrx_word' id='word_1_155' title='bbox 2742 2912 3027 3001; x_wconf 56' lang='lat' dir='ltr'><strong>eontra7</strong></span> 
     </span>
     <span class='ocr_line' id='line_1_23' title="bbox 875 3013 3017 3111; baseline 0.003 -25"><span class='ocrx_word' id='word_1_156' title='bbox 875 3016 995 3088; x_wconf 90' lang='lat' dir='ltr'><strong>riis</strong></span> <span class='ocrx_word' id='word_1_157' title='bbox 1045 3013 1625 3111; x_wconf 85' lang='lat' dir='ltr'><strong>dispositionibus</strong></span> <span class='ocrx_word' id='word_1_158' title='bbox 1655 3067 1679 3102; x_wconf 88' lang='lat'>‚</span> <span class='ocrx_word' id='word_1_159' title='bbox 1736 3016 1955 3089; x_wconf 86' lang='lat' dir='ltr'><strong>etiam</strong></span> <span class='ocrx_word' id='word_1_160' title='bbox 1992 3014 2609 3093; x_wconf 80' lang='lat' dir='ltr'><strong>Consistorialihus</strong></span> <span class='ocrx_word' id='word_1_161' title='bbox 2638 3069 2661 3107; x_wconf 88' lang='lat'>‚</span> <span class='ocrx_word' id='word_1_162' title='bbox 2716 3019 3017 3093; x_wconf 82' lang='lat' dir='ltr'><strong>minim&#39;e</strong></span> 
     </span>
     <span class='ocr_line' id='line_1_24' title="bbox 873 3136 3017 3233; baseline 0.002 -26"><span class='ocrx_word' id='word_1_163' title='bbox 873 3136 1430 3232; x_wconf 88' lang='lat' dir='ltr'><strong>comprehendi,</strong></span> <span class='ocrx_word' id='word_1_164' title='bbox 1485 3159 1618 3208; x_wconf 88' lang='lat' dir='ltr'><strong>nec</strong></span> <span class='ocrx_word' id='word_1_165' title='bbox 1697 3136 2211 3231; x_wconf 83' lang='lat' dir='ltr'><strong>comprehensa</strong></span> <span class='ocrx_word' id='word_1_166' title='bbox 2273 3136 2511 3233; x_wconf 88' lang='lat' dir='ltr'><strong>aliquo</strong></span> <span class='ocrx_word' id='word_1_167' title='bbox 2574 3139 2789 3215; x_wconf 86' lang='lat' dir='ltr'><strong>modo</strong></span> <span class='ocrx_word' id='word_1_168' title='bbox 2840 3163 3017 3215; x_wconf 88' lang='lat' dir='ltr'><strong>cen-</strong></span> 
     </span>
     <span class='ocr_line' id='line_1_25' title="bbox 869 3241 3016 3354; baseline 0.002 -26"><span class='ocrx_word' id='word_1_169' title='bbox 869 3256 1034 3341; x_wconf 88' lang='lat' dir='ltr'><strong>seri,</strong></span> <span class='ocrx_word' id='word_1_170' title='bbox 1095 3256 1200 3341; x_wconf 78' lang='lat' dir='ltr'><strong>vel</strong></span> <span class='ocrx_word' id='word_1_171' title='bbox 1237 3241 1616 3345; x_wconf 80' lang='lat' dir='ltr'><strong>confundi,</strong></span> <span class='ocrx_word' id='word_1_172' title='bbox 1676 3256 1801 3329; x_wconf 89' lang='lat' dir='ltr'><strong>sed</strong></span> <span class='ocrx_word' id='word_1_173' title='bbox 1854 3266 2109 3350; x_wconf 86' lang='lat' dir='ltr'><strong>utpote</strong></span> <span class='ocrx_word' id='word_1_174' title='bbox 2162 3255 2251 3329; x_wconf 86' lang='lat' dir='ltr'><strong>ad</strong></span> <span class='ocrx_word' id='word_1_175' title='bbox 2303 3255 2570 3329; x_wconf 84' lang='lat' dir='ltr'><strong>maiora</strong></span> <span class='ocrx_word' id='word_1_176' title='bbox 2626 3256 3016 3354; x_wconf 81' lang='lat' dir='ltr'><strong>Religionis</strong></span> 
     </span>
     <span class='ocr_line' id='line_1_26' title="bbox 875 3370 3017 3469; baseline 0 -24"><span class='ocrx_word' id='word_1_177' title='bbox 875 3373 1334 3461; x_wconf 85' lang='lat' dir='ltr'><strong>incrementa,</strong></span> <span class='ocrx_word' id='word_1_178' title='bbox 1389 3383 1467 3447; x_wconf 90' lang='lat' dir='ltr'><strong>et</strong></span> <span class='ocrx_word' id='word_1_179' title='bbox 1517 3372 1869 3469; x_wconf 84' lang='lat' dir='ltr'><strong>spirituali</strong></span> <span class='ocrx_word' id='word_1_180' title='bbox 1926 3370 2501 3445; x_wconf 80' lang='lat' dir='ltr'><strong>christifidelium</strong></span> <span class='ocrx_word' id='word_1_181' title='bbox 2568 3372 2869 3463; x_wconf 88' lang='lat' dir='ltr'><strong>bonum,</strong></span> <span class='ocrx_word' id='word_1_182' title='bbox 2940 3387 3017 3449; x_wconf 86' lang='lat' dir='ltr'><strong>et</strong></span> 
     </span>
     <span class='ocr_line' id='line_1_27' title="bbox 871 3488 3013 3586; baseline 0.001 -23"><span class='ocrx_word' id='word_1_183' title='bbox 871 3490 1325 3563; x_wconf 83' lang='lat' dir='ltr'><strong>commodum</strong></span> <span class='ocrx_word' id='word_1_184' title='bbox 1405 3488 1590 3565; x_wconf 86' lang='lat' dir='ltr'><strong>facta</strong></span> <span class='ocrx_word' id='word_1_185' title='bbox 1643 3511 1928 3584; x_wconf 86' lang='lat' dir='ltr'><strong>semper</strong></span> <span class='ocrx_word' id='word_1_186' title='bbox 1978 3488 2069 3561; x_wconf 86' lang='lat' dir='ltr'><strong>ab</strong></span> <span class='ocrx_word' id='word_1_187' title='bbox 2122 3489 2255 3561; x_wconf 89' lang='lat' dir='ltr'><strong>illis</strong></span> <span class='ocrx_word' id='word_1_188' title='bbox 2310 3489 2567 3585; x_wconf 82' lang='lat' dir='ltr'><strong>excipi,</strong></span> <span class='ocrx_word' id='word_1_189' title='bbox 2606 3504 2683 3563; x_wconf 86' lang='lat' dir='ltr'><strong>et</strong></span> <span class='ocrx_word' id='word_1_190' title='bbox 2733 3491 3013 3586; x_wconf 73' lang='lat' dir='ltr'><strong>quoties</strong></span> 
     </span>
     <span class='ocr_line' id='line_1_28' title="bbox 865 3606 3013 3702; baseline 0.001 -23"><span class='ocrx_word' id='word_1_191' title='bbox 865 3606 981 3679; x_wconf 89' lang='lat' dir='ltr'><strong>illa</strong></span> <span class='ocrx_word' id='word_1_192' title='bbox 1035 3606 1492 3695; x_wconf 85' lang='lat' dir='ltr'><strong>emanabunt,</strong></span> <span class='ocrx_word' id='word_1_193' title='bbox 1555 3608 1771 3681; x_wconf 84' lang='lat' dir='ltr'><strong>toties</strong></span> <span class='ocrx_word' id='word_1_194' title='bbox 1832 3608 1905 3679; x_wconf 87' lang='lat' dir='ltr'><strong>in</strong></span> <span class='ocrx_word' id='word_1_195' title='bbox 1942 3608 2325 3702; x_wconf 84' lang='lat' dir='ltr'><strong>pristinum</strong></span> <span class='ocrx_word' id='word_1_196' title='bbox 2378 3617 2453 3681; x_wconf 88' lang='lat' dir='ltr'><strong>et</strong></span> <span class='ocrx_word' id='word_1_197' title='bbox 2500 3607 3013 3689; x_wconf 71' lang='lat' dir='ltr'><strong>yalidissimum</strong></span> 
     </span>
     <span class='ocr_line' id='line_1_29' title="bbox 869 3725 3013 3822; baseline 0.002 -25"><span class='ocrx_word' id='word_1_198' title='bbox 869 3734 1136 3797; x_wconf 83' lang='lat' dir='ltr'><strong>statum</strong></span> <span class='ocrx_word' id='word_1_199' title='bbox 1191 3726 1552 3812; x_wconf 86' lang='lat' dir='ltr'><strong>restituta,</strong></span> <span class='ocrx_word' id='word_1_200' title='bbox 1611 3727 1947 3822; x_wconf 86' lang='lat' dir='ltr'><strong>reposita,</strong></span> <span class='ocrx_word' id='word_1_201' title='bbox 1984 3737 2061 3799; x_wconf 89' lang='lat' dir='ltr'><strong>et</strong></span> <span class='ocrx_word' id='word_1_202' title='bbox 2094 3726 2409 3822; x_wconf 86' lang='lat' dir='ltr'><strong>plenarie</strong></span> <span class='ocrx_word' id='word_1_203' title='bbox 2443 3725 2879 3822; x_wconf 73' lang='lat' dir='ltr'><strong>reintegrata</strong></span> <span class='ocrx_word' id='word_1_204' title='bbox 2928 3750 3013 3801; x_wconf 85' lang='lat' dir='ltr'><strong>ac</strong></span> 
     </span>
     <span class='ocr_line' id='line_1_30' title="bbox 869 3843 3015 3943; baseline 0 -25"><span class='ocrx_word' id='word_1_205' title='bbox 869 3843 956 3918; x_wconf 91' lang='lat' dir='ltr'><strong>de</strong></span> <span class='ocrx_word' id='word_1_206' title='bbox 1009 3866 1198 3917; x_wconf 88' lang='lat' dir='ltr'><strong>novo</strong></span> <span class='ocrx_word' id='word_1_207' title='bbox 1251 3844 1496 3931; x_wconf 85' lang='lat' dir='ltr'><strong>etiam,</strong></span> <span class='ocrx_word' id='word_1_208' title='bbox 1551 3844 1689 3919; x_wconf 91' lang='lat' dir='ltr'><strong>sub</strong></span> <span class='ocrx_word' id='word_1_209' title='bbox 1740 3866 2187 3941; x_wconf 86' lang='lat' dir='ltr'><strong>quacumque</strong></span> <span class='ocrx_word' id='word_1_210' title='bbox 2226 3844 2601 3940; x_wconf 84' lang='lat' dir='ltr'><strong>posteriori</strong></span> <span class='ocrx_word' id='word_1_211' title='bbox 2632 3845 2827 3931; x_wconf 76' lang='lat' dir='ltr'><strong>data,</strong></span> <span class='ocrx_word' id='word_1_212' title='bbox 2884 3868 3015 3943; x_wconf 89' lang='lat' dir='ltr'><strong>per</strong></span> 
     </span>
     <span class='ocr_line' id='line_1_31' title="bbox 876 3960 3021 4060; baseline 0.003 -30"><span class='ocrx_word' id='word_1_213' title='bbox 876 3960 1152 4036; x_wconf 87' lang='lat' dir='ltr'><strong>futuros</strong></span> <span class='ocrx_word' id='word_1_214' title='bbox 1194 4015 1215 4049; x_wconf 92' lang='lat'>‚</span> <span class='ocrx_word' id='word_1_215' title='bbox 1273 3986 1354 4037; x_wconf 86' lang='lat' dir='ltr'><strong>ac</strong></span> <span class='ocrx_word' id='word_1_216' title='bbox 1407 3986 1538 4060; x_wconf 86' lang='lat' dir='ltr'><strong>pro</strong></span> <span class='ocrx_word' id='word_1_217' title='bbox 1593 3976 1919 4058; x_wconf 87' lang='lat' dir='ltr'><strong>tempore</strong></span> <span class='ocrx_word' id='word_1_218' title='bbox 1984 3964 2375 4037; x_wconf 81' lang='lat' dir='ltr'><strong>existentes</strong></span> <span class='ocrx_word' id='word_1_219' title='bbox 2452 3961 2891 4059; x_wconf 86' lang='lat' dir='ltr'><strong>Episcopum</strong></span> <span class='ocrx_word' id='word_1_220' title='bbox 2942 3976 3021 4039; x_wconf 87' lang='lat' dir='ltr'><strong>et</strong></span> 
     </span>
     <span class='ocr_line' id='line_1_32' title="bbox 873 4078 3017 4179; baseline 0.002 -26"><span class='ocrx_word' id='word_1_221' title='bbox 873 4078 1308 4177; x_wconf 87' lang='lat' dir='ltr'><strong>Capitulum,</strong></span> <span class='ocrx_word' id='word_1_222' title='bbox 1348 4106 1430 4157; x_wconf 87' lang='lat' dir='ltr'><strong>ac</strong></span> <span class='ocrx_word' id='word_1_223' title='bbox 1457 4084 1654 4173; x_wconf 77' lang='lat' dir='ltr'><strong>alioS,</strong></span> <span class='ocrx_word' id='word_1_224' title='bbox 1688 4084 1759 4156; x_wconf 88' lang='lat' dir='ltr'><strong>in</strong></span> <span class='ocrx_word' id='word_1_225' title='bbox 1796 4106 2101 4179; x_wconf 86' lang='lat' dir='ltr'><strong>quorum</strong></span> <span class='ocrx_word' id='word_1_226' title='bbox 2128 4082 2447 4157; x_wconf 76' lang='lat' dir='ltr'><strong>favorem</strong></span> <span class='ocrx_word' id='word_1_227' title='bbox 2480 4084 2775 4157; x_wconf 80' lang='lat' dir='ltr'><strong>eaedem</strong></span> <span class='ocrx_word' id='word_1_228' title='bbox 2800 4103 3017 4178; x_wconf 88' lang='lat' dir='ltr'><strong>prae-</strong></span> 
     </span>
     <span class='ocr_line' id='line_1_33' title="bbox 871 4198 3014 4297; baseline 0 -26"><span class='ocrx_word' id='word_1_229' title='bbox 871 4208 1112 4273; x_wconf 84' lang='lat' dir='ltr'><strong>sentes</strong></span> <span class='ocrx_word' id='word_1_230' title='bbox 1162 4200 1695 4297; x_wconf 86' lang='lat' dir='ltr'><strong>quomodolibet</strong></span> <span class='ocrx_word' id='word_1_231' title='bbox 1746 4200 2033 4288; x_wconf 87' lang='lat' dir='ltr'><strong>cedunt,</strong></span> <span class='ocrx_word' id='word_1_232' title='bbox 2089 4201 2683 4295; x_wconf 85' lang='lat' dir='ltr'><strong>quandocumque</strong></span> <span class='ocrx_word' id='word_1_233' title='bbox 2754 4198 3014 4295; x_wconf 80' lang='lat' dir='ltr'><strong>eligen-</strong></span> 
     </span>
    </p>
   </div>
  </div>
 </body>
</html>
