3317 5267
313 560 540 637 mino·
561 576 1102 657 prosequamur,
1154 568 1229 631 ct
1279 570 1715 655 quantopere
1766 558 1855 633 de
1914 554 2153 647 Vobis,
2208 557 2437 653 deque

312 678 630 754 fidelibus
657 698 866 751 curae
891 688 1172 751 vestrae
1199 678 1598 751 commissis
1623 676 1905 752 solliciti
1930 676 2179 749 simus.
2211 673 2440 771 Equi-

314 799 478 873 dem
514 849 535 884 ,
593 794 1040 901 venerabiles
1094 794 1375 868 Fratres
1406 845 1428 882 ,
1485 796 1721 869 verbis
1772 794 2171 891 exprimere
2252 792 2443 867 haud

324 936 704 1009 possumus
758 911 1290 986 acerbissimum
1345 934 1522 986 sane
1574 914 1893 987 dolorem
1924 960 1945 1000 ,
2004 935 2147 1009 quo
2210 911 2443 985 affecti

311 1031 580 1106 fuimus
629 1031 751 1103 vix
803 1031 976 1105 dum
1029 1031 1383 1118 novimuS,
1439 1032 1781 1127 superiori
1838 1052 2083 1104 mense
2136 1029 2443 1105 Decem-

311 1147 421 1220 bri
473 1148 680 1244 plura
732 1148 938 1223 istius
994 1146 1220 1245 Regni
1275 1148 1536 1243 oppida
1591 1148 1923 1221 maximis
1978 1149 2443 1223 terraemotia

313 1264 450 1339 bus
511 1265 686 1338 adeo
719 1261 934 1337 fuisse
970 1276 1466 1361 conquassata,
1509 1274 1592 1336 ut
1643 1264 2145 1360 quamplurimi
2186 1264 2437 1337 eaden-

319 1382 504 1455 tium
553 1380 914 1454 moenium
955 1379 1178 1453 ruinis
1215 1381 1695 1453 miserandum
1736 1380 1805 1452 in
1844 1380 2139 1453 modum
2178 1379 2441 1469 obruti,

315 1498 617 1571 extincti
670 1519 752 1570 ac
803 1496 1064 1591 sepulti
1137 1494 1401 1567 fuerint
1480 1518 1646 1569 eum
1724 1517 2007 1569 summo
2078 1494 2447 1569 Carissimi

320 1614 390 1687 in
445 1610 730 1686 Christo
783 1610 940 1685 Filii
993 1611 1232 1686 Nostri
1312 1610 1741 1687 Ferdinandi
1792 1612 1881 1684 ll.
1952 1612 2167 1709 Regis
2247 1634 2449 1687 moe·-

314 1752 500 1816 rore,
553 1730 678 1827 qui
725 1750 854 1824 pro
907 1729 1188 1825 egregia
1243 1752 1372 1801 sua
1423 1728 1807 1803 christiana
1859 1729 2179 1815 caritate,
2236 1740 2311 1803 et
2372 1729 2445 1801 in

317 1848 640 1923 subditos
685 1846 828 1955 ‚sihi
881 1847 1177 1943 populos
1229 1844 1488 1921 affectu
1565 1848 1779 1922 nullis
1832 1848 2019 1921 curis
2049 1898 2071 1934 ,
2138 1847 2447 1921 consiliis

316 1992 402 2041 ac
433 1964 837 2061 sumptibus
872 1988 1174 2061 parcens
1207 1986 1498 2040 omnem
1535 1966 1785 2038 statim
1828 1986 2039 2061 opem
2078 1964 2454 2057 auxilium-

315 2110 455 2184 que
507 2083 782 2157 afflictis
827 2106 916 2157 ac
966 2084 1340 2179 prostratis
1395 2084 1811 2158 eorumdem
1846 2082 2265 2178 oppidorum
2319 2105 2450 2177 po-

317 2203 534 2300 pulis.
557 2199 805 2275 afferre
836 2253 857 2287 ,
913 2223 1304 2297 eorumque
1385 2200 1891 2297 deplorandam
1973 2198 2450 2275 conditionem

315 2318 688 2393 sublevare
739 2342 880 2393 non
935 2319 1238 2392 destitit.
1303 2318 1432 2392 Vbi
1517 2319 1831 2415 primum
1915 2318 2303 2391 tristissimi
2356 2318 2445 2411 de

317 2448 523 2509 tanta
574 2435 980 2509 calamitate
1033 2435 1274 2510 nuncii
1327 2436 1418 2509 ad
1471 2434 1616 2510 Nes
1670 2445 2209 2531 pervenerunt,
2263 2434 2457 2507 nulla·

315 2553 738 2649 interposita
789 2568 988 2629 mora
1039 2554 1436 2627 levavimus
1489 2552 1731 2627 oculos
1786 2550 2079 2627 Nostros
2166 2553 2255 2626 ad
2309 2548 2455 2625 Do·

315 2674 597 2746 minum
648 2673 964 2747 divinam
1018 2672 1192 2748 Eius
1229 2673 1786 2747 misericordiam
1822 2694 1955 2767 pro
1990 2671 2275 2745 miseris
2312 2670 2449 2743 illis

311 2789 598 2886 populis
633 2789 706 2862 in
757 2789 1160 2863 humilitate
1211 2790 1442 2865 cordis
1480 2789 1719 2863 Nostri
1760 2788 2285 2885 impensissime
2314 2788 2454 2859 im·-

317 2909 705 3007 plorantes,
765 2920 840 2982 et
889 2910 1338 2985 obsecrantes
1371 2963 1392 2997 ,
1467 2911 1576 2983 ut'
1625 2920 1909 2983 sanaret
1995 2908 2457 2983 contritiones

319 3022 550 3099 terrae
582 3078 603 3113 ,
657 3026 856 3100 cuius
910 3026 1377 3103 fundamenta
1430 3040 1580 3100 tam
1639 3027 1929 3101 terribili
1986 3026 2199 3101 modo
2254 3048 2455 3101 com-

318 3157 520 3220 mota
571 3157 648 3219 et
697 3146 1120 3221 conturbata
1171 3142 1481 3222 fuerant.
1802 3217 1811 3225 .

477 3266 618 3339 Sed
675 3266 838 3339 cum
892 3266 1264 3340 notissima
1323 3265 1535 3341 Vobis
1590 3268 1736 3338 sint
1769 3263 2009 3339 divina
2086 3285 2449 3337 sacrarum

318 3382 730 3457 litterarum
767 3382 1074 3480 eloquia,
1103 3404 1286 3479 quae
1323 3382 1510 3455 clare
1537 3393 1933 3477 aperteque
1962 3380 2249 3466 docent,
2278 3382 2460 3454 eius-

315 3500 516 3573 modi
567 3496 698 3574 Dei
750 3498 1022 3597 flagella
1073 3498 1300 3594 culpis
1353 3498 1727 3572 hominum
1808 3496 2185 3591 provocari
2222 3548 2245 3585 ,
2302 3508 2459 3570 tum

317 3640 450 3714 pro
505 3617 711 3691 officii
765 3616 1007 3691 Nostri
1059 3636 1358 3688 munere
1411 3615 1885 3712 episcopalem
1946 3625 2261 3689 vestram
2314 3614 2463 3689 sol·-

319 3736 764 3809 licitudinem
817 3737 1034 3807 etiam
1071 3736 1287 3832 atque
1324 3736 1541 3808 etiam
1580 3736 1653 3807 in
1692 3732 1998 3809 Domino
2035 3732 2457 3818 excitamus,

323 3854 781 3929 Venerabiles
836 3854 1148 3941 Fratres,
1189 3868 1272 3929 ut
1309 3846 1559 3929 omnes
1596 3852 1985 3930 ministerii
2039 3852 2260 3925 vestri
2294 3874 2461 3947 parf-

320 3987 434 4049 tes
471 3974 718 4049 sedulo
745 3997 828 4047 ac
855 3984 1142 4077 strenue
1171 3974 1554 4071 implentes
1589 3972 1767 4048 nihil
1802 3970 2165 4067 antiquius
2202 3968 2461 4042 habere

324 4090 588 4177 velitis,
646 4112 861 4187 quam
915 4090 1110 4165 omni
1163 4091 1396 4165 studio
1453 4112 1536 4163 ac
1589 4090 1740 4163 zelo
1794 4086 2036 4161 fideles
2072 4109 2282 4161 curae
2332 4108 2465 4160 ve-

327 4220 518 4281 strae
572 4208 992 4285 commissos
1043 4232 1084 4280 a
1139 4207 1330 4283 vitiis
1387 4219 1466 4281 et
1511 4206 1821 4302 peccatis
1874 4204 2257 4293 deterrere,
2298 4226 2462 4279 eos-
