3317 5267
2258 429 2404 501 297

304 540 644 619 Ecclesiae
697 544 1092 620 animarum
1117 565 1284 617 cura
1319 544 1592 619 adnexa
1626 543 1863 630 fuerit,
1902 566 1987 622 ea
2022 543 2401 619 habitualis

301 686 508 760 penes
559 665 794 761 ipsum
846 661 1248 759 Capitulum
1311 664 1642 753 resideat,
1708 662 2001 739 actualis
2055 686 2227 739 vero
2276 684 2405 759 per

303 776 688 857 Parochum
713 779 806 855 ab
829 778 1184 876 Episcopo
1211 778 1466 857 dehinc
1491 781 1626 855 rite
1664 782 2175 857 instituendum
2200 802 2413 855 exer-

299 914 582 987 ceatur,
663 921 748 973 ac
795 898 860 972 si
909 908 984 972 et
1039 899 1328 994 quando
1379 898 1514 995 ipsi
1567 896 1925 995 Episcopo
1977 901 2048 972 in
2104 895 2407 975 Domino

297 1026 610 1115 oportere
653 1017 764 1093 vel
807 1018 1031 1091 satius
1077 1018 1422 1116 'expedire
1481 1019 1714 1094 visum
1766 1018 2007 1107 fuerit,
2064 1018 2243 1095 alter
2292 1017 2411 1093 vel

165 1156 170 1161 “
297 1138 500 1211 etiam
555 1136 792 1235 plures
841 1138 1286 1213 coadiutores
1322 1136 1735 1236 Presbyteri
1770 1138 2099 1236 congruis
2134 1137 2409 1235 pensio-

299 1254 498 1330 nibus
548 1254 1044 1331 remunerandi
1099 1255 1608 1331 adsciscantur.

443 1371 574 1447 Cui
607 1373 898 1471 quidem
931 1371 1174 1447 futuro
1213 1370 1566 1469 Capitale,
1609 1386 1689 1448 ut
1724 1396 2002 1462 omnes,
2041 1385 2117 1448 et
2158 1372 2415 1471 singuli

293 1492 440 1589 ejus
467 1490 864 1590 Dignitarii,
895 1505 970 1567 et
999 1490 1362 1580 Canonici,
1395 1517 1476 1567 ac
1505 1491 1915 1591 Cappellani
1950 1516 2079 1569 seu
2106 1493 2417 1567 Mansio-

295 1612 464 1685 narii
515 1612 591 1685 in
643 1608 1086 1699 Choralibus,
1143 1624 1221 1685 et
1271 1609 1797 1709 Capitularibus
1851 1612 2413 1710 quibuscumque

293 1726 764 1805 functionibus
790 1729 1238 1825 peragendis,
1271 1741 1418 1803 tam
1451 1730 1522 1801 in
1551 1730 1739 1805 dicta
1766 1728 2171 1805 Catbedrali
2200 1751 2417 1826 quam

295 1858 498 1921 extra
551 1846 774 1933 illam,
832 1844 1298 1922 Dioecesanos
1336 1858 1578 1922 tamen
1618 1849 1802 1923 intra
1836 1849 2128 1934 limites,
2184 1848 2407 1921 indu-

295 1973 542 2039 menta
591 1975 668 2038 et
717 1964 1018 2061 insignia
1069 1964 1594 2054 Ecclesiastica,
1649 1988 1831 2062 quae
1886 1963 2291 2063 Dignitariis
2328 1987 2411 2039 ac

295 2080 661 2158 canonicis
713 2098 790 2159 et
839 2082 1280 2180 cappellanis
1317 2097 1394 2159 et
1427 2086 1919 2161 Mansionariis
1974 2086 2273 2160 aliorum
2322 2085 2421 2157 vi-

295 2200 638 2275 ciniorum
691 2200 1095 2275 huiusmodi
1133 2198 1624 2296 Capitulorum
1662 2203 2056 2299 respective
2084 2226 2420 2278 concessa

293 2318 850 2415 comperiuntur,
909 2342 1184 2415 usuque
1221 2318 1565 2395 hactenus
1598 2320 2181 2416 comprobantur,
2208 2321 2421 2395 dum-

290 2436 500 2511 modo
535 2433 865 2532 peculiari
901 2435 1310 2521 exindulto
1348 2450 1472 2511 aut
1507 2460 1809 2513 oneroso
1848 2437 2055 2511 titulo
2094 2462 2239 2511 non
2278 2436 2422 2511 fue-

289 2552 434 2625 rint
483 2552 736 2627 collata
789 2564 862 2627 et
921 2552 1300 2648 adquisita,
1354 2553 1546 2628 licite
1597 2552 1955 2651 libereque
1993 2552 2263 2629 deferre
2292 2554 2420 2627 ad-

280 2666 540 2743 *hibere
595 2677 672 2741 et
723 2668 1012 2743 induere
1067 2668 1348 2743 valeant
1401 2670 1613 2745 simili
1653 2668 2061 2766 Apostolica
2114 2671 2422 2747 auctori-

293 2798 448 2863 tate
481 2786 706 2861 etiam
742 2796 1088 2885 perpetuo
1141 2787 1624 2875 concedimus,
1664 2789 2039 2887 eidemque
2066 2786 2421 2886 Capitulo,

289 2905 416 2984 ubi
465 2904 680 2981 fuerit
733 2905 944 2979 sicuti
995 2905 1302 3003 desuper
1351 2907 1851 2993 constitutum,
1908 2932 1997 2981 ex
2074 2931 2261 2981 nunc
2298 2930 2427 2980 ve-

291 3024 486 3099 niam
542 3036 618 3097 et
669 3020 1080 3099 facultatem
1135 3020 1510 3098 tribuimus
1563 3035 1640 3097 et
1690 3026 2141 3121 impertimur
2200 3024 2423 3099 confi-

287 3142 524 3219 ciendi
551 3140 686 3216 sibi
711 3139 1126 3236 capitularia
1175 3150 1476 3228 statuta,
1535 3141 2015 3215 ordinationes
2042 3153 2118 3214 et
2143 3142 2425 3215 decreta

288 3260 510 3341 saeris
573 3257 834 3356 quippe
892 3254 1300 3333 Canonibus
1335 3268 1410 3329 et
1449 3254 2091 3333 Constitutionibus
2120 3260 2427 3354 Aposto-
2487 3338 2493 3346 ,

288 3376 448 3454 licis
485 3400 570 3452 ac
609 3374 1026 3449 Tridentino
1063 3375 1484 3468 praesertim
1513 3372 1827 3450 Concilio
1865 3374 2265 3449 nullatenus
2301 3376 2428 3449 ad-

288 3496 684 3582 versantia,
714 3494 838 3569 sed
861 3494 1144 3589 penitus
1173 3506 1675 3581 consentanea,
1705 3518 1888 3594 quae
1922 3497 2251 3572 ordinarii
2278 3495 2429 3569 An·-

290 3613 550 3690 tisu‘tis
571 3652 580 3691 ;
601 3608 1108 3708 approbatione
1163 3609 1554 3707 indigeant,
1607 3625 1691 3686 ut
1742 3614 2037 3691 subinde
2072 3614 2429 3689 efficacem

287 3730 474 3828 legis
527 3731 672 3805 vim
727 3728 992 3802 habere
1043 3740 1335 3824 queant.

457 3848 688 3947 Atque
714 3860 798 3923 ut
839 3850 1042 3924 istius
1074 3846 1380 3945 Capituli
1411 3846 1851 3922 Cathedralis
1892 3850 2209 3945 aliaeque
2234 3848 2433 3921 dioe-

287 3984 596 4046 cesanae
607 3964 1056 4042 -Praebeudae
1083 3990 1129 4039 a
1152 3964 1392 4062 probis
1422 3988 1703 4060 semper
1729 3976 1803 4039 et
1822 3964 2113 4038 eruditis
2138 3963 2433 4071 idoneis-

289 4111 442 4185 que
469 4098 806 4185 regantur
839 4086 1354 4164 Ecclesiasticis
1389 4086 1558 4160 viris
1588 4098 1747 4158 tum
1783 4084 2039 4159 divinis
2076 4097 2151 4159 et
2183 4081 2433 4159 Eccle-

287 4206 602 4281 siasticis
657 4204 1094 4292 muneribus,
1133 4216 1289 4281 tum
1331 4205 1726 4280 animarum
1764 4202 2251 4293 aedificationi,
2291 4224 2434 4299 pa·-

291 4324 499 4414 bulo,
539 4338 1004 4422 aeternaeque
1055 4324 1264 4399 saluti
1315 4346 1602 4418 operam
1639 4322 1997 4399 fructuose
2035 4324 2425 4407 navaturi5‚
