3317 5267
922 464 1069 535 370

920 578 1123 651 annis
1174 575 1468 649 allatura
1528 575 1757 649 eidem
1821 574 2104 650 mensae
2157 574 2368 669 pleno
2453 584 2528 647 et
2601 575 2822 651 libero
2873 598 3036 651 cum

918 696 1232 771 dominio
1282 692 1573 766 suffecta
1622 691 1909 766 fuerint.

1082 810 1187 884 Ad
1240 808 1643 907 Capitulum
1698 807 2112 883 Cathedrale
2149 828 2318 881 vero
2354 810 2540 905 quod
2577 810 2857 899 attinet,
2893 814 3037 889 Nos

917 929 1159 1004 habita
1194 930 1467 1003 ratione
1502 928 1836 1025 penuriae
1872 948 2052 1023 quae
2087 926 2228 999 illic
2261 936 2372 999 est
2409 926 3022 1025 presbyterorum,

924 1050 1191 1124 interea
1244 1046 1641 1144 Apostoliea
1695 1044 2113 1120 auctoritate
2165 1055 2510 1139 perpetuo
2552 1046 2914 1140 jubemus,
2947 1064 3030 1126 ut

920 1166 1447 1265 quamprimum
1498 1176 1573 1238 et
1624 1186 1768 1259 quo
1817 1162 2074 1235 melius
2119 1160 2272 1233 fieri
2323 1163 2586 1255 poterit
2623 1164 2794 1239 inibi
2823 1168 3032 1263 juxta

919 1306 1281 1360 sacrorum
1316 1280 1685 1356 Canonum
1727 1278 2252 1377 praescriptum
2289 1278 2702 1355 instituatur
2733 1278 3034 1380 Capitu-

912 1402 1088 1490 lum,
1129 1402 1315 1499 quod
1344 1400 1676 1496 primitus
1703 1398 2014 1495 quinque
2041 1395 2294 1469 saltem
2319 1407 2600 1471 constet
2623 1396 3025 1491 Canonicis,

921 1542 1227 1619 quorum
1274 1517 1455 1590 alter
1504 1516 1794 1590 titulum
1849 1528 1924 1588 et
1971 1515 2388 1610 dignitatem
2439 1516 2742 1610 primam
2783 1518 3036 1599 Archi·-

916 1638 1189 1715 diaconi
1229 1689 1249 1724 ,
1314 1635 1493 1708 alter
1550 1634 1934 1709 secundam
1987 1630 2320 1727 Theologi
2374 1642 2450 1705 et
2499 1633 2680 1707 alter
2747 1640 3034 1735 tertiam

918 1752 1449 1829 Poenitentiarii
1498 1772 1668 1825 cum·
1715 1750 1862 1823 suis
1923 1747 2314 1844 respective
2373 1748 2664 1823 adnexis
2725 1750 3008 1828 honori-

915 1870 1051 1945 bus
1090 1880 1167 1945 ct
1214 1868 1543 1944 oneribus
1578 1864 2085 1963 praeseferant3
2121 1864 2236 1937 alii
2271 1876 2512 1939 autem
2549 1865 2690 1942 duo
2727 1871 2844 1942 vel
2867 1872 3032 1966 plu-

918 2012 1034 2062 res
1086 1984 1419 2061 Canonici
1467 1982 1865 2056 habeantur
1913 1992 1990 2053 et
2037 1981 2182 2053 sint
2235 1984 2730 2057 tantummodo
2757 1986 3032 2082 simpli-

918 2129 1035 2181 ces
1088 2102 1432 2189 titulareS,
1472 2100 1736 2199 quique
1771 2120 2018 2173 omnes
2069 2110 2148 2171 et
2195 2097 2449 2193 singuli
2509 2099 2743 2173 divina
2805 2102 3026 2177 officia

914 2238 991 2299 et
1050 2223 1519 2298 ecelesiastica
1582 2219 1826 2293 munia·
1895 2217 2088 2292 obire
2119 2268 2140 2305 ‚
2213 2238 2298 2289 ac
2363 2222 2598 2293 cetera
2667 2244 2878 2297 onera
2947 2237 3024 2297 et

924 2340 1215 2438 quaevis
1242 2338 1402 2424 alia,
1432 2361 1613 2435 quae
1650 2334 1974 2431 Capitule
2009 2344 2086 2407 et
2119 2329 2488 2407 Canonicis
2519 2334 3024 2413 cathedralium

920 2456 1352 2553 praescripta
1403 2454 1629 2549 deque
1681 2471 1890 2525 more·
1905 2448 2096 2521 illata
2147 2450 2702 2546 comperiuntur,
2731 2454 3028 2527 satisfa—

924 2596 1084 2647 cere
1134 2571 1503 2667 diligenter
1552 2570 1831 2665 riteque
1881 2576 2278 2653 teneantur,
2319 2569 2402 2639 ac
2437 2572 2710 2644 cunctis
2733 2570 3028 2646 honeri..

918 2692 1079 2779 buS,
1112 2688 1642 2786 praerogativiS,
1667 2682 1968 2782 jus-ihus,
1995 2686 2262 2779 gratiis,
2297 2682 2683 2777 favoribus,
2709 2690 3026 2780 indultis,

917 2820 993 2881 et
1042 2790 1449 2903 privilegiis,
1490 2824 1670 2901 quae
1705 2800 1837 2875 alia
1893 2800 2300 2875 viciniorum
2355 2802 2860 2880 cathedralium
2895 2804 3028 2880 Ca-

916 2926 1138 3022 pitula
1216 2920 1674 2997 obtinuerunt
1740 2918 2197 3017 legitimoque
2267 2940 2406 2993 usu
2473 2920 2700 2995 adhue
2767 2922 3025 2997 fruun-

920 3054 1062 3128 tur,
1116 3039 1501 3113 dummodo
1550 3034 1884 3134 peculiari
1935 3058 2026 3109 ex
2077 3036 2528 3111 concessione
2579 3036 2692 3113 vel
2727 3062 3028 3117 oneroso

916 3158 1124 3231 titulo
1158 3158 1321 3229 data
1356 3166 1434 3228 et
1470 3153 1822 3250 adquisita
1851 3174 1996 3226 non
2029 3150 2314 3240 fuerint,
2353 3153 2657 3247 gaudere
2684 3154 3019 3229 debeant.

918 3276 1065 3372 Spe
1110 3274 1397 3369 insuper
1422 3273 1565 3349 Nos
1590 3269 1782 3358 freti,
1819 3269 2006 3366 quod
2041 3270 2128 3343 ad
2161 3268 2436 3343 divinos
2471 3271 2654 3344 ritus
2689 3270 3024 3368 frequen-

916 3395 1059 3467 tius
1094 3391 1479 3487 explendos
1528 3400 1605 3461 et
1654 3386 2002 3463 bonorum
2053 3408 2344 3485 operum
2399 3384 2650 3484 fruges.
2669 3389 2854 3461 inter
2897 3410 3022 3461 eos

912 3500 1415 3583 Christifideles
1466 3507 1539 3579 in
1590 3505 1744 3579 dies
1795 3504 2022 3601 magis
2059 3503 2622 3601 multiplicandos
2647 3504 3022 3601 aliquando

910 3624 1163 3701 effatus
1216 3624 1728 3697 Canonicorum
1779 3644 2124 3696 numerus
2165 3633 2532 3717 augeatur,
2571 3631 2782 3717 atque
2843 3620 3024 3694 adeo
3149 3616 3160 3627 '

910 3744 1179 3840 aliquot
1239 3738 1625 3835 cappellani
1685 3760 1816 3813 seu
1877 3737 2330 3812 mansionarii
2381 3736 2888 3823 adscisoentur3
2941 3758 3028 3809 ac

908 3858 1353 3954 indulgentes
1406 3867 1489 3929 ut
1539 3854 1932 3951 Episcopus
1980 3854 2054 3927 in
2111 3865 2427 3950 tempore
2483 3850 3026 3927 Gonaivesensis

908 3974 1125 4051 libere
1158 3972 1485 4049 conferre
1502 3973 1736 4045 valeat
1769 3972 2326 4047 nominationem
2361 3982 2438 4045 et
2471 3971 3030 4055 institutionem,

906 4114 1127 4189 quam
1174 4100 1435 4166 vocant
1484 4088 1700 4162 etiam
1754 4089 2274 4174 investituram,
2315 4087 2402 4161 ad
2436 4086 2840 4183 hujusmodi
2893 4084 3040 4159 Ca-

908 4206 1247 4284 thedralis
1294 4204 1599 4303 Capituli
1646 4205 2026 4302 dignitates
2061 4218 2137 4279 et
2169 4205 2645 4292 canonicatus,
2703 4204 3024 4299 itemque
