3317 5267
2276 422 2425 493 469

309 538 436 611 stri
491 559 810 620 munera,
863 534 1458 632 durissimumque
1509 534 1871 624 iudiciutn,
1946 538 2134 634 quod
2198 541 2433 614 omni·-

308 652 445 728 bus
497 655 808 752 quidem,
863 654 982 749 qui
1037 663 1397 749 praesunt,
1453 654 1576 727 sed
1617 655 1929 728 maxime
1968 657 2433 751 speculatori-

307 771 444 846 bus
515 771 782 847 Domus
853 772 1058 846 lsrael
1121 784 1232 846 est
1303 770 1753 847 subeundum
1796 825 1817 860 ,
1893 774 2088 848 hisce
2157 774 2471 860 Nostris-

307 889 628 977 monitiS,
692 888 1242 976 hortationibus,
1301 888 1486 963 votis
1540 910 1622 964 ac
1676 889 2271 985 postulationibus
2308 915 2439 965 au-

308 1029 422 1079 res
475 1005 684 1082 alacri
747 1005 1134 1102 libentique
1198 1006 1436 1080 animo
1501 1005 1925 1101 praebentes
1992 1008 2221 1082 velitis
2285 1009 2441 1106 epi-

311 1122 572 1218 scopali
629 1123 776 1197 zelo
829 1123 1098 1196 incensi
1149 1122 1569 1200 catholicam
1624 1121 2035 1219 religionem
2088 1149 2218 1222 pro
2267 1125 2439 1199 viri·-

309 1236 442 1312 bus
471 1241 680 1327 tueri,
721 1261 1020 1336 eamque
1055 1236 1145 1311 ab
1183 1239 1424 1335 impiis
1463 1239 1778 1313 hostium
1817 1239 2087 1316 insidiis
2120 1251 2197 1314 et
2230 1240 2443 1315 moli-

318 1353 624 1429 tionibus
688 1355 1041 1452 impavide
1067 1353 1473 1442 defendere,
1519 1356 1737 1428 vestri
1774 1357 2001 1453 gregis
2038 1357 2247 1431 saluti
2283 1370 2445 1432 stu-

315 1474 711 1549 diosissime
772 1471 1165 1559 consulere,
1221 1483 1296 1546 et
1331 1473 1598 1545 maiora
1635 1472 1853 1546 etiam
1890 1474 2002 1560 iis,
2042 1497 2223 1571 quae
2266 1475 2443 1548 scri-

324 1593 624 1688 psimus,
677 1604 1064 1687 praestare.
1119 1587 1268 1664 Hac
1318 1613 1444 1686 spe
1497 1590 1877 1666 admodum
1932 1593 2148 1668 erecti
2211 1592 2445 1671 caele-

317 1709 536 1784 stium
587 1709 910 1788 omnium
965 1729 1340 1783 munerum
1411 1709 1803 1805 auspicem,
1878 1720 1952 1784 et
2021 1710 2445 1806 praecipuae

320 1827 618 1902 Nostrae
673 1828 744 1900 in
798 1824 940 1901 Vos
991 1827 1302 1905 caritatis
1355 1827 1608 1924 pignus
1665 1826 2143 1925 Apostolieam
2208 1825 2443 1906 Bene-

319 1945 704 2019 dictionem
768 1957 917 2021 toto
985 1945 1211 2021 cordis
1275 1943 1534 2023 affectu
1606 1943 1826 2022 Vobis
1898 1944 2097 2040 ipsis,
2176 1942 2443 2022 Dilecto

323 2059 457 2134 Fili
512 2059 768 2134 Noster
821 2083 902 2135 ac
953 2058 1410 2136 venerabiles
1476 2060 1761 2135 Fratres
1817 2071 2235 2158 vestraeque
2285 2058 2445 2140 fidei

321 2177 740 2254 concreditis
820 2175 1107 2254 Clericis
1185 2175 1552 2274 Laicisque
1629 2175 1951 2258 fidelibus
2001 2187 2451 2273 peramanter

325 2295 806 2390 impertimus.

533 2408 800 2484 Datum
838 2409 1112 2485 Romae
1164 2411 1347 2508 apud
1401 2409 1474 2484 S.
1533 2408 1825 2492 Petrum
1879 2411 1993 2487 die
2030 2413 2075 2494 3
2114 2409 2273 2492 Iulii
2320 2433 2451 2486 an·-

331 2551 424 2604 no
483 2530 706 2599 1862.

487 2639 946 2720 Pontificatus
999 2645 1236 2722 Nostri
1291 2669 1480 2722 anno
1525 2645 2139 2741 decimoseptimo.
