3317 5267
2342 435 2437 505 47

321 558 662 631 firmitate
713 552 848 626 alia
872 548 1250 637 roboratis,
1289 551 1601 638 statutis,
1659 561 1734 623 et
1784 548 2437 639 consuetudinibuS,
2546 576 2556 583 ·

321 672 710 772 privilegiis
743 691 1053 766 quoque,
1081 667 1370 739 indultis
1407 678 1481 740 et
1513 666 1769 742 litteris
1808 666 2227 764 Apostolicis
2278 671 2441 767 qui-

265 842 276 855 ·
319 794 570 869 busvis
622 786 1099 885 superioribus
1131 797 1207 859 et
1241 786 1560 881 personis
1595 788 1669 859 in
1716 790 1975 883 genere
2009 787 2123 861 vel
2158 788 2232 861 in
2282 812 2439 885 spe-

313 904 457 997 cie,
487 916 614 982 aut
645 906 818 980 alias
852 906 924 977 in
963 904 1394 977 contrarium
1429 904 2008 998 praemissorum,
2046 906 2265 977 etiam
2300 907 2434 981 sub

320 1026 882 1123 quibuscumque
920 1018 1284 1093 tenoribus
1321 1030 1398 1093 et
1432 1018 1706 1108 formis,
1746 1043 1829 1094 ac
1868 1043 2033 1095 cum
2069 1020 2433 1119 quibusvis

316 1141 650 1217 clausulis
703 1150 780 1213 et
827 1137 1156 1224 decretis,
1231 1138 1452 1209 etiam
1487 1135 1687 1212 Motu
1756 1140 1935 1234 pari,
1974 1139 2191 1213 etiam
2246 1138 2436 1214 Con-

315 1261 760 1339 sistorialiter
791 1256 1318 1356 quomodolibet
1350 1256 1586 1333 forsan
1623 1259 2431 1357 concessis,approbatiS,

311 1377 752 1456 confirmatis
789 1384 864 1450 et
899 1375 1275 1449 innovatis.
1317 1372 1588 1463 Quibus
1623 1373 1951 1451 omnibus
1986 1385 2062 1448 et
2111 1376 2429 1473 singuliS,

309 1497 598 1573 etiamsi
642 1519 774 1594 pro
835 1494 1114 1569 illorum
1165 1491 1540 1567 sufficienti
1589 1493 2043 1590 derogatione
2092 1495 2181 1569 de
2231 1495 2367 1567 illis
2408 1546 2428 1583 ,

315 1636 704 1712 eorumque
729 1612 902 1688 totis
937 1610 1298 1685 tenoribus
1325 1610 1673 1707 specialis,
1714 1614 2059 1709 specifica,
2100 1635 2435 1710 expressa

311 1744 394 1808 et
443 1732 826 1818 individua,
856 1752 998 1803 non
1033 1740 1268 1803 autem
1307 1752 1434 1824 per
1467 1730 1815 1803 clausulas
1853 1732 2211 1827 generales
2246 1733 2435 1807 idem

307 1851 784 1948 imponantes
808 1848 1104 1935 mentio,
1133 1870 1258 1920 seu
1285 1849 1578 1943 quaevis
1605 1847 1739 1921 alia
1770 1849 2131 1944 expressio
2162 1848 2439 1923 haben-

311 1970 428 2055 da,
459 1978 586 2043 aut
609 1966 844 2063 aliqua
895 1964 1030 2038 alia
1081 1965 1438 2061 exquisita
1471 1964 1699 2040 forma
1750 1966 1839 2039 ad
1902 1967 2037 2041 hoc
2100 1968 2441 2041 servanda

182 2112 198 2123 ·
313 2083 523 2171 foret,
553 2096 836 2157 tenores
887 2081 1318 2169 huiusmodi,
1351 2104 1432 2155 ac
1483 2082 1544 2155 si
1595 2084 1684 2155 de
1738 2080 1957 2157 verbo
1986 2085 2075 2157 ad
2110 2082 2436 2172 verbum,

321 2203 422 2276 nil
474 2202 758 2298 penitus
812 2202 1100 2287 omiss0‚
1154 2214 1232 2274 et
1282 2199 1509 2275 forma
1561 2201 1632 2272 in
1684 2200 1825 2275 illis
1878 2203 2137 2276 tradita
2190 2202 2437 2276 obser-

308 2328 499 2404 vata,
539 2316 789 2390 inserti
814 2314 1072 2402 forent,
1113 2316 1378 2389 eisdem
1415 2315 1907 2411 praesentibus
1941 2339 2069 2414 pro
2104 2317 2310 2413 plene
2364 2326 2440 2390 et

307 2432 738 2507 sufficienter
789 2430 1142 2527 expressis
1192 2430 1564 2517 habenteS,
1619 2430 1755 2503 illis
1784 2430 1955 2505 alias
2006 2432 2081 2505 in
2136 2454 2265 2505 suo
2316 2452 2438 2504 ro-

305 2551 480 2627 bore
527 2552 1036 2648 permansuris,
1090 2550 1434 2623 latissime
1471 2563 1546 2622 et
1580 2550 1993 2645 plenissime
2040 2574 2122 2625 ac
2159 2550 2436 2647 specia-

301 2668 468 2741 liter
501 2678 578 2742 et
609 2690 968 2763 expresse,
1023 2668 1109 2741 ad
1162 2666 1492 2741 effectum
1527 2668 2007 2764 praesentium
2046 2680 2123 2743 et
2175 2669 2427 2743 validi-

305 2785 478 2857 tatis
528 2785 846 2859 omnium
883 2794 958 2857 et
999 2783 1434 2880 singulorum
1472 2785 2053 2881 praemissorum,
2090 2785 2226 2861 hac
2280 2786 2430 2861 vice

305 2903 704 2990 dumtaxat,
745 2902 968 2991 Motu,
997 2904 1290 2975 scientia
1323 2912 1400 2975 et
1434 2904 1819 2999 potestatis
1846 2903 2285 3000 plenitudine
2322 2904 2426 2977 si-

305 3019 616 3109 milibus,
655 3022 908 3095 harum
960 3042 1240 3117 quoque
1297 3020 1476 3093 serie
1540 3021 1986 3118 derogamuS,
2036 3020 2433 3118 ceterisque

305 3140 678 3214 contrariis
749 3137 1334 3237 quibuscumque.
2342 3228 2349 3235 ,

461 3256 801 3334 Volumus
855 3269 1092 3331 autem
1135 3310 1156 3345 ,
1198 3258 1385 3355 quod
1422 3258 1654 3331 dictus
1710 3255 2003 3331 Carolus
2060 3254 2431 3355 Archiepi-

290 3399 558 3471 scopus
609 3374 850 3448 eiusve
901 3374 1422 3469 subdelegatus,
1453 3384 1599 3445 tres
1637 3372 1825 3445 infra
1863 3394 2149 3445 menses
2185 3373 2272 3448 ab
2310 3398 2429 3447 ex-

301 3490 493 3587 pleta
525 3492 834 3586 ipsarum
873 3490 1354 3585 praesentium
1384 3488 1888 3584 exequutione,
1926 3488 2304 3585 diligenter
2340 3491 2429 3565 ad

300 3606 487 3679 hanc
515 3606 848 3680 Sanctam
883 3604 1142 3679 Sedem
1178 3605 1663 3677 transmittere
1700 3612 2027 3678 teneatur
2061 3606 2429 3703 exemplar

297 3724 708 3798 authentica
757 3722 988 3799 forma
1043 3734 1411 3799 exaratum
1462 3725 1911 3798 decretorum
1976 3725 2295 3798 omnium
2350 3725 2423 3798 in

297 3846 703 3921 huiusmodi
755 3846 1230 3943 exequutione
1277 3843 1754 3933 ferendorum,
1810 3856 1892 3919 ut
1943 3868 2025 3919 ea
2079 3845 2295 3919 etiam
2346 3846 2421 3919 in

299 3962 630 4037 Archivio
683 3960 1264 4059 Congregationis
1314 3963 1390 4037 S.
1436 3962 1525 4035 R.
1569 3962 1654 4035 Ε.
1702 3960 2173 4037 Cardinalium
2230 3960 2423 4037 Con-

297 4080 764 4155 sistorialibus
803 4079 1016 4154 rebus
1049 4080 1516 4178 praepositae,
1555 4080 1642 4152 ad
1682 4089 2099 4175 perpetuam
2134 4080 2236 4153 rei
2270 4102 2419 4153 me·-

296 4200 626 4287 moriam‚
678 4208 1178 4296 posteramque
1257 4198 1863 4297 opportunitatem
1943 4209 2019 4270 et
2094 4219 2417 4274 normam

299 4318 586 4392 insimul
640 4327 1172 4391 conserventur„
2102 4322 2146 4385 4
2184 4362 2197 4371 -
