3317 5267
2254 450 2399 522 267

291 568 396 654 tis,
435 566 828 662 ceterisque
851 564 1238 651 consuetis,
1277 584 1460 661 quae
1511 560 1626 634 alii
1682 556 2215 637 cathedralium
2270 564 2416 638 Ec-

290 682 648 757 clesiarum
707 682 776 754 in
861 680 1080 777 Regia
1131 679 1632 775 Hispaniarum
1694 678 1963 753 ditione
2036 678 2413 755 Antistites

287 798 622 873 ordinarie
675 798 1025 882 obtinent,
1081 806 1380 870 utuntur
1433 806 1646 892 atque
1702 806 2016 870 tuentur.

432 916 763 991 Ceterum
817 916 904 989 ad
955 938 1216 990 novam
1269 915 1498 987 dictae
1549 912 1911 987 Ecclesiae
1950 914 2411 991 Victoriensis

287 1036 704 1109 erectionem
739 1045 814 1108 et
865 1036 1383 1107 incrementum
1417 1042 1610 1104 ratas
1647 1043 1723 1104 ct
1754 1053 1969 1127 quam
2022 1033 2409 1108 solemnius

285 1164 604 1248 acceptas
630 1152 1074 1225 decernimus
1103 1151 1518 1248 sponsiones
1553 1150 1628 1220 in
1662 1148 1732 1221 id
1763 1149 2024 1243 negotii
2052 1150 2279 1235 datas,
2310 1148 2410 1219 im

287 1270 464 1365 quod
518 1271 588 1342 in
644 1270 892 1365 primis
930 1268 1234 1365 Regium
1271 1266 1775 1362 Hispaniarum
1809 1262 2247 1340 Gubernium
2284 1265 2415 1340 ob-

288 1400 642 1459 servanter
669 1387 948 1473 efficiat,
973 1400 1058 1460 ut
1082 1388 1258 1460 satis
1284 1406 1661 1481 congruae,
1694 1384 2013 1481 satisque
2045 1384 2423 1459 commoda·

287 1524 362 1575 ac
411 1514 808 1600 opportuna
859 1502 1294 1599 supellectile
1347 1502 1521 1576 satis
1575 1506 1969 1574 instructae
2008 1502 2244 1589 aedeS,
2284 1522 2417 1575 nec

285 1644 420 1696 non
473 1621 904 1709 Cathedrali,
945 1624 1178 1718 quoad
1215 1622 1366 1694 fieri
1405 1622 1697 1717 poterit,
1728 1622 2095 1717 proximae
2126 1644 2257 1716 pro
2282 1620 2413 1695 de-

285 1743 464 1816 centi
529 1742 864 1839 Episcopi
922 1740 1386 1818 Victoriensis
1447 1762 1886 1837 suorumque
1956 1739 2411 1815 familiarium

284 1860 746 1948 habitatione,
803 1882 1072 1957 proque
1127 1860 1280 1955 ejus
1336 1856 1545 1932 Curia
1597 1870 1673 1933 et
1728 1857 2159 1935 Cancellaria
2194 1858 2404 1954 pleno

281 1990 760 2074 perpetuoque
809 2000 972 2051 cum
1027 1978 1342 2053 dominio
1379 1976 1867 2051 concedantur
1918 1990 1995 2051 et
2038 1978 2407 2073 assginen-

285 2102 420 2164 tur.
481 2090 706 2165 Cauto
742 2104 1010 2178 tamen,
1052 2094 1242 2189 quod
1297 2094 1358 2167 si
1411 2103 1736 2166 actutum
1762 2104 1877 2168 tot
1906 2094 2116 2169 aedes
2150 2093 2405 2189 hujus-

282 2208 470 2281 modi
523 2208 596 2279 in
647 2207 1002 2304 praefatos
1063 2234 1236 2283 usus
1287 2209 1510 2283 libero
1545 2231 1711 2281 cum
1762 2210 2077 2285 dominio
2128 2210 2407 2306 adjudi-

279 2328 418 2398 cari
477 2336 858 2422 nequeant,
915 2348 998 2399 ac
1051 2328 1320 2399 interea
1383 2336 1715 2422 oporteat
1774 2350 1897 2401 eas
1960 2328 2401 2425 aliquatenus

274 2444 500 2539 pretio
527 2445 944 2530 conducere,
985 2444 1334 2539 ejusmodi
1369 2445 1679 2540 pretium
1720 2444 1811 2518 ab
1846 2446 2001 2541 ipso
2042 2444 2397 2519 Gubernio

267 2564 406 2635 erit
455 2562 1000 2658 persolvendum
1033 2610 1054 2649 ‚
1107 2562 1280 2659 quin
1331 2561 1773 2659 Episcopalis
1834 2562 2079 2639 Mensa
2142 2563 2397 2638 ullate-

272 2702 408 2752 nus
459 2680 546 2753 ad
600 2680 768 2754 illud
821 2692 1168 2754 teneatur.
1211 2679 1562 2777 Itemque,
1619 2692 1701 2753 ut
1753 2682 2237 2779 unusquisque
2279 2680 2402 2754 Vi-

270 2798 641 2872 ctoriensis
693 2799 767 2871 in
819 2810 1146 2894 tempore
1202 2797 1520 2871 Antistes
1574 2799 1809 2871 valeat
1846 2852 1867 2886 ‚
1938 2824 2023 2874 eo
2082 2824 2227 2897 quo
2279 2824 2409 2897 par

265 2928 382 2989 est
431 2917 684 2991 decore
723 2968 746 3003 ‚
812 2940 1015 2989 suam
1097 2914 1432 2989 exhibere
1508 2918 1831 3012 tuerique
1904 2919 2325 3015 dignitatem
2378 2970 2399 3005 ,

266 3046 550 3106 sartum
601 3044 1016 3129 tectumque
1055 3041 1211 3105 esto
1257 3031 1466 3126 juxta
1508 3045 1939 3107 memoratas
1984 3036 2405 3109 conventio-

264 3174 402 3224 nes
455 3150 633 3227 solvi
687 3150 778 3223 ab
827 3149 1330 3248 Hispaniarum
1367 3147 1729 3224 Gubernib
1782 3152 2099 3247 praefato
2148 3151 2405 3227 debere

263 3268 342 3339 in
398 3268 710 3365 singulos
739 3289 962 3341 annos
1013 3288 1376 3340 summam
1413 3268 1777 3362 octoginta
1814 3268 2113 3341 millium
2160 3290 2407 3365 argen-

265 3398 554 3459 teorum
591 3383 776 3459 illius
813 3395 1142 3458 monetae
1181 3384 1392 3478 vulgo
1423 3380 1681 3455 Reales
1704 3380 1797 3455 de
1834 3382 2103 3473 Velzna,
2143 3408 2323 3483 quae
2358 3408 2403 3460 a

255 3502 834 3600 quibuscumque
871 3499 1204 3597 expensis
1243 3511 1580 3595 exempta
1617 3500 1907 3576 omnino
1937 3504 2055 3591 sit,
2086 3517 2242 3578 tum
2274 3530 2403 3602 pro

255 3620 528 3693 litteris
582 3619 1004 3716 Apostolicis
1040 3616 1174 3692 sub
1211 3614 1514 3692 Plumbo
1548 3619 1622 3691 in
1677 3620 1969 3714 singulis
2006 3622 2193 3697 illius
2224 3618 2393 3720 Epi-

259 3738 576 3833 scopalis
603 3736 998 3813 Catbedrae
1026 3734 1572 3834 provisionibuS,
1605 3760 1783 3834 quas
1811 3762 2019 3834 porro
2050 3740 2235 3815 idem
2251 3739 2404 3814 Gu-

255 3854 601 3930 bernium
655 3856 910 3942 solvet,
967 3868 1120 3929 tum
1177 3878 1304 3951 pro
1340 3854 1492 3927 aliis
1529 3854 1963 3952 quibuslibet
2014 3858 2085 3929 in
2140 3856 2399 3954 Hispa-

255 3974 390 4045 nia
442 3976 588 4071 jam
643 3974 1025 4071 requisitis,
1079 3974 1302 4047 donec
1355 3984 1464 4046 tot
1516 3972 1795 4045 stabilia
1848 3974 2033 4049 bona
2071 3999 2215 4051 non
2254 3978 2397 4049 mi·-

255 4114 524 4165 norem
577 4095 930 4168 redditum
985 4114 1240 4191 purum
1297 4090 1366 4164 in
1422 4090 1735 4187 singulos
1788 4112 2011 4168 annos
2042 4091 2396 4192 adlatura,

245 4207 486 4305 pleno
536 4210 894 4308 liberoque
947 4233 1110 4284 cum
1163 4209 1472 4283 dominio
1525 4208 1600 4280 in
1664 4206 1733 4281 id
1806 4209 2181 4309 subrogata
2252 4236 2394 4289 non
