3317 5267
2340 434 2493 505 319

368 560 516 624 tres
543 552 806 645 aequas
831 546 1235 621 dividantur
1261 546 1645 641 portiones,
1676 566 1975 641 quarum
2004 554 2149 622 una'
2178 546 2482 638 vicario,

364 668 474 741 uti
526 666 952 764 praefertur,
1006 662 1362 737 Dioecesis
1413 664 1967 741 administratori
2028 666 2107 739 in
2158 666 2485 742 honora-
2582 660 2586 665 ’

364 786 550 859 rium
604 784 984 867 tribuatur,
1023 782 1243 855 altera
1275 792 1516 855 autem
1553 781 1911 879 Episcopo
1952 786 2341 863 successori
2390 788 2479 861 ad

364 902 972 998 opportunitatem
1001 892 1428 985 reservetur,
1443 898 1714 995 reliqua
1738 901 2028 975 demum
2058 904 2169 977 vel
2198 906 2275 976 in
2298 904 2481 1005 eius·

357 1022 521 1096 dem
552 1020 908 1097 Ecclesiae
935 1018 1375 1094 cathedralis
1410 1018 1747 1094 fabricam
1802 1031 1879 1093 et
1928 1026 2311 1099 sacrarium
2366 1028 2487 1101 vel

359 1139 432 1211 in
483 1139 856 1213 Seminarii
905 1136 1301 1213 dioecesani
1354 1136 1735 1211 utilitatem
1792 1137 1903 1211 vel
1956 1140 2029 1211 in
2096 1141 2271 1215 alios
2322 1142 2477 1237 pios

361 1280 532 1333 usus
559 1259 744 1331 intra
779 1268 1020 1331 tamen
1049 1252 1464 1353 Cayesensis
1518 1250 1871 1329 Dioecesis
1907 1255 2173 1331 limites
2209 1256 2482 1333 obeun-.

357 1375 484 1449 dos
511 1383 913 1471 erogentur,
945 1382 1163 1470 prout
1181 1370 1566 1467 expediens
1595 1374 2205 1469 opportuniusque
2232 1373 2305 1447 in
2331 1372 2483 1449 Do-
2516 1394 2522 1399 ·

359 1495 554 1569 mino
603 1506 963 1590 praestare
1015 1493 1246 1567 visum
1300 1492 1683 1588 ratumque
1734 1489 1977 1565 fuerit.

507 1608 737 1699 Quam
773 1610 1058 1707 quidem
1113 1606 1580 1705 Cayesensem
1639 1606 2029 1683 Ecclesiam
2082 1610 2159 1682 in
2210 1604 2475 1685 Metro-

356 1725 707 1822 politanae
737 1724 994 1799 Portus
1023 1724 1364 1820 Principis
1391 1723 1911 1822 suffraganeam
1943 1748 2107 1801 cum
2146 1726 2479 1803 omnibus

356 1844 750 1941 quibusque
799 1844 1099 1940 juribuS,
1155 1844 1567 1932 honoribus,
1623 1847 2160 1942 praerogativis»,
2208 1847 2475 1928 favori-

354 1962 510 2049 bus,
554 1964 823 2060 gratiis,
862 1964 1180 2051 indultis,
1217 1963 1599 2060 privilegiis
1637 1975 1713 2037 et
1748 1966 2003 2037 ceteris
2039 1962 2475 2062 quibuslibet

353 2078 807 2175 suffiaganeis
842 2078 1190 2154 Ecclesiis
1212 2102 1292 2153 ac
1333 2079 1640 2152 vicissim
1679 2103 1771 2153 ex
1802 2080 1961 2177 jure
2014 2082 2475 2180 legitimaque

349 2194 858 2268 consuetudine
910 2192 1478 2290 competentibus
1529 2194 1720 2268 dicta
1762 2195 2165 2291 Apostolica
2217 2210 2471 2292 aucto-1

351 2313 564 2385 ritate
596 2310 1034 2407 subjicimus,
1065 2312 1388 2407 illiusque
1429 2312 1845 2388 canonicam
1886 2324 2129 2391 taxam
2156 2340 2287 2413 pro
2314 2316 2472 2391 Lit-

352 2440 665 2505 terarum
717 2432 1258 2529 apostolicarum
1295 2433 1773 2528 expeditione,
1832 2434 2109 2528 quoties
2147 2434 2471 2513 Antistes

349 2547 576 2620 eidem
613 2546 1014 2621 Cathedrali
1049 2546 1268 2621 fuerit
1295 2548 1833 2644 praeficiendus,
1871 2548 1945 2620 in
1980 2552 2213 2625 aureis
2240 2552 2465 2626 flore-

351 2664 460 2738 nis
507 2664 598 2739 de
647 2662 944 2738 Camere
998 2666 1284 2762 triginta
1347 2666 1576 2739 tribus
1643 2686 1811 2739 cum
1878 2669 2091 2741 tertia
2146 2668 2468 2765 ejusdem

348 2779 590 2856 floreni
623 2794 825 2878 parte
861 2783 1269 2870 statuimuS,
1299 2785 1540 2881 sicque
1573 2780 1873 2855 inlibris
1912 2780 2253 2859 Gamerae
2283 2786 2465 2884 Apo·

347 2902 631 2977 stolicae
683 2904 1002 3000 sacrique
1057 2901 1533 2979 Cardinalium
1573 2904 1867 3005 Collegii
1908 2904 2197 2978 inscribi
2233 2916 2308 2978 et
2332 2905 2467 2979 ob-

343 3018 610 3093 servari
655 3019 1022 3115 jubemus.

497 3134 870 3211 Praeterea
921 3160 1377 3234 summopere
1431 3140 2019 3215 commendantes
2070 3140 2241 3215 dicti
2277 3138 2465 3213 nai-⁴

345 3256 492 3329 tani
545 3254 880 3330 Gubernii
937 3256 1490 3334 sollicitudinem
1552 3260 2095 3357 impensamque
2166 3258 2471 3347 munifi-7-

341 3370 728 3458 flcentiam,
753 3374 941 3447 unde
973 3374 1148 3447 satis
1185 3398 1374 3449 nunc
1405 3372 1552 3447 fieri
1579 3376 1829 3449 datum
1868 3388 2007 3463 est,
2039 3386 2123 3458 ut
2144 3376 2466 3483 singulae

276 3480 282 3485 ⁵
341 3492 738 3566 dotationes
789 3494 1192 3589 praedictae
1235 3516 1458 3591 quam
1481 3495 1721 3568 tutius
1757 3506 2225 3592 permaneant
2254 3519 2468 3593 super

343 3610 624 3707 publico
662 3612 816 3708 eius
851 3615 1152 3701 aerario,
1205 3615 1432 3690 donee
1485 3617 1785 3691 totidem
1820 3599 1997 3691 certi
2034 3619 2459 3713 penitusque

339 3732 500 3827 puri
553 3730 868 3805 redditus
893 3754 983 3805 ex
1011 3732 1230 3809 bonis
1282 3733 1652 3808 stabilibus
1688 3734 1776 3808 ab
1812 3734 2065 3811 eodem
2104 3732 2475 3819 Gubernio,

345 3846 752 3943 singillatim
805 3849 1244 3946 assignandis
1275 3850 1625 3948 plenoque
1659 3874 1826 3925 cum
1862 3852 2181 3928 dominio
2202 3871 2465 3948 perpe·-

345 3974 473 4036 tuo
505 3964 983 4060 adjudicandis
1009 3966 1222 4063 plane
1245 3960 1658 4065 suppetant,
1694 3970 1801 4043 uti
1828 3971 2153 4065 superins
2192 3971 2465 4065 consti-‚-

351 4081 600 4167 mitur,
651 4102 734 4154 ac
785 4082 1014 4156 eidem
1069 4080 1426 4157 Gubernio
1487 4084 2065 4159 benevolentiam
2128 4070 2463 4169 Nostram

347 4198 720 4273 ostendere
747 4200 1098 4288 volentes,
1124 4199 1400 4276 Dilecto
1431 4200 1608 4279 Filio
1662 4199 1939 4277 illustri.
1960 4216 2037 4277 et
2068 4199 2466 4281 honorabili

1798 4322 1883 4391 21
1974 4371 1983 4382 .
