3317 5267
871 455 960 525 18

865 571 1202 644 mendum
1258 572 1328 643 in
1383 592 1504 641 ara
1555 570 1781 641 crucis
1821 619 1841 654 ,
1899 571 2419 663 pretiosissimo
2470 594 2601 647 suo
2654 575 2995 671 sanguine

867 686 1116 775 effuso,
1170 686 1390 785 semel
1441 686 1740 782 peregit,
1794 684 2167 782 pacificans
2218 688 2369 761 sive
2422 712 2603 786 quac
2657 690 2727 761 in
2784 690 2995 764 caelis

868 820 1062 895 sunt,
1117 807 1266 882 sive
1319 829 1500 903 quae
1555 805 1626 876 in
1681 816 1867 878 terra
1908 856 1929 891 ,
1986 830 2211 903 usque
2278 807 2367 881 ad
2437 809 2996 885 consummatio-

867 946 1035 997 nem
1073 924 1332 998 sacculi
1368 943 1789 1020 permanere
1824 921 2171 1009 decrevit,
2226 934 2301 997 et
2334 926 2651 1020 quotidie
2682 924 2858 1014 fieri,
2912 948 2997 998 ac

870 1042 1194 1115 renovari
1247 1042 1452 1116 iussit
1528 1063 1658 1139 per
1741 1040 2216 1116 Sacerdotum.
2270 1041 2744 1115 ministerium
2775 1094 2796 1129 ,
2850 1042 2999 1116 sola

871 1157 1206 1233 offerendi
1258 1160 1532 1233 ratione
1588 1160 1871 1232 diversa
1919 1208 1939 1245 ,
1993 1169 2077 1231 ut
2128 1158 2471 1232 salutares
2523 1158 3001 1256 uberrimiquc

871 1300 1042 1353 suae
1086 1279 1432 1374 passionis
1479 1278 1753 1352 fructus
1806 1278 1879 1351 in
1932 1278 2255 1353 homines
2310 1298 2595 1374 semper
2644 1278 2999 1353 redunda-

868 1404 1051 1469 rent.
1110 1393 1474 1492 Siquidem
1527 1396 1601 1468 in
1653 1396 2028 1470 incruento
2080 1394 2337 1469 Missae
2391 1394 2755 1484 sacrificio,
2810 1396 2999 1493 quod

867 1510 1245 1607 conspicuo
1281 1511 1743 1587 Sacerdotum
1778 1510 2177 1587 ministerio
2212 1512 2573 1607 peragitur
2599 1563 2621 1600 ‚
2676 1512 2791 1585 illa
2842 1514 2995 1609 ipsa

869 1630 1141 1705 vivifica
1174 1630 1422 1705 litatur
1474 1632 1764 1706 victima
1805 1684 1825 1719 ‚
1886 1654 2069 1729 quae
2120 1628 2269 1705 Deo
2322 1628 2514 1703 Patri
2568 1655 2699 1706 nos
2746 1654 2998 1706 recon-

869 1746 1133 1821 ciliavit
1161 1800 1183 1836 ,
1239 1772 1560 1845 quaeque
1613 1770 1900 1823 omnem
1955 1749 2297 1836 merendi,
2351 1749 2696 1845 placandi,
2752 1749 2997 1845 impe-

871 1864 1124 1953 trandi,
1165 1888 1246 1939 ac
1281 1863 1748 1939 satisfaciendi
1789 1866 1931 1937 vim
1969 1864 2239 1938 habens
2282 1892 2316 1935 α
2352 1865 2541 1939 illam
2574 1864 2779 1941 nobis
2800 1887 2997 1941 mor-

867 1994 1016 2057 tem
1069 1978 1426 2079 Unigeniti
1477 2006 1604 2081 per
1657 1984 2076 2081 mysterium
2130 1996 2437 2081 reparat,
2492 1987 2615 2082 qui
2662 1985 2831 2059 licet
2880 2008 2999 2060 re·-

863 2124 1160 2198 surgens
1196 2122 1238 2173 a
1277 2102 1578 2175 mortuis
1628 2102 1775 2173 iam
1810 2124 1953 2179 non
2008 2103 2334 2189 moritur,
2374 2105 2449 2176 et
2486 2124 2681 2177 mors
2718 2104 2783 2177 ei
2812 2100 2997 2177 ultra

866 2242 1010 2294 non
1061 2218 1537 2293 dominabitur
1566 2269 1587 2304 ,
1643 2229 1885 2291 tamen
1936 2219 2011 2290 in
2066 2222 2453 2316 semetipso
2503 2218 2999 2297 immortaliter

865 2342 1080 2433 atque
1165 2335 1789 2432 incorruptibiliter
1852 2337 2103 2409 vivens
2151 2359 2285 2433 pro
2338 2336 2541 2413 nobis
2592 2339 2851 2413 iterum
2918 2339 2995 2411 in

867 2455 1002 2529 hoc
1053 2455 1394 2552 mysterio
1431 2474 1671 2527 sacrae
1710 2452 2089 2535 oblationis
2138 2454 2549 2529 immolatur
2589 2480 2625 2524 ι)
2670 2452 2799 2553 (1).
2860 2454 2994 2528 At-

865 2590 1004 2665 que
1057 2568 1231 2643 hacc
1283 2579 1394 2642 est
1428 2569 1695 2642 munda
1730 2566 1847 2641 illa
1885 2568 2171 2655 oblatio,
2210 2590 2426 2666 quam
2460 2570 2651 2644 nulla
2674 2570 2996 2645 offeren-

863 2686 1046 2760 tium
1081 2686 1458 2782 indignitas
1493 2706 1575 2758 ac
1611 2684 1881 2757 malitia
1918 2684 2284 2780 inquinare
2344 2708 2659 2784 unquam
2720 2698 2989 2783 potest,

865 2816 940 2877 et
991 2824 1203 2901 quam
1257 2800 1599 2876 Dominus
1651 2823 1783 2897 per
1832 2798 2247 2875 Malachiam
2300 2804 2571 2877 nomini
2604 2826 2761 2891 suo,
2802 2805 2995 2901 quod

863 2944 1202 3021 magnum
1236 2920 1553 2995 futurum
1591 2930 1787 2994 esset
1837 2920 1909 2992 in
1954 2918 2310 3015 gentibus,
2353 2942 2394 2993 a
2432 2922 2599 2996 soRs
2650 2936 2813 2998 ortu
2863 2946 2995 2997 us-

865 3060 1004 3136 que
1056 3040 1144 3112 ad
1196 3056 1522 3112 occasum
1577 3037 1669 3108 in·
1708 3036 1905 3110 omni
1958 3033 2113 3108 loco
2168 3037 2508 3111 mundam
2560 3037 2991 3114 offerendam

865 3180 1020 3231 esse
1095 3154 1448 3253 praedixit
1523 3149 1652 3250 (2).
1721 3150 1916 3241 Quae
1968 3152 2255 3250 quidem
2326 3152 2591 3230 oblatio
2666 3156 3003 3231 ineffabili

859 3298 1148 3375 prorsus
1184 3273 1542 3349 fructuum
1577 3269 1903 3346 ubertate
1944 3270 2342 3346 redundans
2376 3286 2826 3370 praesentem
2862 3298 2989 3349 ae-

864 3417 1003 3491 que
1055 3416 1138 3466 ac
1185 3390 1501 3465 futuram
1555 3390 1779 3464 vitam
1832 3388 2348 3485 complectitur.
2390 3388 2497 3465 Ea
2548 3391 2989 3499 enimsobla-

867 3508 1057 3581 tione
1091 3507 1408 3602 placatus
1461 3502 1651 3578 Deus
1688 3504 2017 3603 gratiam,
2056 3505 2469 3603 donumque
2506 3509 2988 3603 poenitentiae

859 3624 1274 3708 concedam,
1330 3622 1626 3695 crimina
1676 3632 1751 3693 et
1802 3631 2092 3721 peccata
2126 3620 2347 3695 etiam
2400 3624 2715 3721 ingentia
2747 3626 2985 3701 dimit·

859 3742 975 3827 tit,
1031 3762 1112 3812 ac
1162 3738 1324 3811 licet
1377 3737 1687 3833 pcccatis
1734 3736 1997 3810 nostris
2048 3737 2357 3831 graviter
2406 3738 2715 3817 offensus
2752 3742 2845 3814 ab
2878 3744 2981 3815 ira

859 3856 942 3931 ad
981 3852 1558 3939 misericordiam,
1587 3874 1630 3925 a
1665 3850 1893 3925 iustae
1928 3852 2557 3931 animadversionis
2592 3858 2975 3935 severitate

1022 4123 1101 4195 ‹1›
1147 4122 1208 4187 S.
1254 4122 1502 4205 Gregor.
1547 4122 1628 4187 Μ.
1680 4118 1907 4203 Dialog.
1954 4120 2058 4186 lib.
2106 4120 2141 4187 4
2188 4138 2322 4207 cap.
2368 4120 2464 4190 58.

1019 4218 1106 4307 (ἓ)
1145 4218 1396 4287 Malach.
1441 4236 1574 4307 cap.
1619 4221 1679 4283 1.
