3317 5267
2266 447 2426 518 '727

385 548 605 612 daliurn
645 550 790 616 Ord.
833 551 895 614 S.
939 551 1232 616 Francisci
1277 567 1346 616 ac
1386 553 1563 616 trium
1607 571 1643 618 e
1684 555 1983 618 Societate
2022 555 2156 621 Iesu
2198 555 2259 620 in

385 645 629 728 laponia
669 658 1143 731 martyrum..
1313 698 1326 713 .
1496 698 1511 712 .
1619 689 1626 696 ·
1865 699 1879 714 .
2050 699 2065 715 .
2230 675 2263 714 s
2307 653 2419 717 ⁴37

307 741 526 807 Similis
563 745 662 810 die
701 746 780 810 24
822 747 1034 812 maii·
1075 745 1221 812 Cum
1261 748 1599 812 eximias-
1639 749 1777 830 Agit
1814 749 1892 813 de
1934 749 2265 814 canoniza-

383 837 548 903 tione
589 839 894 906 Michaelis
935 842 1022 906 De
1043 843 1275 908 Sanctis
1317 843 1461 910 Ord.
1505 843 1608 909 SS.
1653 844 1963 909 Trinitatis
2004 843 2110 908 FF.
2158 845 2263 908 Di-

386 937 814 1004 scalceatorum
855 941 1120 1024 captivis
1161 941 1546 1008 redimendis.
1677 989 1691 1003 .
2049 988 2063 1004 .
2230 965 2261 1002 n
2305 941 2421 1007 ⁴39

305 1033 594 1102 Allocutio
637 1038 839 1104 habita
881 1041 942 1104 in
982 1041 1260 1125 Xystino-
1274 1041 1504 1106 Sacello
1565 1041 1663 1107 die
1705 1044 1740 1106 6
1800 1040 2023 1107 Iunii·
2065 1039 2267 1104 Mira-

383 1135 502 1199 bile
539 1139 900 1221 quoddam·
921 1140 995 1206 ad
1029 1142 1416 1225 Presbyter-os
1454 1143 1781 1206 catholicos
1823 1142 1921 1225 qui
1986 1141 2065 1206 ob
2114 1139 2267 1205 sole-

383 1255 578 1302 mnem
619 1240 736 1304 BB.
781 1243 1108 1326 Martyrum
1139 1244 1577 1328 laponensium‚
1611 1253 1673 1307 et
1713 1245 1779 1308 B.
1828 1243 2135 1308 Michaelis
2176 1243 2265 1308 De

381 1335 615 1401 Sanctis
641 1339 1000 1405 confessoris
1019 1343 1532 1406 canonizationem
1564 1342 1811 1406 Romam
1830 1348 2264 1406 convenerunt.

379 1433 768 1502 Commendat
810 1457 1012 1504 eorum
1057 1441 1474 1522 frequentiam,
1521 1457 1589 1504 ac
1627 1439 1913 1505 salutaria
1956 1439 2043 1502 eis
2084 1455 2255 1520 prae-

381 1525 484 1591 bet
522 1527 896 1596 documenta.
943 1533 1094 1616 ipsis
1137 1543 1333 1599 autern
1374 1534 1614 1598 veniam
1659 1532 1867 1596 tribuit
1920 1532 2269 1615 impertien-

378 1624 440 1690 di
481 1625 756 1693 fidelibus
797 1647 1002 1695 eorum
1045 1633 1344 1716 spirituali
1387 1649 1565 1696 curae
1607 1629 1969 1696 concreditis
2007 1633 2267 1713 Aposto-

377 1719 556 1784 licam
617 1722 1100 1790 benedictionem
1173 1745 1307 1790 cum
1375 1724 1779 1807 applicatione
1846 1722 2261 1806 Indulgentiae

377 1821 702 1903 plenariae.
944 1875 963 1891 .
1313 1875 1330 1890 .
1867 1875 1883 1892 .
2234 1857 2263 1886 ι
2310 1826 2426 1890 us

299 1919 552 1987 Romilia
579 1924 862 1991 habitam
879 1927 1130 1992 Basilica
1151 1927 1492 1995 Vaticana·
1495 1875 1785 1992 Exultat
1808 1945 1913 1990 cor
1939 1933 2211 1992 nostrum
2232 1959 2267 1975 -

375 2023 476 2089 die
515 2026 552 2089 8
593 2025 768 2102 lunii,
813 2027 1198 2091 Pentecosten
1239 2027 1602 2092 solemnitati
1645 2043 1843 2102 sacro,
1876 2027 2033 2091 inter
2060 2026 2269 2091 Missa·

377 2141 506 2189 rum
547 2126 837 2190 solemnia
881 2126 940 2190 in
982 2126 1441 2191 canonizatione
1480 2127 1584 2192 SS.
1627 2126 1845 2208 viginti
1898 2145 2005 2190 sex
2046 2125 2267 2208 Marty-

377 2241 502 2289 rum
547 2227 606 2290 in
649 2227 919 2310 laponia,
965 2237 1027 2294 et
1069 2228 1378 2294 Michaelis
1419 2229 1507 2293 De
1550 2229 1788 2294 Sanctis
1828 2227 2081 2293 confess.
2234 2249 2263 2286 ιο
2310 2224 2423 2288 445

295 2326 588 2391 ΔΙΙοοιιιὶο
619 2325 822 2392 habita
866 2332 923 2392 in
967 2331 1338 2394 consistorio
1381 2327 1478 2394 die
1521 2331 1556 2394 9
1587 2328 1803 2394 Iunii-
1827 2329 2111 2392 Maxima
2138 2327 2267 2410 qui-

375 2425 508 2489 dem
537 2425 820 2492 laetitia—
833 2427 1206 2493 adstantibus
1237 2427 1414 2493 etiam
1445 2447 1749 2493 sacrorum
1768 2428 1978 2492 Antisti
1988 2427 2143 2492 tibus
2158 2444 2257 2491 so-

375 2525 585 2590 lemnis
614 2529 1088 2593 canonizationis
1110 2545 1290 2593 causa
1307 2529 1533 2595 Romae
1574 2527 1976 2609 congregatis.
2021 2526 2261 2608 Raptim

373 2625 726 2708 praecipuos
767 2639 1006 2692 nostrae
1049 2628 1266 2692 aetatis
1307 2635 1583 2692 recenset
1627 2643 1699 2690 ac
1728 2625 1968 2690 damnat
2001 2641 2261 2698 errores,

371 2725 587 2808 quibus
629 2725 733 2791 Dei
777 2727 1199 2812 hominumque
1241 2728 1440 2792 hostes
1481 2743 1605 2792 rem
1666 2743 1899 2790 sacram
1940 2733 2003 2788 et
2064 2723 2259 2806 publi-

371 2839 504 2885 cam
543 2825 885 2888 convellere
935 2825 1255 2901 nituntur;
1301 2832 1671 2906 quapropter
1730 2821 1895 2905 ipsos
1948 2837 2253 2885 sacrorum

370 2919 682 2982 Antistites
743 2921 963 2983 excitat
995 2969 1010 2992 ‚
1073 2929 1140 2983 ut
1183 2920 1370 2999 magis
1415 2919 1723 3000 magisque
1762 2937 1879 3000 que
1926 2935 2073 2983 voce
2140 2937 2257 3001 qua

371 3015 608 3100 scriptis
651 3027 740 3082 tot
781 3018 1126 3100 opinionum
1171 3028 1433 3082 monstra
1477 3017 1771 3082 refellant.
1852 3066 1867 3080 .
2036 3066 2049 3080 .
2222 3041 2249 3078 ι
2299 3019 2411 3083 451

295 3116 554 3184 Litterae
594 3118 1022 3200 Apostolicae-
1052 3115 1414 3198 Pontificius
1453 3115 1725 3185 Nostrae
1752 3152 1780 3164 -
1832 3115 1931 3180 die
1996 3117 2031 3180 9
2093 3115 2260 3181 ἰιιιιίἰ.

373 3217 661 3282 Omnibus
703 3237 1001 3284 sacrorum
1050 3215 1432 3281 Antistitibus
1465 3266 1480 3293 ,
1527 3217 1626 3300 qui
1672 3235 1746 3281 ex
1789 3216 2046 3282 diversis
2102 3216 2265 3282 orbis

370 3317 644 3401 partibus
687 3317 934 3382 Romam
975 3317 1406 3382 convenientes
1449 3316 1507 3380 in
1548 3316 1803 3380 Basilica
1834 3316 2121 3382 Vaticana
2162 3315 2266 3381 ad-

368 3415 650 3480 stiterunt
689 3433 861 3480 sacro
903 3413 1376 3480 canonizationis
1406 3413 1564 3492 ritui,
1598 3413 2079 3479 benedictionem
2110 3431 2259 3498 apo·

303 3533 310 3540 ·
369 3513 659 3590 stolicam‚
705 3523 947 3596 praeter
989 3513 1322 3578 ordinarias
1362 3512 1527 3578 vices
1589 3511 1970 3596 impertiendi
2014 3511 2253 3577 veniam

289 3613 600 3790 Ειξιῖιξῗιῐιῑ
603 3710 677 3775 ad
719 3660 1094 3777 dardinalem
1118 3658 1538 3775 ‘Patriarcham
1563 3658 2011 3786 Lisbonensem,
2042 3659 2119 3774 ad
2147 3632 2257 3773 Ar:
2302 3611 2419 3676 ὥς

367 3809 784 3893 chiepiscopos
827 3812 1251 3875 Bracarensem
1324 3823 1388 3874 et
1451 3810 1581 3874 Ebo
1599 3827 1878 3886 rensem,
1938 3826 2262 3920 eorumque

367 3905 786 3988 Suffraganeos
828 3907 886 3972 in
930 3907 1238 3973 Lusitania
1280 3907 1610 3990 Episcopus
1651 3941 1681 3956 ··
1726 3905 1852 3984 Quo
1894 3907 2185 3990 graviora
2222 3941 2263 3954 -

367 4005 518 4071 die8
548 4007 705 4072 Iulii.
748 4007 870 4072 Eos
911 4009 1134 4074 excitat
1173 4020 1237 4075 et
1278 4009 1568 4082 hortatur.
1597 4016 1662 4072 ut
1702 4007 1910 4088 gravia
1940 4007 2263 4089 episcopa-

362 4107 438 4173 lis
477 4107 908 4174 sollicitudinis
951 4129 1196 4176 munera
1265 4107 1476 4176 sedulo
1545 4109 1861 4192 impleant.
1930 4107 2109 4174 Dolet
2156 4127 2263 4173 au·

361 4221 504 4288 tem,
548 4209 848 4278 neminem
891 4229 1098 4278 eorum
1139 4211 1502 4278 convenisse
1535 4211 1610 4276 ad
1643 4210 1970 4276 solemnem
2001 4209 2261 4292 plurium
2308 4201 2333 4230 ²
