3317 5267
2311 446 2448 521 381

346 562 677 639 cernendi
732 558 1047 655 ejusdem
1086 558 1441 633 Ecclesiae
1486 558 2210 657 circumscriptionem
2241 586 2458 660 quan·

344 683 741 778 ducumque
770 678 1083 775 ejusdem
1120 678 1423 753 Sanctae
1464 677 1666 751 Sedis
1709 676 1998 751 arbitrio
2035 678 2451 755 faciendam.

348 796 579 887 Quam
610 808 847 869 tamen
874 796 2230 893 longinquitate,disjunctione,loeorum
2247 801 2460 873 vasti-

346 926 493 989 tate
544 916 833 1011 aliisque
909 914 1304 1011 gravissimi
1385 916 1732 989 momenti
1787 913 2022 1001 rebuS,
2077 938 2208 991 nec
2289 918 2444 1015 ipse

346 1031 726 1130 Gregorius
775 1032 1279 1109 Praedeeessor
1306 1084 1327 1119 ,
1384 1056 1513 1107 nee
1592 1030 2022 1129 Nosmetipsi
2075 1058 2296 1131 usque
2367 1038 2454 1109 ad

342 1150 525 1225 banc
575 1151 763 1223 diem
814 1150 1179 1224 absolvere
1231 1149 1417 1223 haud
1472 1150 1862 1245 potuimus.
1921 1150 2120 1223 Nunc
2161 1174 2330 1226 vero
2365 1174 2453 1225 ex

346 1264 601 1341 Dileeti
656 1266 817 1339 Filii
867 1266 1118 1364 inclyti
1172 1264 1389 1339 Ducis
1446 1266 1856 1363 Raymundi
1909 1266 2198 1342 Castillo
2241 1246 2460 1341 Peru·-

344 1386 590 1459 vianae
646 1383 1097 1481 Reipublicae
1149 1382 1529 1469 praesidis,
1588 1386 1710 1481 qui
1749 1408 1906 1459 eam
1935 1388 2363 1483 peculiarem
2387 1388 2458 1459 in

341 1502 473 1577 hae
524 1526 805 1601 quoque
858 1526 935 1575 re
990 1502 1411 1577 industriam
1470 1502 2154 1602 sollicitudinemque
2223 1517 2466 1579 osten-

338 1620 471 1709 dit,
500 1645 639 1718 qua
686 1622 1181 1695 ardentissime
1216 1620 1461 1716 flagrat
1498 1623 1567 1693 in
1606 1621 1866 1696 tuenda
1903 1646 1986 1699 uc
2009 1613 2460 1719 provehenda

346 1740 727 1814 christiana
754 1739 1114 1834 religione,
1144 1737 1469 1834 precibus
1496 1738 1716 1812 Nobis
1749 1762 1880 1835 per
1911 1740 2248 1815 dilectum
2285 1762 2466 1836 quo·-

340 1880 481 1955 que
532 1856 757 1931 filium
836 1856 1179 1940 Aleisium
1260 1856 1583 1929 Mesones
1634 1858 2010 1955 utriusque
2055 1858 2240 1953 juris
2316 1856 2463 1931 Do·-

282 2010 293 2023 ·
338 1984 613 2049 ctorem
663 1972 953 2070 ejusque
1006 1951 1445 2045 Peruvianae
1502 1972 1962 2069 Reipublicae
2043 1978 2228 2071 apud
2281 1974 2464 2049 San-

340 2103 529 2165 etam
586 2092 767 2165 hane
818 2091 1075 2167 Sedem
1132 2092 1495 2188 egregium
1577 2094 2024 2188 negotiorum
2107 2106 2463 2190 gestorem

340 2212 599 2287 oblatis
654 2224 937 2308 tempus
990 2212 1361 2285 advenisse
1396 2210 1736 2287 duximus
1769 2264 1788 2298 ,
1865 2238 2006 2309 quo
2089 2227 2236 2287 tam
2293 2214 2462 2286 clari

340 2330 687 2407 Praesidio
738 2332 1033 2428 ejusque
1092 2330 1537 2427 Reipublicae
1567 2334 1929 2406 desideriis
1962 2332 2464 2407 satisfaciendo·

336 2451 657 2525 omnium
708 2448 989 2523 illorum
1044 2445 1619 2521 Christissdelium
1658 2461 1824 2523 vote
1860 2450 2352 2543 exaudiantur,
2387 2461 2460 2521 et

336 2588 520 2643 nova
608 2588 697 2641 ex
786 2566 1111 2661 superius
1202 2576 1639 2639 memoratae
1730 2561 2168 2663 Episcopalis
2257 2564 2459 2639 Sedis

332 2684 737 2761 Guzseanae
788 2684 1209 2757 limitatione
1273 2686 1557 2758 tandem
1598 2686 1974 2782 aliquando
2011 2685 2449 2782 Episcopalis

343 2803 695 2879 Cathedra
748 2802 1116 2879 Puniensis
1170 2804 1587 2899 appellanda
1639 2806 2137 2878 constituatur.

490 2920 769 2995 Mature
808 2920 1019 3015 igitur
1069 2918 1425 3004 omnibus,
1482 2940 1664 3013 quae
1721 2919 2346 2993 animadvertenda
2385 2940 2466 2988 e·-

330 3050 523 3124 rant,
592 3037 979 3135 perpensis,
1036 3056 1367 3133 suprema
1448 3035 1708 3109 Nostra
1761 3038 2184 3110 auctoritate
2239 3038 2457 3107 etiam

328 3157 709 3233 consensui
758 3156 1079 3231 omnium
1134 3154 1479 3228 interesse
1530 3153 1976 3239 habentium,
2011 3154 2126 3227 vel
2159 3178 2464 3253 quomo·-

330 3276 731 3371 doeumque
774 3272 1035 3346 habere
1070 3271 1705 3367 praesumentium,
1737 3282 2090 3367 quatenus
2125 3294 2304 3367 opus
2335 3274 2454 3357 sit,

330 3390 625 3465 omnino
680 3388 1135 3485 supplentes,
1185 3400 1263 3461 et
1317 3386 1627 3484 singulos
1683 3387 1938 3484 quibus
1977 3386 2113 3461 hae·
2160 3386 2456 3463 Nostrae

332 3504 645 3581 Litterae
706 3504 955 3601 favent
1005 3524 1043 3577 a
1122 3504 1486 3603 quibusvis
1576 3506 2362 3580 excommunicationis·
2393 3516 2468 3579 et

330 3626 688 3701 interdicti
748 3624 1051 3722 aliisque
1105 3622 1621 3699 Ecclesiastieis
1677 3620 2073 3710 sententiis,
2129 3625 2470 3709 censui-ie,

332 3759 407 3819 et
442 3745 687 3842 poenis
723 3742 1067 3841 siquibus
1104 3742 1650 3838 quomodolibet
1687 3742 1998 3815 innodati
2037 3741 2356 3813 existunt
2381 3740 2468 3813 ad

328 3860 659 3936 effectum
712 3858 1197 3957 praesentium
1258 3870 1540 3933 tantum
1596 3858 2183 3954 consequendum
2209 3856 2460 3929 harum

332 3982 515 4056 serie
542 3980 987 4056 absolventes
1014 3990 1089 4053 et
1114 3979 1474 4055 absolutos
1500 3978 1649 4055 fore
1678 3983 2288 4063 censentes3motu
2315 4001 2472 4071 pro-

330 4099 487 4195 prio
522 4110 597 4172 et
632 4121 721 4170 ex
772 4109 964 4173 certa
992 4097 1285 4170 scientia
1320 4098 1549 4193 deque
1604 4094 2040 4192 Apostolieae
2098 4080 2472 4190 potestatis

336 4214 453 4311 ple
477 4214 797 4289 nitudine
850 4216 1161 4311 quinque
1210 4212 1363 4285 illas
1416 4210 1844 4301 Provincias,
1885 4234 2058 4309 quas
2097 4213 2470 4285 vernaculo
