3317 5267
880 432 1024 504 636

1042 557 1387 606 vaunnam
1433 557 1625 607 num
1677 557 1966 606 antonno
2007 540 2462 615 Ancfitzrlscoro
2507 562 2851 614 monacnum

1682 655 1754 703 m·
1798 655 2186 710 rmsmetust.

1405 938 1654 1096 mus
1714 997 2026 1098 PAPA
2091 997 2241 1100 1x.

1614 1405 1999 1454 munnulus
2041 1405 2252 1453 ruma

1277 1677 1533 1726 summu
1574 1677 1642 1722 m·
1681 1673 2068 1722 moeremus!
2109 1676 2596 1727 nxunmcrnolssu.

890 2003 1146 2163 Tuas
1198 2084 1499 2162 libenter
1548 2087 1947 2183 accepimus
2000 2083 2304 2159 Litteras
2335 2137 2357 2174 ,
2411 2085 2524 2160 die
2581 2088 2626 2157 7
2681 2088 3022 2184 proxime

890 2207 1109 2304 elapsi
1158 2207 1424 2282 mensis
1475 2204 1800 2283 Octobris
1849 2207 2048 2282 datas
2078 2257 2101 2294 ,
2157 2216 2242 2278 ut
2289 2203 2433 2280 Nos
2485 2207 2828 2282 certiores
2917 2207 3024 2282 fa-

884 2347 1081 2398 ceres
1131 2326 1219 2401 de
1271 2324 1644 2400 Conventu
1696 2327 1767 2398 in
1823 2327 1959 2400 ista
2010 2319 2418 2399 Monacensi
2481 2325 2775 2399 civitate
2845 2348 3020 2423 pro-

886 2443 1083 2516 ximo
1134 2465 1379 2518 mense
1430 2443 1816 2540 septembri
1869 2467 1910 2516 a
1945 2441 2300 2519 nonnullis
2335 2437 2756 2525 Germaniae
2785 2439 3018 2520 Theo-

884 2558 1089 2656 logis,
1127 2559 1494 2656 doctisque
1548 2559 1914 2634 catholicis
1969 2559 2140 2632 viris
2193 2556 2438 2634 habito
2489 2559 2578 2633 de
2631 2561 2845 2636 variis
2894 2583 3018 2636 ar—

882 2678 1269 2774 gumentis,
1330 2701 1511 2774 quae
1564 2679 1653 2752 ad
1709 2677 2148 2774 theologicas
2199 2678 2622 2774 praesertim
2697 2701 2784 2756 ac
2859 2681 3021 2779 phi-

876 2793 1272 2890 losophicas
1322 2793 1706 2868 tradendas
1761 2794 2164 2890 disciplinas
2215 2793 2600 2890 pertinent.
2641 2793 2756 2870 Ex
2793 2793 3020 2874 Litte-

878 2913 976 2987 ris
1032 2911 1191 2986 Tibi
1240 2912 1501 2988 Nostro
1580 2915 1780 2990 iussu
1857 2913 2142 3010 scriptis
2195 2935 2238 2986 a
2295 2910 2691 2988 Venerabili
2771 2911 3020 2991 Fratre

884 3031 1247 3108 Matthaeo
1301 3031 1844 3130 Archiepiscopo
1908 3031 2480 3107 Neocaesariensi
2569 3031 2828 3108 Nostro
2869 3087 2894 3122 ,
2945 3047 3022 3110 et

884 3149 1329 3246 Apostolicae
1384 3149 1596 3225 huius
1650 3150 1852 3226 Sedis
1905 3151 2092 3246 apud
2146 3149 2358 3222 istam
2411 3149 2706 3246 Regiam
2765 3149 3018 3226 Aulam

881 3261 1149 3342 Nuntio
1201 3266 1313 3340 vel
1368 3265 1573 3341 facile
1626 3289 1918 3342 noscere
1969 3265 2290 3364 potuisti,
2345 3263 2780 3342 Venerabilis
2831 3266 3022 3342 Fra-

796 3468 803 3474 ‚
888 3395 1024 3473 ter,
1081 3383 1337 3481 quibus
1392 3384 1535 3460 Nos
1588 3384 1916 3459 sensibus
1969 3381 2200 3456 affecti
2257 3379 2626 3472 fuerimus,
2681 3383 2804 3458 ubi
2883 3385 3022 3484 pri-

882 3521 1082 3575 mum
1108 3501 1196 3575 de
1248 3501 1383 3576 hoc
1411 3503 1776 3600 proposito
1815 3499 2188 3576 Conventu
2219 3500 2552 3573 nuntium
2587 3503 3018 3600 accepimuS,

882 3627 958 3690 et
984 3627 1363 3713 postquam
1396 3619 1816 3714 agnovimus
1843 3617 2199 3716 quomedo
2225 3620 2764 3693 commemorati
2793 3619 3022 3698 Theo-

882 3736 1027 3834 logi
1065 3786 1086 3823 ,
1145 3747 1219 3810 et
1278 3736 1410 3809 viri
1466 3736 1555 3810 ad
1624 3732 2031 3810 huiusmodi
2087 3731 2536 3810 Conventum
2589 3735 2874 3811 invitati
2948 3749 3024 3812 et

882 3853 1291 3950 congregati
1345 3851 1566 3928 fuere.
1624 3853 1814 3927 Nihil
1848 3865 2046 3928 certe
2099 3849 2422 3927 dubitare
2485 3849 2902 3928 volebamus
2934 3852 3020 3928 de

881 3971 1211 4048 laudabili
1264 3970 1429 4058 fine,
1487 3993 1629 4068 quo
1688 3969 1902 4046 huius
1941 3968 2355 4052 Conventus
2399 3979 2748 4057 auctoreS,
2786 3969 3020 4046 fauto-

886 4113 1141 4187 resque
1221 4090 1523 4187 permoti
1603 4088 1802 4166 fuere
1832 4140 1853 4178 ,
1913 4104 1991 4165 ut
2040 4085 2309 4162 scilicet
2371 4107 2618 4162 omnes
2695 4087 3020 4163 catholici

885 4209 1016 4284 viri
1063 4209 1384 4284 doctrina
1434 4222 1902 4306 praestanteS,
1955 4207 2224 4284 collatis
2277 4205 2584 4280 consiliis
2614 4257 2637 4294 ,
2717 4208 3017 4282 coniun-
