3317 5267
914 460 1059 533 108

1066 579 1132 647 1.
1192 571 1541 647 Beneficia
1592 566 1857 653 omnia,
1911 564 2228 659 exceptis
2280 563 2365 638 iis
2398 615 2420 649 ‚
2472 586 2656 661 quae
2710 564 2846 637 iuri
2897 586 3030 659 pa-
3169 596 3174 599 ·

906 703 1231 769 tronatus
1280 690 1595 785 legitime
1649 684 2002 781 adquisito
2053 682 2447 770 subiacent,
2505 680 2888 769 consen-03

1059 816 1132 883 2.
1193 807 1547 882 vicarium
1602 824 1812 878 suum
1867 801 2266 897 generalem
2329 809 2544 896 atque
2621 800 3028 874 extraordi—

905 930 1137 1005 narios
1212 925 1702 1002 Ordinariatus
1762 917 2212 995 consiliarios
2261 930 2338 993 et
2416 918 2840 993 Adsessores
2891 918 3026 993 eli-

900 1068 1067 1143 gere
1142 1055 1219 1119 et
1266 1044 1686 1126 nominare,
1749 1062 1882 1113 nec
1933 1060 2078 1112 non
2129 1036 2448 1113 Deeanos
2509 1034 2776 1109 rurales
2845 1059 3028 1112 eon-

900 1163 1223 1250 firmare3

1061 1280 1133 1351 3.
1188 1276 1540 1351 Examina
1592 1284 1751 1347 tum
1803 1294 1938 1368 pro
1971 1272 2458 1367 recipiendis
2437 1294 2512 1343 m
2547 1270 3032 1347 Seminarium

906 1396 1227 1471 Alumnis
1255 1448 1278 1484 ,
1332 1408 1492 1469 tum
1543 1416 1676 1489 pro
1729 1391 1816 1465 iis
1847 1442 1868 1478 ‚
1923 1388 2184 1488 quibus
2233 1388 2572 1465 beneficia
2623 1390 3026 1465 animarum

896 1537 1107 1589 curae
1160 1513 1467 1589 obnoxia
1518 1509 1940 1586 eonferenda
1991 1520 2187 1596 sunt,
2245 1506 2642 1605 praescribe
2651 1532 2728 1587 re
2754 1561 2779 1597 ,
2835 1509 3028 1585 indi-

900 1656 1065 1707 cere
1115 1643 1191 1705 et
1242 1630 1603 1726 dirigere3

1060 1755 1133 1820 4.
1189 1747 1479 1822 Glorieis
1532 1766 1774 1820 saeros
1851 1742 2150 1819 Ordines
2199 1744 2522 1821 conferre
2565 1768 2710 1821 non
2789 1745 3028 1821 solum

898 1866 985 1939 ad
1039 1864 1285 1940 titulos
1336 1886 1378 1936 a
1430 1862 1647 1935 sacris
1701 1858 2104 1937 Canonibus
2141 1862 2590 1959 adprobatus,
2627 1863 2758 1937 sed
2790 1864 3018 1939 etiam

896 1982 987 2055 ad
1040 1980 1329 2055 titulum
1382 1998 1738 2063 monsa03

1057 2104 1097 2173 5
1110 2154 1129 2170 .
1185 2097 1298 2171 Ex
1348 2097 1727 2173 Sacrorum
1762 2092 2136 2169 Canonum
2187 2096 2623 2194 praescripto
2657 2118 2742 2173 ea
2777 2097 3030 2173 omnia

894 2214 1219 2289 ordinare
1270 2225 1347 2287 et
1394 2222 1736 2297 statuere,
1791 2229 1969 2307 quae
2021 2212 2110 2285 ad
2171 2211 2494 2288 divinum
2541 2212 2818 2289 cultum
2853 2264 2876 2301 ,
2933 2212 3028 2287 ad

894 2332 1402 2406 ecclesiasticas
1480 2329 1882 2405 functiones
1919 2380 1942 2416 ,
2021 2352 2402 2427 sacrasque
2479 2331 2966 2405 caeremonias
2999 2380 3025 2417 ‚

900 2472 1221 2547 quaeque
1275 2448 1361 2521 ad
1412 2470 1496 2521 ea
1547 2448 1910 2543 pertinent
1985 2446 2348 2543 religionis
2409 2448 2750 2523 exercitia
2776 2500 2805 2535 ‚.
2855 2448 3030 2545 qui-

896 2567 1032 2642 hus
1082 2565 1393 2641 fidelium
1445 2566 1674 2662 pietas
1727 2565 1954 2659 magis
2005 2575 2082 2638 et
2115 2566 2342 2663 magis
2377 2566 2704 2643 foveatur
2735 2578 2814 2640 et
2845 2588 3028 2641 con-

894 2684 1267 2758 firmetur·
1246 2734 1271 2771 ‚

1058 2800 1262 2873 6.1n
1316 2800 1600 2897 propria
1653 2796 1980 2874 Dioecesi
2059 2795 2356 2872 Ordines
2409 2822 2538 2872 seu
2617 2796 3030 2895 Congrega-

900 2920 1129 2993 tiones
1178 2918 1547 3013 religiosas
1590 2917 1962 3011 utriusque
2015 2936 2230 2991 sexus
2265 2940 2308 2989 a
2359 2916 2620 2990 Sancta
2653 2915 2836 2991 Sede
2891 2917 3024 2992 ad·-

896 3034 1231 3133 probatas
1256 3036 1716 3121 constituere,
1747 3031 2022 3107 collatis
2073 3042 2314 3108 tamen
2369 3034 2441 3109 in
2477 3032 2796 3131 quolibet
2847 3056 3024 3109 casu

892 3178 1059 3229 cum
1113 3151 1468 3229 Gubernio
1521 3152 1888 3237 consiliis3
2870 3135 2881 3147 ’

1051 3275 1120 3343 7.
1180 3268 1585 3345 Convocare
1636 3279 1713 3344 et
1763 3264 2118 3341 celebrare
2175 3267 2544 3365 Synodum
2601 3279 2758 3342 tum
2817 3269 3022 3344 dioe-

892 3410 1225 3463 cesanam
1280 3398 1436 3463 tum
1498 3383 2032 3483 provincialem.

1797 3615 1970 3689 Αιιτ.
2026 3612 2114 3689 V.

1042 3854 1307 3931 Causas
1357 3876 1611 3930 omnes
1658 3852 2199 3940 ecclesiasticas,
2255 3872 2436 3950 quae
2486 3851 2726 3941 fidem,
2781 3874 3026 3927 saera-

888 3984 1131 4049 menta
1161 4026 1182 4060 ‚
1248 3994 1485 4046 sacras
1538 3970 1940 4047 functiones
1973 4020 1994 4056 ‚
2059 3990 2194 4050 nec
2245 3993 2389 4045 non
2443 3970 2670 4045 officia
2721 3980 2797 4043 et
2860 3970 3020 4045 iura

886 4114 1087 4167 sacro
1136 4090 1533 4167 ministerio
1568 4092 1846 4167 adnexa
1879 4090 2292 4187 respiciunt,
2329 4089 2860 4188 Archiepiscopi
2895 4090 3020 4165 tri-

885 4208 1099 4284 bunal
1154 4210 1244 4283 ad
1296 4206 1667 4285 Canonum
1721 4231 2048 4285 normam
2081 4260 2104 4297 ,
2179 4221 2260 4283 et
2319 4208 2520 4283 iuxta
2603 4208 3024 4284 Tridentina
