3317 5267
857 423 1004 499 334

854 542 1144 637 eiusque
1173 539 1425 623 vicarii
1453 542 1815 621 Generalis
1838 543 2301 635 habitatione,
2330 570 2461 626 nec
2494 567 2639 625 non
2675 572 2807 646 pro
2830 546 2979 625 Cu-

859 660 958 731 ria
983 682 1110 733 seu
1139 658 1565 737 Cancellaria
1589 664 2084 741 Ecclesiastica
2110 666 2342 741 solent
2376 679 2731 764 oportere,
2764 688 2975 743 com-

855 777 1274 852 mendantes
1326 793 1410 855 ut
1467 782 2061 879 archiepiscopale
2127 784 2545 879 praesertim
2614 784 2965 880 palatium

857 916 999 990 quo
1049 893 1200 969 fieri
1253 900 1516 993 poterit
1561 900 2145 997 Metropolitanae
2193 902 2329 997 ipsi
2382 902 2789 998 proximum
2836 902 2965 989 sit,

857 1034 940 1085 ac
965 1024 1362 1090 statuentes
1399 1019 1588 1114 quod
1615 1022 1677 1093 si
1712 1018 1947 1093 forsan
1974 1018 2071 1093 ibi
2108 1020 2343 1093 desint
2378 1019 2605 1095 adhuc
2638 1021 2849 1095 aedes
2866 1020 2963 1093 ‘in

859 1128 1214 1225 praefatos
1269 1156 1437 1209 usus
1489 1135 2006 1223 attribuendus,
2070 1137 2504 1233 intereaque,
2564 1137 2791 1213 donec
2850 1129 2974 1211 vel

859 1260 1189 1323 emantur
1225 1252 1334 1327 vel
1387 1254 1866 1343 aedificentur,
1906 1279 2027 1330 eas
2060 1255 2291 1351 pretio
2326 1256 2719 1331 conducere
2752 1278 2971 1352 opor-

857 1374 1032 1452 teat,
1065 1365 1296 1441 hocin
1326 1392 1496 1444 casu
1521 1373 1833 1467 pretium
1860 1371 2237 1468 ejusmodi,
2265 1384 2347 1445 ut
2380 1374 2481 1445 rei
2516 1374 2699 1449 ratio
2723 1384 2971 1469 postu-

855 1478 980 1569 lat,
1009 1481 1100 1555 ab
1126 1485 1376 1559 eodem
1405 1484 1761 1563 Gubernio
1790 1488 2243 1583 rependatur,
2278 1488 2451 1584 quin
2482 1485 2977 1586 Aoehiepisco‘-

855 1603 1034 1699 palis
1069 1627 1315 1679 mensa
1367 1607 1717 1683 ullatenus
1768 1610 1855 1683 ad
1904 1609 2077 1683 illud
2116 1620 2467 1683 teneatur.

1016 1718 1373 1811 Ceterum,
1413 1748 1576 1800 cum
1614 1738 1901 1823 praesto
1954 1726 2247 1803 minime
2284 1727 2429 1801 sint
2462 1726 2752 1803 stabiles
2802 1726 2975 1803 fun-

859 1840 931 1913 di
984 1863 1076 1915 ex
1127 1860 1432 1937 quorum
1465 1844 1875 1919 redditibus
1916 1844 2503 1942 Metropolitanus
2554 1845 2640 1919 de
2674 1870 2711 1916 α
2748 1842 2973 1921 Portu

859 1958 1174 2057 principe
1209 1986 1242 2029 ι)
1305 1962 1622 2039 Antistes
1676 1964 1910 2039 valeat
1960 1976 2035 2037 et
2072 1962 2329 2047 debeat
2362 1987 2505 2060 quo
2538 1986 2675 2061 par
2695 1974 2809 2037 est
2840 1964 2973 2039 de-

857 2102 1020 2153 core
1099 2092 1174 2155 et
1240 2083 1725 2159 munificentia
1790 2082 2481 2179 Archiepiscopalem
2549 2084 2973 2181 dignitatem

861 2197 1042 2269 tueri
1097 2198 1454 2297 probeque
1505 2200 1911 2275 satisfacere
1964 2200 2341 2296 impendiis
2394 2223 2523 2296 pro
2558 2223 2728 2275 suae
2756 2197 2969 2275 Dice-

866 2317 1046 2390 cesis
1076 2318 1687 2394 administratione
1724 2318 2093 2405 obeundis,
2124 2328 2409 2416 praeter
2442 2340 2555 2405 ea,
2598 2331 2783 2416 quse
2818 2331 2970 2393 tum

865 2452 996 2527 pro
1052 2431 1304 2506 Vicarii
1361 2431 1719 2509 Generalis
1756 2434 2133 2510 honorario
2168 2445 2325 2508 tum
2359 2456 2491 2530 pre
2514 2434 2976 2509 administro-

864 2570 1024 2622 rum
1075 2550 1260 2625 illius
1313 2550 1847 2627 Ecclesiasticae
1900 2549 2157 2625 Curiae
2208 2563 2285 2625 et
2320 2548 2791 2627 cancellariae
2838 2553 2975 2625 sti-

859 2667 1132 2763 pendiis
1185 2671 1689 2745 convenienter
1742 2694 1785 2743 a
1850 2668 2209 2745 Gubernio
2275 2668 2593 2767 praefato
2654 2670 2970 2743 adeunda

863 2797 1054 2859 sunt.
1087 2784 1266 2861 Hinc
1292 2786 1462 2875 Nos,
1493 2788 1732 2862 habita
1771 2788 2231 2885 peculiarium
2268 2786 2967 2863 circumstantiarum

859 2902 1162 3001 benigna
1189 2908 1483 2993 ratione,
1513 2909 1701 2982 dicta
1736 2908 2135 3005 Apostolica
2186 2906 2607 2982 auctoritate
2643 2905 2973 3002 indulge-

860 3046 1054 3111 muS‚
1094 3035 1177 3129 ιη
1211 3046 1340 3120 pro
1391 3050 1699 3124 congrua
1748 3028 1961 3123 hujus
2014 3024 2537 3120 Metropolitani
2592 3022 2973 3121 Archiepi-

861 3152 1194 3237 scopatus
1251 3165 1496 3219 mensa
1549 3168 1785 3219 annua
1860 3144 2333 3218 constituatur
2384 3164 2667 3217 summa
2718 3100 2985 3239 viginti

861 3256 1160 3333 millium
1197 3258 1602 3337 francorum
1629 3270 1959 3336 monetae
1986 3260 2263 3333 illarum
2292 3260 2632 3356 partium,
2668 3282 2855 3358 quae
2876 3282 2970 3333 ex

865 3376 1146 3473 publico
1201 3375 1484 3453 Haitani
1539 3376 1877 3453 Gubernii
1925 3376 2219 3465 aerario,
2258 3377 2467 3450 sicuti
2502 3376 2593 3450 ab
2628 3400 2713 3451 eo
2748 3398 2973 3473 spon-

861 3518 1022 3573 sum
1077 3507 1216 3584 est,
1271 3498 1343 3569 in
1395 3494 1570 3571 duas
1621 3518 1883 3591 aequas
1936 3494 2347 3581 solutiones,
2386 3494 2611 3569 altera
2646 3494 2972 3569 videlicet

861 3616 974 3689 die
1027 3616 1250 3713 prima
1305 3613 1574 3689 mensis
1626 3613 1955 3699 Ianuarii,
2008 3610 2233 3688 altera
2284 3622 2525 3685 autem
2578 3611 2695 3684 die
2740 3610 2971 3707 prima

863 3736 1128 3809 mensis
1164 3732 1316 3807 lulii
1369 3754 1792 3828 unoquoque
1843 3729 2150 3806 obeunte
2202 3750 2389 3803 anuo
2432 3729 2805 3825 diligenter
2856 3750 2973 3801 re·-

860 3852 1233 3947 pendatur,
1271 3849 1494 3925 donec
1531 3860 1640 3923 tot
1676 3845 1953 3921 stabilia
1986 3846 2173 3921 bona
2198 3868 2345 3919 non
2376 3847 2729 3923 minorem
2756 3844 2975 3919 nulli-

859 3994 1000 4067 que
1035 3968 1434 4045 deductioni
1471 3968 1857 4045 obnoxium
1884 3964 2241 4041 redditum
2266 3966 2647 4062 quotannis
2676 3964 2973 4037 allatura

860 4088 1088 4161 eidem
1143 4110 1432 4163 mensae
1484 4084 1747 4159 fuerint
1798 4082 2005 4179 pleno
2057 4093 2132 4156 et
2180 4081 2403 4157 libere
2440 4102 2607 4157 cum
2658 4078 2975 4157 dominio

865 4204 1192 4279 suffecta.
