3317 5267
2272 476 2281 488 ·
2334 442 2483 515 359

353 559 574 633 etiam
625 556 906 631 noviter
957 557 1028 629 in
1081 557 1382 632 dioecesi
1436 556 1827 631 fundendas
1865 568 2219 655 erogetur,
2260 574 2475 655 prout

349 674 732 770 expediens
803 674 1176 770 aptiusque
1245 674 1316 745 in
1391 670 1695 747 Domino
1766 674 1999 749 visum
2092 688 2469 772 ratumque

347 792 586 867 fuerit.

502 908 876 983 Praeterea
927 932 1382 1007 summopere
1441 910 2023 985 commendantes
2074 910 2243 985 dieti
2292 909 2479 983 Hai-

349 1026 497 1098 tani
562 1023 898 1098 Gubernii
971 1028 1288 1101 studium
1363 1028 1907 1122 impensamque
1968 1049 2236 1113 curam,
2290 1026 2477 1101 unde

349 1166 538 1216 nunc
590 1143 764 1216 satis
817 1142 1059 1215 datum
1115 1156 1251 1230 est,
1285 1155 1368 1216 ut
1407 1144 1723 1239 singulae
1762 1143 2163 1217 dotationes
2198 1142 2479 1239 praedi-

345 1273 508 1335 ctae
570 1284 612 1333 a
675 1260 958 1357 public‘o
1034 1263 1192 1359 ejus
1248 1263 1514 1336 aerario
1570 1272 1729 1335 tuto
1784 1262 2201 1365 solvantur,
2256 1260 2479 1335 donec

347 1378 654 1453 totidem
711 1380 889 1452 certi
944 1382 1372 1475 penitusque
1412 1380 1572 1475 puri
1603 1378 1919 1453 redditus
1974 1380 2045 1451 in
2096 1377 2301 1453 bouis
2338 1387 2489 1450 sta·-

343 1494 602 1570 bilibus
691 1495 782 1568 ab
871 1498 1120 1571 eodem
1197 1494 1554 1571 Gubernio
1625 1496 2035 1592 singillatim
2134 1494 2489 1591 adsignati

347 1614 696 1711 plenoque
760 1636 926 1688 cum
967 1613 1284 1689 dominio
1321 1626 1667 1709 perpetuo
1702 1612 1965 1687 fuerint
1998 1613 2347 1698 attributi,
2405 1634 2487 1685 ae

347 1730 638 1825 ipsimet
701 1728 1062 1805 Gubernio
1099 1729 1636 1804 benevolentiae
1662 1730 1963 1804 Nostrae
1999 1754 2249 1805 sensus
2284 1729 2375 1803 ob
2413 1728 2481 1801 id

349 1847 724 1921 ostendere
773 1848 1119 1934 volenteS,
1163 1844 1436 1921 Dilecto
1475 1846 1650 1921 Filio
1688 1847 1943 1919 illustri
1979 1858 2055 1920 et
2088 1843 2481 1920 honorabili

349 1959 520 2036 Viro
557 1964 896 2037 hodierno
933 1986 1064 2037 nec
1113 1986 1254 2037 non
1312 1988 1442 2059 pro
1498 1972 1817 2059 tempore
1872 1963 2209 2037 existenti
2258 1961 2479 2057 ipsius

349 2074 632 2151 Haitani
688 2076 1026 2153 Gubernii
1061 2078 1399 2167 praesidi,
1459 2090 1542 2153 ut
1603 2082 1669 2153 is
1706 2092 1853 2153 tam
1888 2080 2025 2153 hac
2060 2080 2291 2175 prima
2327 2079 2481 2151 vice

350 2218 568 2292 quam
597 2198 664 2271 in
697 2199 1002 2294 posteris
1029 2198 1432 2296 quibusque
1483 2198 1719 2273 dictae
1754 2196 2195 2293 Episcopalis
2229 2194 2481 2269 Eccle-

357 2316 504 2389 siae
559 2315 816 2391 Portus
868 2315 1072 2393 Pacis
1130 2318 1614 2392 vacationibus
1649 2318 1835 2389 intra
1872 2329 2155 2412 tempus
2193 2338 2321 2412 per
2358 2338 2478 2389 sa·-

353 2456 510 2507 cros
565 2458 872 2511 canones
920 2436 1370 2532 praefinitum
1408 2436 1735 2511 idoneam
1772 2436 2199 2531 dignamque
2234 2456 2480 2531 perso-

354 2574 522 2625 nam
561 2552 957 2649 Episcopali
1017 2554 1110 2627 illi
1151 2552 1546 2629 Cathedrae
1583 2575 1711 2649 per
1738 2551 1881 2627 Nos
1916 2576 2043 2627 seu
2072 2551 2479 2627 Romanum

350 2663 766 2743 Pontificem
817 2669 1360 2764 praeficiendam
1411 2671 1598 2765 apud
1646 2668 1829 2743 hanc
1875 2668 1951 2741 S.
1998 2666 2471 2765 Apostolicam

345 2785 600 2861 Sedem
655 2790 1018 2865 nominare
1057 2812 1184 2863 seu
1222 2800 1673 2886 praesentare
1708 2789 1971 2873 valeat,
2009 2786 2309 2861 servatis
2362 2796 2477 2857 ta·-

347 2922 512 2975 men
549 2926 730 3000 quae
767 2906 1178 3001 ceteroquin
1213 2906 1302 2978 de
1349 2904 1508 3001 jure
1546 2926 1884 2999 moreque
1927 2904 2271 2977 servanda
2308 2911 2479 2973 sunt

352 3020 750 3115 Apostolica
846 3022 1264 3095 auctoritate
1335 3017 1652 3117 praefata
1726 3028 2068 3114 perpetuo
2144 3016 2472 3091 similiter

347 3136 818 3233 indulgemus,

552 3252 968 3331 Praesentes
1003 3277 1284 3351 quoque
1336 3252 1642 3327 Litteras
1677 3254 1765 3327 de
1802 3251 2303 3347 subreptionis,
2362 3251 2471 3325 vel

351 3370 811 3467 obreptionis,
865 3385 990 3447 aut
1041 3372 1412 3458 militatis,
1451 3371 1727 3466 alioque
1764 3392 2213 3467 quocumque
2270 3368 2471 3454 vitio,

345 3488 460 3561 vel
533 3491 945 3565 intentionis
1004 3490 1304 3565 Nostrae
1343 3542 1364 3575 ‚
1431 3501 1558 3563 aut
1619 3490 1935 3588 quolibet
1996 3490 2133 3563 alio
2196 3487 2479 3563 defectu

347 3608 806 3702 quantumvis
839 3606 1138 3701 juridico
1179 3618 1256 3681 et
1289 3605 1762 3694 substantiali,
1794 3608 2010 3681 etiam
2039 3630 2130 3680 ez
2172 3602 2475 3700 eoquod

347 3724 780 3820 quicumque
835 3724 908 3795 in
961 3724 1370 3819 praemissis
1425 3724 1755 3798 omnibus
1806 3736 1885 3797 et
1936 3722 2229 3819 singulis
2292 3744 2475 3817 quo-

348 3840 734 3915 modolibet
773 3841 1116 3915 interesse
1152 3842 1524 3929 habenteS,
1569 3842 1680 3913 vel
1716 3842 1977 3915 habere
2012 3849 2351 3938 putantes
2390 3861 2471 3912 ac

344 3958 890 4054 praetendentes
927 3958 1434 4056 cujuscumque
1465 3959 1857 4055 qualitati3‚
1890 3970 2145 4045 status,
2185 3957 2467 4053 graduS‚

347 4076 770 4151 conditionis
823 4089 898 4149 et
948 4073 1310 4173 dignitatis
1365 4078 1679 4151 existant
1728 4076 1817 4149 ad
1852 4076 1923 4149 id
1963 4074 2217 4160 vocati,
2260 4074 2457 4147 citati

345 4206 422 4272 et
483 4192 704 4267 auditi
767 4217 908 4269 non
971 4192 1261 4281 fuerint,
1323 4216 1404 4267 ac
1466 4193 1715 4267 iisdem
1778 4192 2267 4291 praesentibus
2324 4214 2465 4267 non
