3317 5267
895 400 1045 473 362
1479 506 1733 597 PIVS
1797 504 2405 599 EPISCOPVS

1586 904 1812 950 SERVVS
1851 903 2159 951 SERVOBVE
2199 904 2298 949 DE!

1482 1206 1556 1249 An
1600 1208 1931 1254 rssnrmvau
1974 1206 2064 1251 nssl
2106 1204 2408 1251 ssuonmu

884 1480 1463 1643 Gravissimum
1520 1564 2006 1639 sollicitudinis
2058 1576 2132 1638 et
2184 1565 2693 1661 procurationis
2755 1564 3008 1643 Eccle-

882 1686 1147 1758 siarum
1196 1684 1515 1757 omnium
1594 1684 2064 1757 ministerium
2119 1706 2160 1755 a
2215 1706 2548 1778 supremo
2602 1686 3002 1760 animarum

882 1800 1171 1877 Pastore
1226 1802 1609 1875 humilitati
1634 1802 1930 1875 Nostrae
1974 1802 2430 1875 commissum
2485 1803 2692 1875 enixe
2746 1816 3000 1899 postu-

882 1921 1009 2006 lat,
1066 1932 1147 1993 ut
1198 1942 1338 1993 non
1393 1920 1605 1992 modo
1656 1918 1832 1991 nihil
1891 1920 2310 1995 omittamus
2371 1919 2456 1990 ad
2521 1902 3004 1993 Christianam

810 2110 815 2115 .
886 2038 1323 2134 Religionem
1362 2038 1915 2133 provehendam,
1958 2050 2169 2132 atque
2213 2038 2632 2133 augendam,
2689 2038 2814 2111 sed
2867 2038 3005 2113 hu-

871 2156 1181 2252 jusmodi
1220 2158 1317 2228 rei
1356 2157 1783 2241 occasioneS‚
1827 2156 2104 2249 quoties
2139 2166 2534 2249 opportune
2561 2176 2638 2227 se
2667 2154 2990 2241 offerant,

883 2272 1156 2347 lubenti
1210 2274 1447 2345 animo
1502 2274 2041 2367 amplectamur,
2099 2284 2172 2343 et
2220 2293 2666 2367 quaeramus.
2739 2272 3000 2347 Idcirco

880 2388 1023 2463 Nos
1076 2388 1166 2461 ab
1220 2390 1375 2484 ipso
1428 2388 1890 2461 pontificatus
1967 2386 2206 2461 Nostri
2273 2389 2473 2461 initio
2525 2387 2783 2485 ubique
2838 2400 3002 2463 ter—-

880 2530 1121 2581 rarum
1174 2506 1629 2602 Episcopales
1685 2508 1928 2593 Sedes,
1961 2506 2063 2580 uti
2102 2508 2486 2603 potuimuS,
2543 2507 3002 2589 constituen—

876 2625 1002 2697 das
1054 2624 1459 2697 curavimus
1488 2675 1509 2710 ‚
1566 2626 1739 2699 satis
1793 2636 2236 2722 compertum
2277 2624 2618 2699 habentes
2655 2676 2674 2711 ‚
2731 2625 3000 2699 nullam

876 2764 1029 2814 rem
1068 2764 1279 2836 posse
1315 2744 1541 2837 magis
1588 2741 1906 2815 conferre
1957 2744 2046 2820 ad
2097 2742 2321 2817 civilis
2367 2742 2599 2815 -etiam
2643 2744 3000 2817 societatis

878 2859 1169 2932 vulnera
1220 2859 1553 2945 curanda,
1617 2882 1836 2955 quarn
1891 2862 1952 2933 si
2003 2870 2408 2933 statuantur
2471 2858 2826 2957 Episcopi,
2883 2862 3006 2958 qui

876 2973 951 3047 in
990 2974 1317 3049 omnibus
1354 2974 1785 3063 laboranteS,
1815 2988 1890 3049 et
1918 2977 2390 3049 ministerium
2431 3000 2637 3048 suum
2693 2978 3000 3075 implen-

877 3104 985 3167 tes
1040 3113 1287 3163 sanam
1341 3092 1948 3189 orthodoxamque
1973 3094 2274 3165 doceant
2323 3092 2750 3179 doctrinam,
2777 3092 2999 3167 bonos

876 3220 1208 3283 tueantur
1287 3231 1682 3306 pravosque
1769 3210 2120 3307 corrigant
2172 3232 2406 3283 mores
2447 3261 2468 3297 ,
2523 3232 2606 3283 ac
2659 3212 2994 3307 populum

874 3328 1009 3401 sibi
1068 3329 1415 3403 creditum
1468 3328 1555 3400 ad
1610 3352 1886 3424 pacem,
1951 3330 2319 3424 pietatem,
2379 3328 2994 3427 obedientiamque

878 3448 1211 3544 legitimis
1265 3448 1742 3541 potestatibus
1797 3448 2264 3521 inflamment.

1028 3565 1409 3661 Praecipua
1464 3568 1678 3661 igitur
1712 3566 2049 3660 pontificii
2088 3568 2316 3641 cordis
2353 3566 2589 3642 Nostri
2631 3568 2994 3665 voluptate

874 3685 1275 3779 accepimus
1306 3735 1327 3769 ‚
1412 3694 1491 3756 ut
1543 3708 1684 3781 quo
1738 3686 1963 3780 magis
2029 3685 2602 3761 Cliristifidelium
2666 3688 2867 3785 copia
2921 3688 2992 3759 in

871 3803 1226 3876 Indiarum
1282 3803 1820 3876 occidentalium
1861 3804 2139 3878 Ditione
2180 3806 2389 3898 vulgo
2443 3804 2660 3893 Haiti,
2695 3808 2994 3902 juvante

872 3922 1201 4006 Domino,
1245 3919 1722 4005 increbrescit,
1763 3943 1847 3994 eo
1886 3923 2272 4017 impensius
2311 3934 2384 3997 et
2419 3922 2805 3997 catholicae
2845 3920 2994 3995 Re-

872 4042 1148 4137 ligionis
1176 4040 1515 4124 studium,
1548 4050 1622 4111 et
1646 4062 1884 4111 rerum
1939 4042 2155 4113 etiam
2209 4042 2839 4115 ecclesiasticarum
2867 4064 2995 4137 per

872 4180 955 4229 ea
1008 4158 1159 4231 loca
1211 4156 1850 4251 promovendorum
1903 4157 2324 4232 desiderium
2383 4158 2812 4232 invalescere
2880 4158 2994 4223 vi·-
