3317 5267
2269 458 2404 535 145

280 578 785 659 conservandis
838 576 1549 677 administrandisque
1602 576 2094 655 ecclesiasticis
2143 577 2350 653 bonis
2373 627 2398 667 ,

286 701 547 775 iisdem
582 720 832 779 ‚rerum
888 698 1235 772 adiunctis
1286 696 1854 793 perdurantibus,
1910 707 2120 771 erunt
2170 696 2408 771 obser·

284 820 546 906 vanda,
602 812 783 916 quae
834 820 909 891 in
960 816 1421 914 sequentibus
1474 816 1786 891 articulis
1837 826 2272 891 statuuntur.

1150 1048 1323 1123 Αιιτ.
1383 1043 1569 1123 Xlll.

444 1282 699 1360 Omnia
750 1284 1087 1382 cuiusque
1138 1285 1653 1360 ecclesiasticae
1706 1284 2138 1359 fimdationis
2219 1280 2408 1359 bona

288 1428 423 1479 nec
474 1406 685 1481 vendi
736 1417 813 1479 et
860 1406 1273 1503 permutari,
1330 1428 1463 1479 nec
1514 1406 1587 1477 in
1640 1403 2168 1501 emphyteusim
2223 1404 2408 1478 tradi

290 1534 367 1596 et
412 1522 854 1620 hypothecae
931 1522 1225 1618 aliisque
1294 1520 1621 1597 oneribus
1703 1519 2002 1607 subiici,
2084 1542 2216 1593 nec
2267 1518 2407 1593 ulla

290 1640 769 1714 transactione
822 1639 1159 1727 alienari,
1214 1662 1347 1713 nec
1395 1632 1583 1711 ultra
1652 1638 2088 1713 novennium
2137 1636 2352 1711 locari
2381 1687 2404 1723 ,

290 1778 521 1854 neque
574 1778 823 1832 eorum
874 1758 1143 1831 reditus
1192 1756 1266 1828 in
1342 1755 1516 1831 alios
1568 1778 1611 1827 a
1662 1753 2158 1829 fundationum
2232 1754 2411 1850 legi-

289 1872 425 1947 bus
477 1874 742 1950 alienos
793 1898 965 1949 usus
1015 1874 1333 1949 converti
1386 1870 1529 1947 ullo
1580 1874 1792 1949 modo
1845 1894 2161 1970 unquam
2197 1882 2410 1968 pote·-

292 2001 463 2063 runt
512 1992 668 2066 sine
716 1992 1231 2068 ecclesiasticae
1287 1992 1666 2089 potestatis
1717 1992 1950 2063 venia.

450 2106 821 2184 Consentit
872 2120 1113 2184 autem
1147 2108 1407 2183 Sancta
1458 2107 1704 2195 Sedes,
1732 2118 1816 2181 ut
1851 2108 1924 2179 in
1977 2104 2414 2182 ecclesiasti-

294 2227 398 2301 cis
449 2225 655 2301 bonis
706 2227 822 2301 vel
874 2226 1285 2315 alienandis,
1324 2225 1437 2299 vel
1474 2248 1662 2300 novo
1677 2218 1897 2299 ‘oneri
1934 2223 2410 2314 subiiciendiS,

292 2347 409 2421 vel
458 2348 531 2420 in
586 2347 999 2423 eorumdem
1048 2345 1397 2421 bonorum
1474 2343 1818 2419 reditibus
1871 2344 1946 2418 in
1995 2344 2168 2421 alios
2235 2368 2410 2419 usus

290 2467 687 2564 erogandis,
745 2462 1079 2541 Gubernii
1134 2487 1521 2540 consensus
1572 2464 1946 2539 habeatur.

1146 2698 1323 2773 Aur.
1380 2694 1567 2773 xlv.

445 2935 641 3016 Bona
694 2960 863 3013 vero
914 2958 1097 3036 quae
1148 2936 1237 3013 ad
1288 2934 1607 3013 Mensam
1662 2936 2352 3038 Archiepiscopalem
2385 2990 2408 3031 ,

294 3064 376 3127 et
426 3055 515 3128 ad
568 3055 737 3131 illud
791 3052 1311 3131 Canonicorum
1349 3053 1765 3153 Collegium,
1793 3054 2417 3153 Metropolitanum

300 3168 711 3267 Templum,
753 3173 964 3246 etad
1017 3171 1501 3245 Seminarium.
1540 3173 1927 3268 pertinent,
1985 3196 2068 3247 ea
2121 3174 2212 3247 ab
2262 3175 2418 3271 ipso

300 3286 845 3386 Archiepiscopo
898 3290 1012 3364 vel
1064 3290 1153 3363 ab
1206 3291 1457 3365 eodem
1510 3286 2026 3366 Canonicorum
2109 3289 2417 3390 Collegio

296 3406 503 3479 iuxta
550 3406 923 3481 canonicas
974 3406 1375 3481 sanctiones
1410 3406 1702 3481 omnino
1749 3406 1966 3481 libere
2019 3420 2230 3483 erunt
2308 3412 2424 3484 ad-

296 3526 795 3615 ministranda,
853 3528 1070 3602 veluti
1124 3528 1341 3602 etiam
1394 3549 1643 3601 omnes
1698 3528 1816 3602 alii
1866 3528 2093 3618 fundi,
2151 3532 2273 3628 qui
2309 3534 2423 3607 vel

300 3668 397 3720 ex
448 3646 861 3719 eorumdem
912 3644 1261 3719 bonorum
1318 3645 1957 3735 administratione,
1989 3647 2103 3721 vel
2139 3671 2232 3721 ex
2287 3646 2424 3723 Ar·-

284 3762 819 3859 chiepiscopalis
869 3761 1097 3850 Sedis,
1126 3762 1241 3837 vel
1264 3764 1607 3861 cuiusque
1639 3762 2164 3862 Metropolitani
2204 3764 2422 3839 Tem-

298 3880 401 3977 pli
451 3878 771 3953 beneficii
820 3880 1191 3956 vacatione
1240 3891 1694 3977 supererunt,
1721 3882 1838 3955 vel
1891 3904 1980 3955 ex
2019 3882 2228 3959 novis
2275 3884 2426 3979 pri-

300 4006 634 4071 vatorum
694 3995 1067 4071 hominum
1144 3997 1671 4075 fundationibus
1748 3998 2024 4075 collecti
2101 3997 2413 4089 fixerunt,

304 4114 423 4189 vel
474 4114 551 4187 in
600 4124 967 4211 posterum
1017 4114 1247 4213 colligi
1297 4126 1666 4211 poterunt.

466 4228 693 4304 Fundi
772 4254 939 4307 vero
988 4242 1065 4305 et
1112 4230 1297 4306 bona
1350 4231 1623 4307 stabilia
1662 4284 1684 4320 ,
1737 4256 1920 4331 quae
1973 4256 2015 4305 a
2067 4230 2432 4307 Gubernio
