3317 5267
886 434 1032 507 296

887 568 1074 635 mus,
1115 560 1196 623 ut
1245 548 1671 646 quamcitius
1708 548 1855 625 fieri
1892 550 2182 647 poterit,
2232 546 2439 646 juxta
2472 568 2838 625 sacrorum
2874 549 3025 627 Ca-

881 684 1150 739 nonum
1201 666 1661 763 praescripta,
1704 664 2111 763 Capitulum
2138 666 2307 741 inibi
2336 667 2781 754 instituatur,
2820 671 3021 766 quod

883 782 1212 877 primitus
1241 808 1328 859 ex
1357 786 1669 883 quinque
1696 786 1951 861 saltem
1980 798 2261 862 constet
2272 783 2675 875 Canonicis,
2704 810 3019 884 quorum

882 900 1064 977 alter
1115 907 1418 999 primam
1489 905 1979 1001 Archidiaconi
2030 908 2481 1003 dignitatem,
2520 907 2702 982 alter
2752 930 3025 983 secum

881 1020 1048 1095 dam
1093 1024 1458 1122 Theologi‚
1515 1026 1697 1101 alter
1750 1028 2035 1103 tertiam
2075 1025 2607 1102 Poenitentiarii
2658 1049 2825 1103 cum
2862 1028 3021 1101 suis

885 1141 1171 1229 muniis,
1227 1142 1639 1230 honoribus»,
1682 1156 1757 1219 et
1792 1143 2125 1220 oneribus
2176 1168 2267 1218 ex
2316 1144 2475 1239 jure
2514 1142 2903 1232 canonico,
2942 1155 3023 1219 et

883 1254 1302 1352 Apostolicis
1315 1259 1956 1340 Constitutionibus
1984 1263 2379 1359 respective
2412 1263 2709 1337 adnexis
2736 1286 3023 1359 praese-

881 1372 1137 1450 ferant.
1174 1378 1300 1451 Alii
1339 1403 1500 1454 vero
1525 1380 1667 1455 duo
1704 1379 1816 1454 vel
1844 1380 2083 1478 plures
2118 1380 2437 1455 canonici
2474 1390 2691 1455 sunto
2728 1381 3019 1476 simpli-

877 1496 1056 1569 citer
1091 1497 1435 1573 titulares.
1467 1496 1747 1596 Quique
1781 1522 2059 1587 omnes,
2090 1510 2167 1573 et
2196 1498 2455 1594 singuli
2486 1498 2729 1573 divina
2752 1498 3012 1584 officia,

880 1624 956 1685 et
1005 1612 1500 1690 Ecclesiastica
1537 1616 1783 1692 munia
1824 1640 1909 1691 ac
1942 1629 2175 1719 cetera
2210 1616 2477 1701 omnia,
2522 1638 2709 1714 quae
2744 1614 3020 1691 Cathe-

885 1732 1184 1806 dralium
1241 1731 1730 1829 Capitulorum
1770 1738 2052 1833 propria
2088 1746 2292 1823 sunt,
2324 1734 3013 1832 findiligmtenlue

879 1846 1076 1925 obire
1129 1861 1510 1926 teneantur
1545 1876 1628 1927 ac
1641 1856 1934 1951 *cunctis
1953 1852 2257 1951 juribus,
2286 1852 2704 1939 honoribus,
2760 1854 3013 1949 gratiis

877 1963 1269 2056 favoribuS,
1324 1970 1640 2059 indultis,
1664 1954 1776 2046 ket
1830 1971 2244 2069 privilegiis,
2301 1992 2485 2070 quae
2534 1967 2673 2043 alia
2726 1970 3011 2045 illarum

880 2085 1184 2180 partium
1224 2086 1548 2185 Capitula
1583 2089 2030 2169 Cathedralia
2068 2112 2461 2187 eorumque
2499 2088 2759 2185 singuli
2790 2087 3011 2163 Prae-

879 2196 1164 2277 bendati
1229 2208 1629 2303 respective
1690 2210 2047 2295 obtinent3
2100 2205 2489 2281 dummodo
2550 2204 2879 2303 legitimo
2936 2206 3017 2279 in

881 2342 1016 2393 usu
1067 2322 1237 2409 sint,
1295 2348 1426 2397 nec
1477 2327 1817 2421 peculiari
1876 2348 1969 2400 ex
2020 2326 2481 2401 concessione
2528 2334 2661 2397 aut
2706 2346 3010 2399 oneroso

884 2438 1092 2512 titulo
1143 2441 1502 2534 postulata
1555 2457 1631 2517 et
1684 2444 2061 2541 adquisita,
2118 2444 2423 2541 gaudere
2476 2440 2811 2515 debeant.
2870 2442 3013 2540 Spe

881 2556 1170 2652 insuper
1195 2556 1337 2633 Nos
1373 2561 1562 2649 freti,
1595 2564 1784 2659 quod
1811 2586 1943 2661 pro
1978 2562 2495 2638 Ecclesiasticis
2522 2560 3011 2637 functionibus

877 2675 1270 2772 impensius
1323 2680 1745 2777 peragendis
1800 2694 1877 2756 et
1926 2680 2271 2757 bonorum
2319 2702 2615 2777 operum
2662 2678 3009 2754 fructibus

881 2790 1070 2867 inter
1121 2816 1243 2870 eos
1296 2795 1799 2872 Christifidcles
1858 2800 2089 2897 magis
2124 2800 2197 2871 in
2250 2799 2403 2873 dies
2458 2796 3009 2896 multiplicandis

881 2910 1017 2987 iste
1048 2910 1562 2996 Canonicorum
1601 2938 1941 2989 numerus
1980 2916 2355 3012 aliquando
2384 2926 2753 3012 augeatur,
2794 2926 3009 3011 atque

881 3030 1060 3107 adeo
1093 3032 1363 3130 aliquot
1391 3031 1801 3131 Cappellani
1836 3058 1965 3109 seu
2014 3035 2473 3109 mansionarii
2526 3032 3011 3131 superaddan-

875 3160 1029 3239 tur,
1083 3152 1554 3249 indulgentes,
1613 3164 1695 3226 ut
1730 3151 2125 3250 Episcopus
2174 3174 2305 3249 pro
2362 3164 2683 3249 tempore
2740 3150 3009 3248 Capitis

879 3266 1162 3343 Haitani
1213 3270 1430 3345 libere
1479 3273 1801 3348 conferre
1839 3272 2073 3348 valeat
2107 3272 2667 3345 nominationem
2696 3281 2771 3343 et
2800 3270 3009 3345 insti-

887 3388 1259 3475 tutionem,
1289 3407 1504 3487 quam
1535 3402 1795 3465 vocant
1827 3389 2041 3464 etiam
2072 3389 2601 3475 investituram,
2632 3388 2721 3462 ad
2748 3387 3013 3463 huius-

889 3504 1080 3578 modi
1131 3503 1568 3581 Cathedralis
1617 3505 1921 3603 Capituli
1978 3506 2373 3604 Dignitates
2426 3519 2501 3579 et
2536 3504 3009 3581 Canonicatus

883 3624 1198 3721 itemque
1249 3625 1337 3698 ad
1395 3622 1883 3719 Cappellanias
1934 3648 2063 3699 seu
2116 3622 2647 3711 Mansionarias,
2686 3622 3013 3721 quando-

879 3764 1186 3838 cumque
1211 3740 1474 3815 fuerint
1507 3740 1673 3815 inihi
1704 3744 2157 3831 constitutae,
2188 3764 2321 3817 nec
2349 3764 2488 3817 non
2514 3742 2604 3815 ad
2632 3738 3011 3815 Parochia-

883 3859 972 3933 lia
1024 3884 1153 3958 per
1204 3872 1427 3934 totam
1490 3857 1761 3957 Capitis
1820 3860 2100 3936 Haitani
2166 3859 2563 3936 Dioecesim
2626 3856 3007 3933 obtinenda

878 3988 952 4051 et
1010 3978 1430 4075 possidenda
1501 3976 1837 4053 beneficia
1901 3979 2335 4074 proindeque
2410 3977 2497 4051 ad
2576 3972 3009 4049 paroeciales

876 4120 1155 4192 quoque
1208 4094 1519 4170 vicarias
1571 4120 1697 4169 seu
1750 4092 2239 4191 Coadjutorias
2295 4094 2533 4170 forsan
2606 4094 3013 4167 adsciscen-

879 4215 1040 4301 das3
1078 4228 1284 4291 cauto
1319 4216 1757 4313 ceteroquin,
1798 4226 1879 4289 ut
1910 4216 1967 4287 si
2024 4212 2565 4293 constituendae
2602 4210 3005 4287 Cathedrali
