3317 5267
817 444 965 517 346

819 558 1212 647 Antistites,
1242 560 1362 660 qui
1395 559 1785 632 animarum
1824 550 1959 631 sihi
1994 558 2533 633 commissarum
2570 551 2921 654 spirituali

815 677 1162 769 regimini,
1217 678 1620 774 disciplinae
1655 688 1731 751 et
1765 677 2303 751 necessitatibus
2354 676 2633 750 assidue
2670 698 2921 749 occur-

814 804 1051 867 rentes
1102 795 1433 891 singulari
1485 794 1701 867 etiam
1755 794 2036 869 solertia
2088 806 2163 868 et
2211 814 2375 867 cura
2428 790 2653 866 bonos
2707 790 2919 863 indu-

811 913 1162 1011 striosque
1214 914 1550 988 inducant
1598 914 1953 1009 operarios
2004 911 2465 1011 Presbyteros
2520 911 2609 983 ad
2671 909 2917 983 fructi-

813 1026 995 1101 feras
1046 1029 1216 1103 inibi
1252 1029 1722 1127 plantationes
1776 1030 2087 1105 studiose
2140 1029 2584 1114 excolendaS‚
2640 1050 2723 1101 ac
2757 1025 2919 1099 dein

813 1144 898 1217 ad
953 1142 1512 1221 succrescentem
1575 1146 1896 1243 quotidie
1971 1145 2279 1220 fructum
2334 1146 2405 1219 in
2484 1143 2919 1218 exultatione

811 1262 1250 1335 metendum.

963 1376 1286 1476 inspecta
1336 1380 1574 1478 itaque
1626 1390 1704 1453 et
1756 1401 2101 1476 perpensa
2134 1378 2539 1476 hujusmodi
2576 1388 2919 1474 opportu-

807 1496 1034 1571 nitate
1081 1520 1166 1571 ac
1217 1500 1432 1573 etiam
1487 1498 1817 1585 utilitate,
1862 1498 2003 1575 Nos
2054 1501 2171 1597 pia
2221 1497 2563 1573 desideria
2620 1507 2692 1569 et
2746 1508 2919 1571 vota

813 1614 886 1692 in
941 1613 1010 1688 id
1064 1615 1156 1689 ab
1208 1616 1528 1712 ejusdem
1582 1616 2039 1714 Reipublicae
2078 1614 2435 1691 Gubernio
2457 1616 2919 1691 devotissime

807 1730 1022 1808 Nobis
1085 1733 1320 1809 oblata
1378 1734 1684 1832 benigno
1754 1734 1995 1810 favore
2070 1734 2571 1831 prosequuturi
2624 1734 2921 1807 minime

805 1848 1288 1924 dubitavimus
1341 1853 1729 1949 praeterito
1782 1874 1969 1927 anno
2022 1849 2307 1925 Domini
2359 1848 2739 1927 millesimo
2796 1874 2915 1925 oc·-

809 1968 1308 2064 tiugentesimo
1371 1971 1815 2067 sexagesimo
1886 1968 2021 2043 sub
2078 1969 2195 2044 die
2262 1968 2602 2063 vigesima
2668 1979 2921 2044 octava

806 2088 1070 2161 mensis
1121 2089 1356 2161 martii
1411 2089 1780 2185 providam
1834 2090 1920 2163 ad
1970 2088 2111 2163 hoc
2146 2110 2329 2183 opus
2356 2084 2921 2165 Conventionem

807 2225 970 2277 cum
1021 2206 1272 2280 eodem
1328 2203 1687 2281 Gubernio
1739 2206 1943 2291 inire,
1998 2206 2371 2302 ipsamque
2428 2205 2542 2278 die
2580 2204 2920 2301 vigesima

805 2320 1054 2415 quinta
1106 2323 1514 2418 posterioris
1569 2322 1997 2418 septembris
2050 2322 2381 2420 utrinque
2430 2320 2915 2396 confirmatam

807 2434 1105 2509 solemni
1156 2438 1521 2512 sanctione
1574 2438 1927 2525 roborare,
1984 2462 2127 2535 quo
2180 2439 2465 2535 quidem
2504 2437 2782 2513 foedere
2808 2436 2921 2510 in-

807 2566 919 2627 ter
970 2553 1103 2625 alia
1155 2554 1557 2629 consultum
1595 2570 1732 2643 est,
1772 2567 1878 2643 ut,
1919 2580 2107 2631 nova
2142 2556 2313 2631 inibi
2368 2566 2642 2631 statuta
2671 2554 2923 2630 Eccle-

723 2741 736 2756 ,
806 2667 1090 2743 siastica
1152 2667 1518 2746 Provincia
1550 2724 1569 2759 ,
1625 2672 1937 2769 quinque
1989 2674 2275 2747 interim
2330 2670 2687 2747 Ecclesiae
2754 2694 2921 2745 cum

803 2787 950 2861 suis
1004 2785 1456 2865 Dioecesibus
1505 2790 2054 2877 constituantur,
2108 2812 2412 2888 quarum
2466 2812 2607 2865 una
2658 2788 2915 2865 Metro-

803 2904 1144 3001 politana,
1197 2916 1474 2980 ceterae
1525 2930 1696 2982 vero
1747 2904 2231 3004 suffraganeae
2284 2907 2457 2981 sint.

960 3022 1222 3098 Verum
1257 3046 1384 3120 per
1411 3026 1753 3122 temporis
1778 3026 2143 3124 angustias
2178 3026 2771 3122 gravissimasque
2806 3048 2925 3099 re-

805 3164 964 3215 rum
1015 3142 1604 3229 circumstantias,
1644 3145 1971 3240 quamvis
2012 3146 2329 3219 videatur
2364 3144 2679 3220 nondum
2708 3165 2919 3240 posse

805 3260 908 3333 eis
959 3260 1255 3357 singulis
1289 3257 1622 3335 Ecclesiis
1659 3262 2023 3358 proprium
2061 3260 2341 3358 praefici
2374 3260 2767 3347 Pastorem,
2812 3274 2925 3334 ta·-

809 3398 971 3449 men
1003 3374 1436 3452 Gubernium
1467 3379 1699 3475 ipsum
1752 3379 1998 3451 enixas
2034 3379 2124 3454 ad
2160 3378 2343 3453 hanc
2378 3376 2713 3453 Sanctam
2742 3378 2927 3475 Apo-

805 3493 1126 3570 stohcam
1181 3496 1436 3571 Sedem
1487 3518 1735 3592 preces
1786 3494 2177 3571 offerendas
2224 3497 2523 3585 curavit,
2562 3506 2647 3571 ut
2678 3516 2921 3571 earum

805 3614 1125 3687 omnium
1157 3616 1416 3688 erectio
1451 3636 1620 3688 mox
1657 3615 2093 3701 instituatur,
2126 3636 2429 3711 quarum
2462 3616 2647 3689 duae
2680 3614 2753 3686 in
2790 3613 2920 3688 ad-

807 3732 1400 3807 ministrationem
1451 3732 1653 3807 alteri
1707 3754 1797 3805 ex
1831 3732 1921 3805 iis
1957 3728 2403 3807 praesulibus
2440 3732 2712 3807 interea
2747 3755 2923 3807 con-

807 3850 1204 3924 credantur.

953 3966 1096 4043 Nos
1147 3968 1360 4065 igitur
1411 3968 1530 4066 qui
1583 3964 1899 4043 Pastoris
1950 3966 2170 4041 divini
2209 3966 2397 4041 vices
2435 3966 2509 4040 in
2546 3966 2753 4041 terris
2788 3989 2915 4064 ge-

799 4099 1042 4159 rentes
1117 4110 1199 4160 ea
1275 4110 1558 4184 semper
1607 4088 1917 4184 cogitare
1974 4101 2050 4161 et
2134 4096 2447 4163 statuere
2514 4108 2847 4161 curamus
2892 4140 2915 4175 ,

797 4226 977 4301 quae
1031 4205 1115 4277 ad
1145 4203 1625 4279 Christianum
1681 4207 2053 4282 tutandum
2084 4226 2377 4303 gregem
2426 4203 2925 4300 salubriusque
