3317 5267
827 396 972 472 356

821 510 1120 608 scopalis
1192 528 1478 582 mensae
1535 504 1636 591 fet
1714 506 2069 583 Ecclesiae
2128 506 2565 583 Cathedralis
2629 488 2959 607 illiusque

828 627 1134 724 Capituli
1172 638 1247 699 et
1281 627 1683 711 seminarii,
1716 650 1847 699 nec
1874 648 2019 701 non
2054 626 2349 700 aliarum
2391 650 2677 723 quoque
2716 627 2961 703 mino·-

826 766 984 819 rum
1023 744 1502 818 Ecclesiarum
1554 758 1628 816 et
1681 745 2096 840 quorumvis
2140 744 2415 839 piorum
2456 744 2955 821 institutorum

823 864 1414 961 quandocumque
1450 864 1522 934 in
1559 884 1644 935 ea
1696 864 1997 937 dioecesi
2052 862 2453 935 extantium
2490 860 2677 935 bona
2730 862 2959 937 stabi·-

821 980 915 1051 lia
967 978 1184 1052 libere
1237 979 1574 1076 liciteque
1625 978 1932 1075 legundi,
1988 978 2419 1074 acquirendi,
2478 978 2829 1075 plenoque
2882 990 2958 1052 et

825 1098 1150 1172 absoluto
1211 1118 1374 1170 cum
1437 1096 1750 1170 dominio
1804 1096 2233 1192 possidendi,
2288 1096 2825 1171 administrandi
2876 1106 2957 1169 et

827 1212 1248 1301 vindicandi,
1288 1212 1457 1308 quin
1495 1235 1578 1285 ea
1632 1224 1709 1285 et
1744 1224 1981 1285 cetera
2016 1212 2429 1309 quarumvis
2474 1210 2957 1285 Ecclesiarum

825 1332 1317 1405 fundationum
1369 1328 1556 1403 bona
1608 1338 1687 1401 et
1734 1330 1853 1425 pia
1888 1351 2169 1425 quoque
2206 1326 2542 1402 Instituta
2582 1351 2747 1403 cum
2790 1328 2950 1403 aliis

825 1452 1181 1548 conjungi,
1213 1450 1326 1523 vel
1355 1450 1777 1523 commutari
1812 1448 1919 1521 vel
1958 1470 2119 1521 aere
2152 1448 2383 1523 alieno
2408 1450 2715 1544 gravari,
2744 1450 2953 1523 mul—

825 1584 1038 1666 toque
1068 1568 1302 1640 minus
1337 1566 1634 1639 distrahi
1674 1576 1799 1638 aut
1834 1563 2147 1651 alienari,
2186 1566 2321 1639 nisi
2362 1566 2553 1662 prius
2594 1563 2955 1661 Apostoli-

824 1710 948 1761 cae
985 1686 1186 1759 Sedis
1239 1684 1618 1757 auctoritas
1657 1683 2163 1769 intercesserit,
2202 1684 2417 1757 salvis
2456 1697 2699 1758 tamen
2724 1682 2953 1759 facul-

829 1802 1091 1876 tatibus
1119 1824 1159 1873 a
1189 1798 1498 1874 Concilio
1539 1799 1955 1873 Tridentino
1980 1798 2359 1895 Episcopis
2394 1800 2482 1873 ad
2520 1801 2587 1875 id
2624 1801 2953 1877 consulto

823 1906 1208 2003 attributis,
1249 1928 1324 1989 et
1373 1914 1596 1988 firmis
1645 1912 2004 1989 Ecclesiae
2056 1916 2397 1989 doctrinis
2450 1927 2531 1989 et
2580 1916 2949 2013 disciplina

821 2039 910 2111 ab
961 2037 1208 2111 eadem
1261 2059 1322 2109 s.
1365 2034 1544 2109 Sede
1595 2034 1985 2131 approbata
2037 2035 2271 2131 quoad
2324 2046 2561 2109 cetera
2614 2034 2733 2109 hic
2784 2058 2951 2109 enu-

819 2157 1100 2229 cleatim
1138 2178 1281 2229 non
1319 2153 1693 2238 recensita,
1726 2174 1907 2248 quae
1938 2153 2088 2225 sive
2124 2153 2211 2225 ad
2246 2150 2435 2247 jura,
2466 2152 2620 2225 sive
2656 2153 2747 2226 ad
2786 2176 2955 2227 mu·-

823 2274 963 2357 nia,
1021 2274 1168 2345 sive
1221 2274 1310 2345 ad
1369 2292 1737 2366 personas,
1804 2272 1958 2343 sive
2012 2269 2101 2342 ad
2162 2292 2276 2342 res
2318 2268 2795 2346 ecclesiastico
2856 2296 2947 2345 ex

827 2392 1034 2465 titulo
1087 2392 1472 2486 pertinent.

977 2505 1199 2579 Porro
1253 2506 1374 2578 vix
1427 2506 1695 2578 erectio
1748 2505 2155 2600 hujusmodi
2212 2505 2467 2581 Portus
2522 2506 2721 2583 Pacis
2756 2506 2948 2603 Epi—

825 2638 1156 2721 scopatus
1217 2648 1379 2700 cum
1447 2646 1574 2698 sua
1635 2626 1939 2700 dioecesi
2004 2626 2459 2722 exequutioni
2524 2628 2947 2703 demandata

823 2741 1062 2827 suerit,
1121 2741 1614 2840 Episcopalem
1662 2743 1855 2815 illam
1892 2742 2279 2817 Ecclesiam
2318 2744 2391 2815 in
2426 2743 2945 2841 suffraganeam

825 2880 1052 2933 novae
1107 2860 1691 2954 metropolitanae
1729 2858 1985 2935 Portus
2023 2858 2365 2957 Principis
2402 2882 2565 2934 cum
2592 2862 2953 2949 omnibus,

823 2989 900 3048 et
949 2975 1242 3073 singulis
1290 2976 1592 3072 juribus,
1649 2976 2061 3061 honoribus,
2098 2978 2637 3072 praerogativis,
2664 2978 2947 3053 favori-

823 3095 986 3179 hus,
1023 3094 1270 3190 gratiis
1309 3092 1598 3167 indultis
1650 3094 2035 3189 privilegiis
2084 3107 2160 3167 et
2210 3094 2468 3169 ceteris
2516 3094 2949 3193 quibuslibet

821 3232 1000 3308 quae
1051 3210 1226 3281 aliae
1279 3209 1556 3283 illarum
1609 3212 1919 3305 partium
1956 3208 2439 3307 suffraganeae
2464 3210 2821 3288 Ecclesiae
2856 3214 2949 3287 de

821 3328 1184 3403 communi
1230 3325 1390 3423 jure
1415 3326 1683 3401 hahere
1734 3340 1811 3401 et
1850 3330 2033 3402 tueri
2060 3330 2290 3403 solent
2320 3330 2513 3403 dicta
2544 3330 2951 3427 Apostolica

821 3446 1241 3521 auctoritate
1293 3445 1740 3541 subjicimus,
1785 3446 2111 3542 illiusque
2140 3448 2549 3523 canonicam
2588 3460 2833 3523 taxam
2874 3450 2947 3521 in

820 3562 1112 3659 singulis
1163 3560 1594 3637 Litterarum
1624 3564 2189 3661 Apostolicarum
2224 3566 2359 3639 sub
2390 3566 2685 3663 plumbo
2720 3590 2945 3663 expe·-

819 3678 1228 3766 ditionibus,
1282 3683 1562 3777 quoties
1597 3680 1701 3755 illi
1735 3680 2112 3756 cathedrae
2170 3680 2485 3757 Antistes
2514 3683 2945 3778 praeficien-

817 3800 950 3873 dus
985 3800 1146 3885 erit,
1183 3796 1256 3870 in
1311 3798 1542 3870 aureis
1595 3796 1879 3872 florenis
1915 3800 2003 3874 de
2038 3796 2333 3873 Camera
2388 3801 2679 3895 triginta
2708 3800 2937 3874 tribus

817 3936 980 3989 cum
1034 3914 1244 3987 tertia
1297 3912 1616 4009 ejusdem
1680 3912 1923 3989 floreni
1976 3928 2177 4011 parte
2229 3918 2638 4003 statuimus,
2694 3916 2939 4013 sicque

818 4034 890 4107 in
943 4032 1258 4131 ejusdem
1311 4030 1652 4107 Gamerae
1710 4034 2153 4130 Apostolicae
2216 4046 2291 4108 et
2350 4036 2531 4110 sacri
2586 4034 2943 4111 Cardina-

703 4248 710 4255 ῃ
814 4150 988 4227 lium
1041 4148 1326 4248 Collegii
1378 4150 1574 4225 libris
1601 4152 1691 4225 ad
1718 4164 2135 4251 perpetuam
2174 4176 2498 4229 normam
2536 4154 2821 4229 inscribi
2861 4169 2939 4229 et
