3317 5267
2316 469 2397 539 71

338 591 518 664 tium
569 585 828 684 placita
876 596 954 660 et
1017 581 1108 656 ad
1181 580 1669 656 communium
1720 579 1979 656 aetatis
2054 469 2466 679 opinionum

334 707 703 784 amussim.

533 840 742 926 Epist.
812 837 894 907 ad
956 834 1266 924 Arcbiep.
1333 834 1638 926 Friburg.
1716 838 1936 916 Quum
1982 858 2117 906 non
2163 840 2299 903 sinc
2346 836 2439 908 14

359 945 512 1013 iulii
553 940 752 1014 1864.

494 1049 804 1125 XLvul.
861 1047 1238 1124 Catholicis
1292 1047 1462 1146 viris
1493 1047 1775 1143 probari
1828 1061 2069 1146 potest
2100 1072 2185 1126 ea
2218 1052 2469 1126 iuven-

333 1172 508 1247 tutis
561 1169 1034 1246 instituendae
1085 1167 1296 1254 ratio,
1349 1189 1532 1265 quae
1583 1169 1681 1242 sit
1730 1193 1774 1243 a
1823 1170 2169 1250 catholica
2200 1171 2337 1247 fide
2390 1182 2465 1248 et

334 1288 424 1362 ab
475 1286 831 1364 Ecclesiae
883 1295 1238 1384 potestate
1273 1284 1618 1372 seiuncta,
1647 1309 1969 1384 quaeque
1994 1310 2235 1364 rerum
2266 1290 2467 1363 dum-

333 1419 535 1482 taxat
583 1403 1010 1480 naturalium
1057 1401 1426 1476 scientiam
1463 1423 1546 1475 ac
1586 1413 1905 1478 terrenae
1938 1403 2217 1480 socialis
2270 1405 2461 1482 vitae

331 1524 508 1600 fines
559 1520 1080 1606 tantummode,
1135 1517 1247 1592 vel
1297 1517 1552 1592 saltem
1603 1519 1939 1615 primario
1973 1531 2275 1618 spectet.

537 1654 744 1741 Epist.
825 1649 909 1720 ad
965 1647 1278 1738 Arcbiep.
1357 1647 1669 1740 Friburg.
1729 1651 1945 1731 Quum
1992 1675 2125 1722 nen
2170 1657 2307 1722 rins
2353 1649 2441 1724 14

361 1757 510 1824 iulii
558 1751 754 1825 1864.

487 1872 601 1947 lL.
658 1873 898 1948 Civilis
949 1872 1332 1948 auctoritas
1385 1883 1623 1970 potest
1674 1873 2016 1972 impedire
2088 1876 2467 1974 quominus

330 2012 684 2066 sacrorum
765 1988 1138 2064 Antistites
1189 2000 1265 2063 et
1311 1988 1550 2064 fideles
1603 1992 1843 2088 populi
1921 2014 2085 2067 cum
2141 1989 2467 2067 Romano

334 2107 668 2182 Pontiflce
718 2105 934 2182 libere
985 2130 1068 2182 ac
1117 2119 1370 2182 mutuo
1419 2111 1973 2184 communicent.

531 2223 746 2293 Alloc.
795 2225 1094 2296 Maxima
1138 2226 1388 2312 quidum
1435 2223 1480 2292 9
1525 2226 1697 2293 iunii
1744 2224 1944 2294 1862.

479 2343 562 2418 L.
615 2343 824 2420 Laica
873 2345 1254 2420 auctoritas
1290 2343 1504 2418 hahet
1539 2367 1669 2440 per
1702 2367 1781 2419 se
1817 2346 1927 2418 ius
1968 2345 2463 2441 praesentandi

327 2464 692 2561 episcopos
742 2475 820 2537 et
866 2473 1105 2560 potest
1157 2459 1247 2534 ab
1297 2461 1436 2534 illis
1485 2461 1771 2559 exigere
1822 2473 1905 2538 ut
1968 2463 2209 2536 ineant
2260 2463 2461 2538 dioe-

329 2584 596 2658 cesium
647 2583 1212 2679 procurationem
1263 2590 1646 2678 antequam
1680 2580 1816 2678 ipsi
1860 2583 2269 2658 canonicam
2306 2605 2347 2655 a
2382 2581 2460 2658 S.

331 2699 510 2776 Sede
561 2702 1082 2776 institutionem
1133 2709 1208 2774 et
1257 2701 1681 2796 apostolicas
1730 2700 2007 2776 litteras
2056 2701 2429 2798 accipiant.

532 2813 746 2884 Alloc.
795 2818 1148 2904 Nunquam
1192 2816 1330 2899 sore
1376 2811 1460 2880 15
1511 2815 1883 2884 decembris
1927 2814 2127 2884 1856.

479 2934 592 3009 LI.
649 2935 878 3009 lmmo
925 2935 1184 3008 laicum
1269 2930 1705 3006 Gubernium
1760 2933 1979 3008 habet
2064 2937 2174 3010 ius
2226 2936 2467 3034 depo-

327 3054 538 3129 nendi
589 3053 680 3126 ab
727 3053 1064 3126 exercitio
1153 3050 1522 3146 pastoralis
1603 3051 1979 3126 ministerii
2060 3053 2458 3150 episcopos,

330 3194 560 3269 neque
611 3183 892 3245 tenetur
941 3167 1224 3244 obedire
1279 3166 1602 3243 Romano
1657 3165 1979 3244 Pontifici
2018 3170 2093 3242 in
2142 3170 2229 3244 iis
2280 3193 2465 3269 quae

333 3291 863 3388 episcopatuum
892 3301 966 3363 et
989 3287 1478 3384 episcoporum
1505 3287 1891 3384 respiciunt
1916 3287 2463 3364 institutionem.

534 3419 698 3488 Litt.
735 3418 966 3508 Apost.
1015 3416 1414 3503 Multiplices
1457 3423 1633 3485 inter
1680 3413 1770 3486 10
1817 3419 1987 3485 iunii
2037 3415 2235 3488 1851.

531 3523 746 3592 Alloc.
800 3520 1300 3590 Acerbt'ssimum
1352 3519 1440 3588 27
1487 3521 1875 3610 septembris
1921 3521 2119 3590 1852.

477 3645 624 3720 Lll.
682 3645 1116 3721 Gubernium
1170 3653 1408 3739 potest
1457 3665 1588 3719 suo
1643 3646 1793 3720 iure
1832 3646 2209 3721 immutare
2264 3658 2464 3722 aeta-

329 3776 478 3836 tem
529 3762 620 3836 ah
670 3761 983 3837 Ecclesia
1033 3759 1530 3858 praescriptam
1569 3783 1699 3856 pro
1746 3759 2067 3858 religiosa
2110 3775 2259 3838 tam
2311 3787 2463 3837 mu·

325 3884 576 3958 lierum
627 3903 840 3982 quam
898 3883 1210 3956 virorum
1263 3877 1721 3974 professione,
1778 3881 2246 3979 omnibusque
2296 3881 2461 3956 reli-

330 4001 542 4098 giosis
593 3997 876 4073 familiis
923 3997 1255 4082 indicere,
1310 4005 1389 4069 ut
1441 3997 1799 4072 neminem
1852 3999 2007 4072 sine
2096 4023 2227 4074 suo
2281 4021 2458 4097 per-

335 4120 558 4196 missu
608 4119 696 4192 ad
748 4115 1088 4192 solemnia
1142 4127 1307 4192 vota
1365 4118 1831 4212 nuncupanda
1880 4117 2293 4192 admittant.

544 4233 754 4304 Alloc.
805 4235 1160 4324 Nunquam
1205 4235 1342 4320 foro
1391 4229 1474 4300 15
1523 4229 1887 4302 decembris
1935 4229 2137 4300 1856.
