3317 5267
861 426 1009 503 298

857 544 1174 640 hincpari
1211 540 1612 641 Apostolica
1647 545 2068 621 auctoritate
2104 538 2603 641 praecipimus,
2632 536 2850 641 quod,
2884 536 2995 619 sia·

859 664 1004 736 cuti
1033 684 1161 758 par
1189 672 1324 749 est,
1363 684 1713 760 propensa
1740 660 1932 737 effati
1960 660 2297 737 Gubernii
2320 660 2603 734 Haitani
2635 658 2993 735 sollicitu-

857 781 1020 853 dine
1047 802 1130 853 ac
1155 794 1448 876 sumptu
1475 802 1693 877 quam
1720 781 2029 879 primum
2064 800 2195 875 pro
2224 776 2492 875 Capitis
2528 776 2814 851 Haitani
2840 777 2993 851 Ca·-

858 896 1154 973 thedrali
1189 900 1503 975 Ecclesia
1535 903 1867 998 erigatur,
1906 912 1983 973 et
2018 911 2425 997 opportuna
2462 898 2933 994 etiam-supel
2969 936 2991 949 -

855 1012 1087 1089 lectile
1139 1014 1551 1091 instituatur
1580 1013 2065 1092 Seminarium
2113 1016 2321 1113 juxta
2370 1014 2747 1087 canonicas
2778 1012 2985 1109 leges

857 1143 932 1203 et
982 1131 1246 1207 formas
1283 1134 1355 1206 in
1384 1136 1714 1209 omnibus
1769 1136 2211 1231 dirigendum
2238 1143 2317 1206 et
2340 1130 2991 1205 administrandum

859 1248 950 1321 ab
982 1248 1334 1347 Episcopo
1374 1250 1642 1348 Capitis
1678 1250 1999 1339 Haitani,
2022 1250 2225 1347 cujus
2262 1251 2399 1323 erit
2427 1247 2767 1323 Rectores
2804 1246 2991 1320 inibi

857 1376 932 1437 et
967 1366 1400 1461 professores
1435 1370 1873 1457 nominandi,
1902 1380 1975 1442 et
2002 1368 2065 1441 si
2100 1365 2387 1463 quando
2424 1365 2770 1451 intererit,
2802 1386 2991 1439 exo-

855 1486 1148 1559 nerandi
1173 1497 1248 1559 et
1273 1486 1706 1574 dimittendi,
1734 1486 1973 1583 ibique
2006 1510 2131 1562 eos
2161 1484 2453 1559 alendos
2488 1483 2991 1579 docendosque

857 1599 1274 1675 admittendi
1326 1603 1833 1691 adolescente&
1864 1626 2044 1700 quos
2096 1602 2377 1698 dignos,
2408 1598 2725 1687 idoneos,
2766 1601 2990 1675 adeo-

859 1742 999 1816 que
1053 1721 1282 1797 indole
1335 1723 1666 1799 moribus·
1706 1738 1781 1799 et
1830 1725 2113 1821 ingenio
2164 1732 2614 1818 comparatos
2666 1721 2757 1794 ad
2808 1744 2987 1795 suae

859 1833 1212 1913 Dioecesis
1235 1843 1693 1915 necessitates
1720 1840 1987 1915 bonum
2016 1852 2093 1911 et
2118 1838 2489 1934 spirituale
2520 1838 2983 1913 commodum

856 1954 1073 2050 probe
1109 1978 1570 2051 responsuros
1605 1957 2151 2031 existimaverit.
2188 1953 2325 2043 Qui
2360 1955 2651 2053 quidem
2691 1952 2987 2051 Episco-

859 2098 993 2173 pus
1045 2077 1116 2149 in
1165 2102 1296 2152 suo
1347 2076 1671 2153 obeundo
1720 2100 2015 2153 munere
2064 2098 2281 2173 super
2330 2076 2769 2152 orthodoxae
2814 2076 2981 2151 fidei

857 2218 1276 2295 morumque
1329 2198 1644 2272 doctrina
1698 2195 2129 2295 invigilandi,
2184 2219 2277 2271 ne
2326 2196 2499 2271 dum
2542 2197 2781 2294 quoad
2814 2194 2985 2271 illud

860 2314 1360 2403 Seminarium,
1420 2340 1667 2389 verum
1706 2318 1925 2390 etiam
1960 2317 2193 2413 quoad
2246 2316 2789 2403 Universitates‚
2850 2316 2989 2390 Ac·-

855 2432 1233 2519 cademias,
1290 2432 1402 2504 vel
1456 2430 1867 2528 Gymnasia,
1928 2434 2036 2507 vel
2089 2432 2261 2515 alias
2324 2432 2603 2508 scholas
2662 2432 2987 2530 publices

863 2550 1322 2646 privatasque
1377 2548 1568 2623 nullo
1619 2550 1833 2624 modo
1884 2552 2022 2626 erit
2073 2550 2587 2647 impediendus.

1016 2665 1346 2742 Profecto
1405 2690 1566 2741 eum
1634 2666 1945 2741 maxime
2008 2669 2293 2743 intersit
2348 2692 2697 2766 congruas
2758 2672 2975 2745 dota-

861 2787 1094 2861 tiones
1129 2788 1526 2860 necessario
1550 2808 1779 2883 usque
1814 2786 1903 2859 ad
1942 2787 2585 2882 opportunitatem,
2624 2788 2833 2863 sicuti
2868 2800 2981 2861 est

859 2902 928 2975 in
967 2924 1166 2977 more
1202 2904 1675 2999 institutoque
1710 2904 2051 2998 positum,
2093 2926 2519 2999 componere
2557 2926 2689 3000 pro
2726 2906 2983 2979 annuis

857 3023 1150 3120 singulis
1203 3022 1504 3120 praefati
1541 3019 1853 3118 Capituli
1880 3020 2307 3096 Praebendis
2359 3045 2630 3119 proque
2681 3024 2989 3120 quibus·-

731 3152 738 3162 ‘
859 3162 1166 3238 cumque
1214 3139 1592 3236 impendiis
1644 3140 1715 3211 in
1772 3137 1927 3233 ejus
1981 3137 2421 3213 Cathedralis
2494 3138 2837 3213 fabricam
2910 3151 2991 3215 et

855 3262 1238 3334 sacrarium
1275 3260 1612 3333 continuo
1638 3254 2110 3346 conferendis,
2142 3270 2297 3331 tum
2334 3256 2639 3354 denique
2668 3282 2799 3354 pro
2838 3260 2985 3333 eri·
3092 3310 3099 3319 -

859 3378 1064 3472 gendi
1119 3377 1488 3451 Seminarii
1529 3374 1946 3451 Dioecesani
1998 3376 2565 3451 substentatione
2618 3388 2693 3448 et
2747 3377 2981 3453 inere-

857 3508 1134 3582 ment03
1185 3496 1351 3569 hinc
1401 3496 1586 3569 dicta
1644 3495 2048 3590 Apostolica
2084 3495 2509 3570 auctoritate
2561 3497 2977 3583 statuimus,

857 3628 940 3689 ut
991 3614 1586 3712 quemadmodum
1643 3636 1683 3685 a
1736 3613 2019 3687 laudato
2056 3611 2413 3688 Gubernio
2440 3634 2785 3709 sponsum
2836 3630 2975 3701 est,

857 3734 991 3807 hae
1045 3732 1358 3831 singulae
1413 3732 1813 3807 dotationes
1866 3732 1955 3805 ad
2006 3730 2303 3804 aliarum
2364 3730 2783 3805 viciniorum
2838 3732 2977 3806 Ca-

859 3853 1284 3927 thedralium
1337 3850 1811 3927 Ecclesiarum
1866 3872 2189 3925 normam
2250 3850 2572 3946 protinus
2624 3853 2810 3935 inter
2862 3853 2977 3924 in·-

855 3970 1307 4068 frascriptum
1344 3972 1827 4069 praesentium
1858 3970 2415 4068 Exequutorem‚
2444 3972 2823 4045 sinautem
2860 3972 2975 4043 in·-

855 4106 966 4165 ter
1017 4090 1284 4188 Capitis
1337 4090 1616 4165 Haitani
1667 4090 2100 4187 'Episcopum
2164 4103 2240 4165 et
2298 4088 2681 4165 Haitanum
2734 4094 2969 4189 ipsum

863 4208 1296 4284 Gubernium
1349 4212 1834 4297 concilientur,
1874 4232 1955 4284 ac.
1990 4220 2189 4287 certo
2220 4223 2705 4310 perpetuoque
2760 4201 2974 4285 inodo
