3317 5267
851 402 1002 472 478

847 518 1018 590 rint.
1079 512 1274 604 Quae
1325 505 1554 607 poena
1603 515 2123 592 adolescentem
2180 539 2322 594 non
2375 517 2612 615 fregit,
2650 517 2777 592 sed
2816 541 2987 594 ere-

848 637 984 710 xit.
1043 635 1376 711 Triennio
1421 646 1675 710 exacto
1724 637 2121 736 lacrymans
2157 661 2543 736 precesque
2590 636 2901 713 fundens
2934 661 2984 713 a

851 753 1414 829 moderatoribus
1465 754 1871 852 seraphicae
1918 755 2329 853 disciplinae
2382 753 2763 830 restitutus
2828 767 2974 829 est.

857 870 1378 946 Adnumeratus
1432 871 1618 946 inter
1666 872 2125 949 discalceatos
2178 873 2432 947 fratres
2486 874 2557 945 in
2630 869 2981 947 coenobio

853 998 1142 1064 sanetae
1178 987 1438 1062 Mariae
1475 986 1902 1087 Angelorum
1929 989 2277 1077 Maniliae,
2310 990 2655 1087 tyrocinio
2682 1001 2979 1085 peracto

853 1105 1198 1182 solemnia
1273 1115 1444 1180 vota
1501 1105 1765 1180 emisit.
1834 1105 2039 1180 Anno
2090 1101 2647 1179 MDLXXXXVI
2726 1103 2981 1178 Cahite

857 1221 1326 1319 Acapulerum
1377 1221 1697 1320 petebat,
1750 1237 1833 1297 ut
1864 1235 2195 1322 parentes
2222 1224 2561 1298 inviseret
2596 1223 2717 1320 qui
2748 1222 2977 1298 filium

853 1340 1114 1415 iterum
1169 1341 1388 1424 sacris
1461 1339 1777 1415 vestibus
1836 1342 2161 1448 indutum
2198 1340 2529 1436 amplecti
2564 1337 2977 1434 cupiebant.

857 1457 1338 1556 Tempestatis
1391 1460 1461 1532 vi
1511 1457 1807 1556 abrepta
1842 1459 2045 1534 navis
2080 1482 2223 1534 non
2260 1460 2333 1532 in
2362 1456 2815 1532 Mexicanum
2848 1455 2977 1530 sed

855 1578 928 1650 in
979 1577 1342 1652 Urandum
1399 1578 1703 1652 Tozzani
1756 1577 2095 1676 Japoniae
2150 1590 2439 1676 portum
2474 1579 2794 1674 ingressa
2828 1587 2972 1649 est.

853 1693 1380 1770 Humanissime
1431 1709 1774 1794 exceptus
1828 1721 1869 1771 a
1921 1707 2123 1795 patre
2174 1696 2481 1773 Martino
2534 1695 2623 1768 ab
2704 1695 2977 1769 Ascen-

853 1815 1076 1900 sione,
1107 1814 1218 1888 cui
1271 1837 1510 1890 comes
1561 1819 1771 1891 datus
1822 1815 2079 1904 fuerat,
2138 1815 2403 1890 virtute
2456 1825 2531 1888 et
2584 1813 2979 1888 sanctimo-

853 1932 969 2004 nia
1021 1931 1310 2006 illustris
1365 1931 1584 2008 Meaci
1637 1957 1802 2008 cum
1860 1934 2007 2008 suis
2059 1931 2659 2008 commorabatur.

1008 2049 1072 2142 §.
1139 2050 1257 2122 13.
1315 2049 1564 2124 Frater
1615 2051 2031 2126 Franciscus
2084 2073 2126 2123 a
2162 2061 2411 2124 sancto
2446 2049 2785 2124 Michaele
2838 2070 2971 2122 na-

785 2173 796 2182 '
858 2167 1049 2242 tione
1099 2165 1438 2264 hispanus
1465 2192 1638 2243 usus
1672 2179 1783 2244 est
1834 2168 2247 2267 parentibus
2284 2166 2661 2241 Franciseo
2688 2164 2792 2240 De
2822 2163 2968 2240 An-

855 2285 1017 2358 drat
1066 2295 1141 2358 et
1193 2283 1396 2359 Clara
1447 2285 1536 2360 ab
1593 2287 1775 2362 Arcu
1845 2307 2101 2383 genere
2164 2296 2241 2359 ct
2292 2287 2556 2359 virtute
2595 2295 2967 2381 praestan-

857 2401 1174 2476 tissimis.
1232 2401 1528 2477 Pariliae
1554 2426 1775 2502 prope
1831 2404 2097 2478 Vallem
2136 2401 2325 2478 Oleti
2360 2403 2432 2476 in
2470 2402 2701 2477 lucem
2737 2401 2967 2476 editus

778 2573 790 2583 .
857 2529 994 2591 est.
1049 2517 1356 2594 Sortitus
1407 2521 1719 2593 animam
1771 2520 2032 2596 bonam
2082 2542 2481 2617 magnaque
2530 2519 2881 2594 industria
2928 2540 2971 2591 a

853 2657 1074 2730 puero
1125 2637 1520 2726 institutus,
1576 2641 1903 2714 omnium
1956 2637 2091 2712 sibi
2132 2640 2407 2713 animos
2444 2637 2965 2712 conciliaverat.

860 2751 996 2825 Vix
1045 2752 1339 2850 ephebis
1372 2758 1707 2844 excessit,
1747 2757 1937 2831 inter
1970 2756 2327 2854 seraphici
2352 2757 2618 2832 ordinis
2646 2755 2969 2831 alumnos

856 2873 1257 2969 provinciae
1308 2873 1402 2948 ab
1452 2875 1917 2952 Immaculata
1950 2874 2431 2974 conceptione
2460 2876 2969 2950 adnumeratus

855 3004 990 3066 est.
1049 2991 1152 3067 Ea
1205 2995 1422 3067 animi
1473 2996 1899 3073 demissione
1946 2993 2106 3084 fuit,
2152 3007 2235 3069 ut
2273 2995 2601 3093 quamvis
2652 2991 2971 3068 debiliori

847 3123 1046 3188 esset
1093 3133 1386 3210 corpore
1437 3119 1522 3188 ac*
1571 3114 1825 3188 litteris
1876 3114 2051 3189 satis
2102 3113 2446 3200 eruditus,
2488 3111 2681 3186 laicis
2720 3121 2965 3184 tamen

857 3228 1140 3325 adjungi
1167 3229 1673 3326 imploraverit.
1709 3229 2160 3306 Auster-itatis
2186 3231 2603 3327 Seraphieae
2630 3230 2966 3304 amantis-

853 3348 1080 3421 simus
1107 3347 1410 3426 triennio
1471 3355 1544 3426 in
1586 3352 1820 3449 Abroji
1848 3353 2246 3428 sanctuario
2274 3350 2603 3426 omnibus
2658 3349 2967 3423 admira-

857 3463 1032 3537 tioni
1057 3462 1216 3540 fuit.
1261 3467 1649 3565 Asperioris
1702 3470 1890 3542 vitae
1926 3469 2221 3565 cupidus
2292 3469 2363 3542 in
2431 3469 2869 3564 provinciam
2920 3488 2959 3536 a

849 3595 1100 3660 sancto
1136 3584 1400 3685 Joseph
1443 3589 1959 3685 commigravit.
2001 3588 2103 3661 Ad
2137 3585 2571 3684 Philippinas
2602 3584 2961 3684 profectus

857 3704 2093 3804 calamitates‚incommoda,injurias
2120 3703 2721 3802 contumeliasque
2732 3715 2967 3800 pertu-

856 3823 964 3897 lit.
995 3823 1236 3898 Multis
1263 3822 1522 3900 effulsit
1549 3823 1908 3920 prodigiis.
1946 3823 2279 3920 Regionis
2304 3821 2487 3896 illius
2512 3821 2679 3895 licet
2704 3843 2967 3894 sermo-

861 3941 972 4012 nis
1023 3941 1327 4029 nescius,
1380 3940 1707 4015 homines
1760 3952 2001 4015 tamen
2054 3941 2367 4014 maxima
2416 3939 2771 4037 religionis
2824 3940 2968 4012 uti-

859 4059 1059 4132 litate
1112 4069 1324 4156 atque
1375 4059 1813 4134 incremento
1867 4057 2013 4134 Deo
2077 4059 2373 4155 juvante
2452 4056 2963 4154 alloquebatur.

856 4173 1204 4250 Constitit
1249 4173 1466 4248 etiam
1495 4175 1567 4247 in
1595 4175 2062 4264 Camarieensi
2100 4174 2384 4272 regione
2418 4197 2633 4271 quam
2660 4175 2970 4250 miracu-

861 4295 948 4368 lis
1008 4293 1409 4368 illustravit.
