3317 5267
861 432 1007 504 386

866 549 1183 632 stabunt,
1240 566 1421 641 quae
1495 541 1583 614 ab
1663 544 1910 616 eadem
1973 543 2513 641 Metropolitana
2593 544 2996 642 ceterisque

867 667 1013 741 suis
1064 662 1522 758 suffraganeis
1558 661 1913 735 habentur
1967 674 2180 758 atque
2243 675 2692 738 exercentur.

1022 782 1169 855 lam
1224 802 1391 854 vero
1444 780 1530 852 ad
1582 802 1846 853 novam
1897 780 2069 855 dicti
2111 779 2482 856 Puniensis
2519 782 2998 880 Episcopatus

866 898 1350 973 fundationem
1406 906 1908 993 postet-amque
1985 896 2546 971 incolumitatem
2621 911 2698 973 et
2757 901 2994 973 incre-

872 1027 1197 1089 mentum
1250 1024 1439 1089 ratas
1492 1023 1569 1087 et
1618 1034 1840 1109 quam
1893 1014 2278 1087 solemnius
2315 1028 2640 1111 acceptas
2675 1034 2832 1089 esse
2865 1015 3002 1089 de-

870 1138 1231 1209 cernimus
1282 1156 1405 1207 eas
1457 1130 1890 1207 ‚Peruvianae
1948 1132 2402 1229 Reipublicae
2456 1134 2806 1210 Praesidis
2849 1134 3002 1209 Gu-

870 1254 1095 1328 bernii
1144 1254 1504 1349 religiosas
1576 1253 1996 1347 spons-iones
2052 1253 2216 1333 huic
2269 1251 2572 1327 Sanctae
2645 1254 2812 1328 Sedi
2891 1255 3006 1326 ul-

882 1384 995 1445 tro
1048 1371 1274 1471 datas,
1332 1390 1591 1466 nempe
1642 1369 1898 1441 mediis
1950 1381 2026 1441 et
2079 1369 2308 1443 modis
2360 1368 2691 1444 omnibus
2745 1370 2814 1443 in
2869 1394 3000 1445 sua

876 1486 1211 1561 facultate
1260 1487 1510 1583 positis
1557 1487 1906 1583 juvandi,
1953 1510 2034 1560 ac
2087 1510 2172 1561 ea
2223 1510 2364 1584 qua
2415 1510 2546 1583 par
2595 1498 2704 1561 est
2757 1488 3006 1561 muni-

796 1698 807 1707 ,
872 1605 1155 1683 ficentia
1210 1616 1283 1677 et
1337 1605 1730 1699 propedum
1811 1604 1898 1677 ad
1953 1626 2282 1677 normam
2359 1604 2662 1679 aliorum
2737 1626 2864 1701 per
2917 1628 3006 1678 ea

872 1725 1051 1798 loca·
1078 1722 1479 1795 extantium
1534 1720 2094 1817 Episcopatuum
2123 1744 2440 1818 congrue·
2461 1722 2806 1797 stabiliter
2841 1744 3006 1796 con-

874 1842 1146 1917 sulendi
1202 1842 1289 1915 iis
1338 1840 1670 1915 omnihus
1723 1852 1797 1913 et
1849 1840 2175 1937 singulm,
2249 1863 2430 1937 quae
2481 1842 2574 1915 ad
2623 1862 2802 1937 opus
2868 1842 3008 1917 hoc

880 1961 1381 2061 perficiendum
1435 1961 1830 2035 necessaria
1882 1972 1958 2033 et
2009 1973 2410 2055 opportuna
2469 1960 3000 2056 dignoscantur.

898 2152 905 2159 .
1027 2082 1135 2156 lta
1184 2080 1399 2176 igitur
1448 2092 1952 2176 comparentur
1986 2090 2470 2175 perpetuoque
2504 2079 3008 2175 adjudicentur

879 2213 987 2275 tot
1036 2201 1207 2273 satis
1260 2200 1673 2273 commodae
1727 2198 2198 2271 habitationes
2236 2198 2418 2271 bene
2445 2198 2836 2271 instructae
2873 2198 3006 2271 de·-

838 2346 841 2352 ·
878 2328 1263 2412 centesque
1318 2316 1525 2389 aedes
1576 2315 1678 2388 illi
1729 2314 2130 2389 cathedrali
2167 2314 2524 2389 Ecclesiae
2571 2316 2806 2412 quoad
2849 2316 3002 2389 fieri

877 2434 1145 2531 peterit
1181 2434 1672 2529 proximiores,
1711 2444 1890 2528 quot
1939 2456 2070 2529 pro
2112 2431 2484 2507 Puniensis
2521 2432 2855 2529 Episcopi
2889 2456 3008 2507 re-

880 2553 1183 2627 sidentia
1224 2604 1245 2637 ,
1300 2574 1430 2625 nec
1482 2574 1627 2625 non
1679 2574 1808 2648 pro
1861 2550 2070 2625 Curia
2123 2564 2196 2625 et
2249 2550 2676 2627 cancellaria
2759 2554 3012 2629 Eccle-

881 2670 1165 2745 siastica
1216 2668 1721 2742 convenienter
1771 2681 2098 2765 oportere
2169 2671 2454 2757 solent3
2521 2672 2711 2768 quod
2762 2675 2821 2747 si
2875 2696 3006 2747 ne-

880 2799 1147 2889 queant
1199 2798 1307 2859 tot
1359 2784 1760 2879 hujusmodi
1815 2788 2024 2861 aedes
2059 2788 2128 2859 in
2169 2788 2526 2884 praefatos
2567 2814 2740 2865 usus
2787 2790 3008 2883 libero

884 2926 1049 2983 cum
1100 2903 1413 2979 dominio
1478 2904 1856 3000 adjudicari
1903 2958 1924 2991 ,
1977 2906 2247 2979 interea
2325 2910 2668 3005 temporis
2706 2961 2729 2997 ‚
2783 2911 3010 2985 donec

888 3021 1000 3095 vel
1053 3032 1407 3106 emantur,
1440 3019 1576 3093 ·vel
1632 3021 2086 3095 aedificentur
2115 3073 2136 3108 ‚
2191 3023 2679 3119 decentesque'
2715 3048 3010 3121 compa-

885 3150 1133 3217 rentur
1173 3193 1194 3226 ,
1251 3140 1481 3235 pretio
1534 3139 2022 3213 conducantur
2073 3140 2164 3213 ab
2217 3142 2372 3236 ipso
2407 3140 2796 3231 Gubernio,
2839 3146 3006 3241 quin

888 3258 1325 3355 Episcopalis
1352 3256 1595 3335 Mensa
1622 3257 1718 3333 oh
1757 3258 1822 3331 id
1851 3271 2214 3359 gravetur,
2243 3284 2476 3364 neque
2503 3261 2644 3335 ulla
2679 3262 2753 3335 in
2789 3286 2868 3336 re
2898 3276 3012 3337 te·-

884 3388 1158 3451 anatur.

906 3538 953 3553 -·
1018 3492 1139 3573 ‚Ut
1191 3503 1431 3567 autem
1486 3491 1858 3567 Puniensis
1915 3494 2232 3569 Antistes
2285 3518 2372 3569 eo
2421 3518 2564 3591 quo
2597 3518 2728 3592 par
2751 3508 2868 3572 est
2897 3498 3014 3571 de·

888 3636 1063 3688 core.
1092 3634 1301 3696 ‚sinam
1358 3613 1780 3708 dignitatem
1857 3624 2142 3687 tueatur
2179 3666 2200 3702 ,
2255 3636 2388 3687 nec
2457 3638 2600 3689 non
2679 3616 3006 3691 oneribus

886 3742 1105 3826 atque
1159 3729 1558 3825 impendiis,
1612 3752 1799 3826 quae
1849 3732 1920 3802 in
1974 3756 2106 3806 suo
2140 3730 2544 3829 Episcopali
2569 3753 2864 3807 munere
2891 3758 3012 3829 op-

890 3858 1194 3943 portuna
1246 3847 1810 3943 comperiuntur,
1849 3848 2022 3923 satis
2059 3846 2290 3923 facere
2345 3848 2600 3936 valeat,
2641 3850 2799 3925 ideo
2833 3850 3008 3947 Epi-

892 3963 1248 4059 scopalem
1299 3963 1618 4039 Mensam
1675 3964 1772 4036 illi
1824 3966 2324 4039 constituimus
2403 3967 2652 4039 eodem
2724 3991 3012 4063 prorsus

892 4082 1105 4157 modo
1158 4092 1231 4155 et
1284 4101 1531 4157 norma
1584 4104 1711 4178 pro
1759 4080 2200 4179 Episcopatu
2278 4084 2366 4157 de
2435 4082 2750 4180 Mayinas
2792 4134 2813 4169 ‚
2887 4106 3014 4157 seu

891 4200 979 4279 de
1046 4198 1551 4301 Chachapoyae
1606 4198 1946 4277 Amistite
2037 4228 2078 4279 a
2167 4202 2548 4301 Republica
2624 4201 3012 4281 Peruviana
