3317 5267
855 480 948 549 54

847 592 1074 665 lectus
1159 588 1376 662 frater
1453 588 1935 663 Ferdinandus
2016 586 2693 685 Cuero-y-Caicedo'
2742 590 2977 667 bonae

847 706 1233 781 memoriae
1287 708 1565 780 vacanti
1631 689 2117 803 Popayanensi
2171 703 2525 779 Ecclesiae
2580 704 2974 803 Episcopus

846 826 1307 913 sufficeretur,
1387 838 1746 899 reservata
1816 824 1949 898 fuit
2001 834 2285 899 sanctae
2336 825 2500 898 huic
2572 824 2735 899 Sedi
2786 849 2971 901 nova

847 944 1162 1017 eiusdem
1191 941 1542 1018 Dioecesis
1577 944 2131 1042 circumscriptio
2166 965 2610 1041 quocumque
2650 954 2971 1039 tempore

847 1076 922 1139 et
971 1064 1183 1138 modo
1235 1062 1572 1139 facienda.
1616 1062 1753 1155 Qui
1789 1064 2073 1160 quidem
2100 1088 2105 1094 ·
2130 1062 2468 1152 AntisteS,
2524 1063 2792 1159 aliquot
2852 1062 2974 1136 ab-

738 1192 778 1223 )
845 1182 1011 1255 hinc
1044 1181 1272 1269 annis,
1311 1206 1449 1256 una
1503 1206 1666 1257 cum
1706 1206 1835 1257 suo
1872 1180 2193 1279 Capitulo
2224 1180 2619 1255 Cathedrali
2653 1181 2971 1277 apprime

847 1298 1358 1386 consentiente,
1388 1300 1632 1387 enixas
1686 1300 1775 1373 ad
1808 1298 1953 1373 Nos
1990 1321 2241 1394 preces·
2284 1298 2971 1395 supplicationesque

857 1414 1078 1502 misit,
1136 1426 1217 1490 ut
1267 1439 1358 1489 ex
1431 1414 1792 1488 inferenda
1845 1398 2349 1511 Popajanensis
2428 1412 2779 1490 Dioeeesis
2830 1414 2973 1489 cir-

846 1533 1421 1628 cumscriptione,
1477 1534 1654 1606 alter
1704 1545 2251 1629 componeretur
2314 1530 2781 1629 Episcopatus
2834 1530 2973 1604 Ca—

847 1650 1170 1725 thedram
1252 1663 1328 1725 et
1377 1650 1631 1726 Sedem
1717 1652 1788 1723 in
1861 1652 2086 1725 civico
2146 1650 2423 1747 Oppido
2499 1648 2977 1747 Pastopolita-

845 1791 940 1842 no
991 1769 1364 1843 commode
1448 1780 1990 1864 opportuneque
2053 1768 2451 1842 habiturus.
2509 1766 2973 1865 Coinpertum

851 1887 1042 1959 enim
1135 1885 1352 1961 Nobis
1433 1901 1544 1959 est
1623 1885 2039 1961 hodiernam
2120 1886 2683 1983 Popajanensem
2761 1884 2975 1959 Dioe-

845 2005 1064 2077 cesim
1137 2026 1350 2099 quam
1426 2003 1769 2075 latissime
1850 2027 2005 2077 esse
2083 2016 2487 2099 protentam
2528 2054 2550 2091 ,
2634 2004 2975 2099 plurimas

847 2144 979 2216 per
1029 2144 1114 2194 ea
1164 2121 1344 2206 loca,
1403 2120 1819 2217 plerumque
1857 2120 2074 2210 invia,
2126 2122 2481 2195 salebrosa
2520 2131 2594 2194 et
2630 2120 2811 2193 aeris
2864 2121 2979 2192 in·-

845 2239 1266 2312 elementiae
1319 2238 1625 2312 obnoxia
1677 2238 1961 2311 dissitas
2020 2236 2414 2326 ParoeeiaS,
2472 2239 2977 2335 ingentemque

847 2354 1234 2431 incolarum
1313 2376 1689 2427 numerum
1745 2354 2134 2428 continere.
2212 2354 2324 2429 Ex
2377 2378 2521 2452 quo
2573 2355 2843 2441 evenit,
2897 2367 2980 2427 ut

847 2470 1000 2564 ejus
1075 2493 1203 2566 pro
1285 2480 1603 2566 tempore
1670 2470 2013 2559 Antistes‚
2056 2482 2179 2557 ‚tot
2243 2472 2429 2545 curis
2478 2470 2980 2567 laboribusque

846 2588 1106 2684 impar,
1157 2588 1615 2685 quantumvis
1693 2599 2057 2662 strenuam
2128 2590 2584 2686 sedulamque
2645 2588 2983 2685 praebeat

848 2728 1170 2801 operam,
1204 2706 1422 2782 totius
1451 2703 1805 2784 Dioecesis
1836 2709 2429 2803 procurationem,
2470 2705 2591 2779 ubi
2626 2718 2981 2803 oporteat,

849 2833 1158 2917 nequeat
1209 2821 1518 2918 explere,
1570 2836 1695 2895 aut
1740 2823 1997 2897 saltem
2050 2823 2473 2897 sufficienter
2525 2846 2653 2919 pro
2706 2822 2981 2897 huma-

845 2940 958 3012 nis
1037 2939 1302 3013 viribus
1379 2940 1764 3014 exantlare.
1850 2938 2292 3037 Expediebat
2345 2940 2585 3035 igitur,
2666 2952 2747 3013 ut
2798 2940 2983 3013 alter

847 3056 1220 3131 adderetur
1275 3054 1618 3142 AntisteS,
1657 3059 1781 3155 qui
1844 3080 2083 3153 opere,
2114 3078 2441 3133 sermone
2494 3070 2567 3131 et
2623 3056 2981 3153 vigilantia

847 3174 1326 3269 spiritualibus
1401 3177 1815 3249 eorumdem
1866 3172 2439 3247 Christifidelium
2516 3173 2977 3249 necessitati-

845 3290 982 3365 hus
1033 3294 1470 3391 praesentius
1523 3304 1845 3366 occurrat
1874 3344 1897 3378 ‚
1970 3303 2185 3389 atque
2236 3292 2411 3367 adeo
2464 3302 2743 3387 satagat
2793 3313 2975 3387 quae

847 3405 1084 3484 forsan
1131 3410 1478 3484 deteriora
1505 3409 1939 3504 irrepserint,
1988 3410 2091 3481 vel
2130 3432 2255 3504 pro
2311 3406 2575 3485 viribus
2626 3419 2973 3493 avertere,

847 3526 960 3598 vel
1011 3526 1383 3601 salubriter
1461 3528 1757 3613 mederi,
1832 3538 2223 3623 cunctaque
2274 3550 2543 3623 gerere,
2601 3549 2781 3624 quae
2834 3526 2983 3599 uti-

806 3705 812 3711 .
847 3640 1022 3717 liora
1073 3653 1286 3741 atque
1338 3645 1839 3742 opportuniora
1866 3666 2023 3719 esse
2074 3645 2143 3717 in
2182 3643 2484 3719 Domino
2522 3644 2973 3721 videbuntur.

847 3760 928 3833 ln
982 3761 1226 3856 primis
1276 3774 1515 3837 autem
1571 3762 1669 3834 illi
1720 3762 2269 3838 adlaborandum
2324 3764 2463 3838 erit
2500 3816 2520 3851 ,
2584 3776 2667 3835 ut
2717 3760 2983 3836 Eccle—

849 3878 1292 3953 siasticorurn
1359 3878 1829 3953 Alumnorum
1882 3880 2353 3955 Seminarium
2404 3880 2823 3967 constituam
2876 3880 2987 3952 ita·

749 4038 756 4048 ·
847 3996 1049 4090 pueri
1099 3997 1172 4069 in
1225 4009 1492 4073 sortem
1554 3996 1837 4071 Domini
1889 3998 2145 4085 vocati,
2178 3998 2433 4073 litteris
2474 3996 2821 4093 bonisque
2868 3997 2987 4069 di-

845 4111 1160 4207 sciplinis
1214 4116 1519 4191 instituti
1593 4118 1665 4189 in
1722 4112 2089 4189 Dominica
2144 4117 2347 4193 vinea
2400 4115 2783 4191 excolenda
2834 4115 2983 4187 uti-

847 4228 1094 4303 liorem
1147 4254 1438 4327 operam
1491 4231 1883 4319 navabant,
1914 4244 2129 4329 atque
2177 4230 2613 4307 Catholicam
2670 4230 2981 4326 Religio—

839 4365 1014 4418 nem
1069 4346 1138 4420 in
1196 4348 1280 4423 iis
1355 4349 1779 4445 praesertim
1832 4346 2259 4447 Coquetanis
2336 4346 2762 4443 Regionibus
2814 4369 2983 4443 pro-
