3317 5267
853 418 1236 607 :gssodum
1287 525 1360 599 in
1416 524 1652 597 relatis
1712 518 2319 599 Conventionibus
2384 524 2739 600 sancitum
2818 540 2939 604 ost
2974 582 3001 617 ‚

853 652 1038 721 intra
1091 644 1540 741 septuaginta
1581 653 1658 716 et
1708 642 2097 739 nonaginta
2148 643 2565 717 eorumdem
2618 658 3011 743 argenteo-

853 790 1016 843 rum
1065 763 1288 837 millia
1337 785 1379 835 a
1441 761 1759 859 praefato
1830 760 2029 859 regio
2080 758 2442 837 Gubernio
2500 780 3013 859 permanenter

854 883 1358 981 rependantur.
1393 882 1711 957 Tandem
1751 882 1983 979 quoad
2018 880 2328 977 singulas
2366 880 2807 977 parochiales
2858 883 3009 959 Ee·-

855 1006 1104 1081 clesias
1129 1004 1352 1081 totius
1381 1000 1845 1077 Victoriensis
1874 998 2229 1075 Dioecesis
2258 998 2328 1073 id
2356 1000 2554 1073 iuxta
2576 1000 3009 1076 conventio-

857 1144 986 1197 nes
1035 1122 1256 1211 ipsas,
1311 1142 1470 1195 eam
1525 1118 1949 1215 praesertim
1995 1114 2495 1191 additionalem
2532 1118 2671 1193 diei
2706 1120 3007 1216 quintae

859 1238 1142 1336 augusti
1179 1236 1475 1335 praefati
1533 1236 1697 1308 anni
1752 1234 2109 1309 millesimi
2164 1234 2733 1331 octingentesimi
2788 1237 3011 1334 quin-

861 1354 1254 1453 quagesimi
1307 1352 1502 1439 noni,
1559 1362 1836 1425 sartum
1894 1362 2307 1448 tectumque
2344 1350 2699 1437 volumus,
2736 1362 2823 1424 ut
2874 1372 3009 1449 pro

864 1470 1142 1548 illarum
1180 1490 1604 1565 unaquaque
1635 1468 1727 1541 ad
1762 1468 1915 1563 ejus
1951 1466 2515 1541 incolumitatem
2546 1465 2815 1563 jugiter
2850 1490 3013 1540 ser-

867 1589 1172 1663 vandam
1205 1588 1675 1683 divinumque
1716 1586 1987 1661 cultum
2028 1584 2199 1660 inibi
2236 1584 2671 1673 obeundum,
2710 1586 3017 1661 firmiter

869 1706 1275 1803 adsignetur
1325 1726 1632 1801 congrua
1682 1726 1917 1777 annua
1968 1724 2279 1790 summa,
2322 1724 2505 1800 quae
2544 1704 2857 1779 millibus
2902 1706 3015 1779 di-
3138 1699 3149 1707 ’

871 1834 1030 1899 ctae
1081 1835 1410 1898 monetae
1463 1824 1821 1920 argenteis
1872 1845 2241 1920 nunquam
2281 1834 2356 1897 et
2394 1822 2641 1897 nullibi
2676 1826 2775 1897 sit
2829 1824 3016 1899 infe-

870 1940 1038 2029 rior,
1093 1951 1308 2038 atque
1343 1963 1473 2036 pro
1509 1936 1849 2015 Parochis
1886 1940 1960 2013 in
2000 1938 2309 2013 Urbanis
2344 1936 2701 2015 Paroeciis
2736 1964 3017 2015 annuus

871 2058 945 2131 in
1005 2054 1558 2154 uniuscujusque
1615 2054 2105 2131 Praebendam
2159 2052 2643 2131 Parochialem
2694 2058 3017 2131 redditus
3082 2084 3090 2090 ·

871 2175 1058 2249 intra
1094 2174 1230 2248 tria
1279 2186 1358 2249 et
1405 2176 1650 2250 decem
1692 2174 1939 2262 millia3
1976 2174 2049 2246 in
2092 2172 2467 2248 Ruralibus
2506 2198 2675 2251 vero
2707 2177 3012 2251 duorum

875 2294 1128 2371 saltem
1163 2294 1464 2369 millium
1519 2307 1594 2370 et
1643 2295 1887 2370 hiscen
1900 2307 2049 2369 tum
2114 2306 2609 2392 argenteorum
2670 2296 3015 2371 similium

877 2412 1428 2499 constituantur,
1463 2424 1681 2509 atque
1732 2414 2021 2486 demum
2076 2410 2555 2488 Parocborum
2608 2413 3019 2489 huiusmodi

883 2524 1339 2629 coadjutores
1391 2538 1466 2601 et
1516 2524 1849 2603 Canonici
1903 2529 2089 2601 intra
2142 2530 2283 2605 duo
2334 2540 2411 2603 et
2458 2540 2767 2628 quatuor
2802 2530 3019 2605 millia

883 2655 1377 2739 argenteorum
1431 2642 1839 2720 huiusmodi
1876 2644 2439 2720 emolumentum
2468 2645 2869 2736 obtineant3
2894 2670 3023 2721 su-

883 2784 1013 2858 per
1063 2758 1324 2857 quihus
1359 2760 1648 2856 quidem
1686 2761 2155 2859 adimplendis
2208 2764 2623 2837 necessariis
2646 2764 3027 2839 dotationi-

885 2878 1022 2955 hus
1055 2877 1198 2955 Nos
1234 2877 1681 2966 confidimuS,
1738 2900 1858 2953 eas
1892 2902 2145 2955 omues
2180 2890 2503 2975 spectata
2540 2880 2819 2978 Regalis
2854 2878 3027 2954 Gu-

885 2996 1112 3073 bernii
1163 2994 1406 3094 praesa
1415 2997 1464 3069 ti
1519 3020 1689 3071 cura
1722 3008 1799 3070 et
1834 2996 2165 3093 religione
2218 3020 2350 3095 pro
2402 2998 2681 3075 illorum
2718 2997 3029 3073 Christi-

883 3116 1196 3195 fldelium
1249 3116 1801 3193 necessitatibus
1852 3116 2069 3191 etiam
2106 3116 2195 3190 ad
2230 3118 2837 3215 opportunitatem
2876 3116 3027 3194 fore

897 3238 1276 3334 augendas.

1048 3354 1450 3441 Praeterea,
1507 3356 2108 3451 quemadmodum
2158 3359 2231 3430 in
2288 3358 2463 3455 ipsis
2516 3356 3029 3433 conventioni-—

893 3471 1028 3548 hus
1079 3472 1484 3548 consultum
1533 3484 1610 3547 et
1674 3494 2089 3568 expressum
2154 3474 2290 3577 fuit
2319 3527 2340 3562 ‚
2404 3476 2554 3572 pari
2622 3474 3027 3573 Apostolica

893 3589 1320 3665 auctoritate
1385 3588 1857 3684 praecipimus
1898 3638 1919 3676 ,
1996 3592 2189 3688 quod
2256 3593 2445 3667 idem
2524 3590 2959 3667 Gubernium
3002 3644 3025 3679 ,

896 3706 1128 3803 quoad
1181 3704 1432 3781 melius
1483 3707 2019 3804 accuratiusque
2068 3707 2220 3783 fieri
2272 3710 2418 3785 cito
2476 3710 2765 3806 poterit,
2818 3710 3025 3806 juxta

895 3824 1328 3921 desponsam
1377 3834 1881 3920 acceptamque
1930 3823 2143 3899 fidem
2196 3826 2459 3901 efficiat
2504 3848 2781 3922 reapse,
2820 3837 2907 3899 ut
2936 3826 3029 3901 ad

897 3942 1038 4020 hoc
1069 3964 1248 4039 opus
1289 3940 1399 4017 vel
1433 3940 1524 4017 de
1549 3962 1738 4017 novo
1772 3952 2229 4018 construatur
2254 3932 2369 4019 'vel
2393 3956 2849 4043 comparetur
2883 3944 3033 4041 pla-

903 4082 1132 4156 neque
1183 4058 1622 4157 adjudicetur
1643 4121 1656 4133 ,
1674 4060 1751 4135 in
1793 4057 2219 4137 ‘Victoriensi
2282 4064 2571 4139 civitate
2634 4062 3031 4137 aedificium

903 4178 1076 4253 satis
1107 4178 1354 4275 ample.
1369 4178 1707 4273 idoneum
1746 4179 2059 4276 satisque
2094 4181 2427 4259 decenter
2458 4182 2880 4259 concinnum
2926 4190 3037 4252 at-
