3317 5267
2332 430 2445 505 73·
2550 498 2563 513 .

204 618 212 623 .
309 552 808 655 impertiendo,
849 566 931 629 ut
978 550 1092 627 his
1143 552 1360 627 etiam
1395 546 1735 629 accedant
1768 552 1911 627 duo
1944 548 2045 625 ita
2081 548 2219 625 illic
2262 546 2451 625 dicti·

309 672 686 749 Portinarii
712 725 732 761 ‚
789 672 1044 768 aliique
1097 670 1238 745 duo
1289 669 1849 766 Semiportinarii
1904 692 1989 743 ac
2036 678 2183 742 tres
2231 662 2441 741 Man—-

309 793 600 867 sionarii
651 815 777 866 seu
827 789 1162 864 Chorales
1201 784 1632 886 Cappellani,
1670 806 1997 885 unusque
2024 784 2435 883 Gregoriani

308 924 562 985 cantus
613 910 944 995 director,
999 930 1082 980 ac
1149 906 1711 982 commendando
1742 958 1763 992 ‚
1818 918 1901 981 ut
1950 906 2247 1001 exiguus
2299 904 2435 977 iste

309 1025 820 1124 Capitularium
880 1046 1245 1111 numerus,
1281 1042 1518 1120 quam
1567 1022 1879 1119 primum
1930 1021 2083 1095 fieri
2140 1018 2431 1117 poterit,

311 1153 678 1240 augeatur.
735 1140 1186 1235 Indulgentes
1237 1139 1675 1235 ceteroquin,
1728 1149 1811 1211 ut
1860 1137 2177 1234 singulae
2222 1136 2433 1213 huius

309 1256 616 1355 Capituli
652 1257 1098 1356 praebendae
1147 1256 1294 1330 sint
1337 1254 1600 1329 liberae
1656 1252 2075 1329 Parmensis
2126 1254 2197 1325 in
2244 1264 2442 1327 tem-

309 1399 486 1473 pore
539 1374 896 1451 Antistitis
947 1376 1414 1471 provisiones,
1463 1373 1749 1469 praevio
1802 1384 2043 1446 tamen
2096 1394 2442 1447 concursu

310 1496 548 1593 quoad
599 1494 1096 1591 Theologalem
1149 1505 1226 1567 et
1259 1491 1911 1578 Poenitentiariam,
1940 1491 2251 1589 aliasque
2286 1492 2445 1563 ani-

311 1632 592 1685 marum
617 1632 860 1685 curam
888 1610 1449 1707 praeseferentes
1475 1608 1677 1682 iuxta
1702 1628 2063 1683 sacrorum
2088 1630 2455 1683 canonum·

311 1740 392 1802 et
427 1728 990 1825 Apostolicarum
1027 1728 1620 1835 constitutionum
1656 1726 2171 1823 praescriptum
2210 1726 2448 1801 omni-

311 1868 410 1921 no
462 1846 950 1921 conferendae.
1009 1844 1385 1937 Quodvero
1437 1844 1757 1943 pertinet
1816 1845 1903 1919 ad
1956 1852 2195 1919 sacros
2260 1844 2445 1918 ritus

313 1963 390 2035 in
439 1963 688 2037 eadem
737 1961 1118 2037 Paranensi
1191 1962 1592 2037 Gathedrali
1670 1962 1915 2035 sedulo
1977 1961 2443 2057 peragendos,

317 2102 400 2152 ac
453 2080 540 2155 ad
591 2081 924 2155 decoram
991 2082 1424 2179 gravitatem
1485 2082 1588 2153 eis
1651 2080 2177 2154 adsciscendam
2251 2076 2445 2176 Apo-

315 2199 566 2273 stolica
619 2199 790 2273 item
846 2202 1268 2275 auctoritate
1345 2200 1821 2296 praecipimus
1859 2252 1881 2286 ,
1936 2209 2019 2273 ut
2068 2220 2319 2273 omnes
2372 2209 2451 2273 et

319 2318 580 2412 singuli
610 2372 630 2405 ,
687 2321 807 2418 qui
861 2319 1262 2394 Cathedrali
1325 2321 1460 2417 ipsi
1527 2318 1851 2416 Capitulo
1904 2330 1979 2391 et
2032 2316 2235 2393 Clero
2285 2314 2445 2393 fue-

321 2437 472 2509 rint
521 2438 926 2534 mancipati,
983 2449 1360 2513 teneantur
1410 2460 1492 2511 ea
1545 2438 1616 2510 in
1670 2436 1985 2539 Ecclesia
2037 2436 2272 2511 divina
2336 2432 2447 2511 of·-

323 2552 485 2627 flcia
537 2566 950 2652 ceterasque
1028 2553 1558 2629 Ecclesiasticas
1627 2552 2027 2628 functiones
2076 2564 2151 2626 et
2202 2551 2448 2625 munia

320 2670 460 2745 rite
512 2672 600 2745 ad
653 2673 946 2746 aliarum
981 2671 1500 2747 Cathedralium
1531 2694 1855 2746 normam
1892 2672 2261 2767 diligenter
2294 2668 2453 2745 obi-

331 2810 438 2876 re,
477 2812 560 2863 ac
595 2812 680 2863 ea
715 2791 788 2863 in
823 2789 1224 2864 choralibus
1257 2789 1548 2886 aliisque
1599 2788 2099 2886 capitularibus
2138 2788 2451 2865 functio-

327 2906 538 2981 nibus
589 2908 982 3005 respective
1031 2916 1298 3003 queant
1349 2918 1650 3003 gestare,
1708 2918 1923 3003 atque
1956 2905 2286 2981 adhibere
2338 2908 2455 2981 in-

327 3025 695 3111 dumenta,
733 3023 851 3099 vel
881 3024 1100 3099 etiam
1152 3025 1478 3121 insignia,
1530 3047 1712 3121 quae
1762 3022 1853 3097 ab
1888 3024 2041 3097 aliis
2082 3025 2453 3098 viciniori-

337 3140 474 3217 bus
511 3140 854 3239 Capitulis
891 3153 969 3217 et
995 3140 1216 3217 Cleris
1253 3142 1769 3217 cathedralibus
1803 3141 2021 3238 probe
2058 3157 2451 3240 gestantur,

335 3272 414 3331 et
460 3258 882 3333 adhibentur
920 3313 941 3347 ,
1023 3258 1444 3335 declarando
1494 3246 1685 3355 quod
1738 3258 1989 3333 effatae
2067 3258 2457 3335 Parochiali

331 3375 696 3453 Ecclesiae
748 3377 1106 3455 Parochus
1143 3380 1434 3476 eiusque
1469 3380 1937 3466 coadiutoreS,
1976 3381 2213 3466 sartis,
2246 3381 2457 3457 tectis

333 3500 748 3599 ceteroquin
799 3502 1096 3575 servatis
1147 3499 1282 3573 sibi
1335 3499 1753 3597 praebendis
1804 3511 1882 3574 et
1924 3502 2450 3593 emolumentis,

340 3638 524 3712 quae
577 3616 842 3703 viritim
893 3618 996 3691 eis
1051 3616 1393 3691 attributa
1429 3620 1987 3716 comperiuntur,
2026 3642 2167 3693 non
2204 3642 2461 3695 accen-

341 3747 634 3810 seantur
681 3738 788 3810 uti
840 3734 1172 3811 Canonici
1223 3737 1310 3811 de
1363 3740 1630 3835 gremio
1682 3740 1867 3813 illius
1919 3736 2278 3834 Capituli,
2333 3738 2455 3811 sed

335 3854 808 3929 admittantur
857 3854 964 3928 uti
1017 3852 1352 3929 Canonici
1405 3854 1785 3944 honorarii,
1842 3857 1992 3952 qui,
2044 3856 2291 3927 iisdem
2330 3856 2464 3928 ad-

333 3968 580 4042 hibitis
631 3968 1028 4045 choralibus
1082 3972 1539 4060 indumentiS,
1577 3974 1853 4069 possint
1904 3995 2035 4069 pro
2070 3970 2297 4046 lubitu
2346 3972 2461 4046 ‹li-s

335 4085 522 4159 vinis
571 4084 818 4163 officiis
871 4100 946 4163 et
994 4087 1506 4165 Ecclesiasticis
1557 4088 2117 4188 quibuscumque
2153 4088 2463 4163 functio-

337 4200 546 4276 nibus
593 4202 732 4281 illic
781 4204 1122 4283 interesse
1153 4260 1175 4297 ,
1231 4218 1308 4281 et
1355 4207 1766 4281 immediate
1826 4219 1992 4303 post
2068 4205 2456 4281 Canonicos
