3317 5267
858 479 1161 670 5eli2tum
1216 591 1315 666 fui
1328 603 1381 679 t,
1428 591 1555 677 Te,
1616 587 2054 664 Venerabilis
2107 587 2388 677 Frater,
2447 589 2742 666 huiusce
2815 591 3004 670 Gou-

862 727 1115 791 ventus
1166 725 1538 786 auctorum
1592 710 1918 809 precibus
1971 721 2408 784 annuentem
2461 709 2795 787 tribuisse
2881 738 3006 790 ve·

856 835 1049 908 niam
1102 829 1499 906 celebrandi
1570 829 1904 904 eumdem
1993 825 2444 902 Conventum
2473 879 2498 916 ,
2553 852 2638 902 ae
2727 853 3014 906 sacrum

854 950 1155 1024 solemni
1206 947 1351 1021 ritu
1404 945 1790 1044 peregisse,
1844 957 1919 1019 et
1970 944 2530 1020 consultationes
2582 946 2656 1019 in
2747 949 3010 1022 eodem

857 1067 1003 1143 Con
1018 1076 1233 1140 ventu
1283 1064 1484 1136 iuxta
1537 1061 1923 1136 catholicae
1975 1060 2334 1136 Ecclesiae
2385 1063 2783 1138 doctrinam
2870 1065 3012 1138 ha-

854 1185 1039 1262 bitas
1092 1181 1335 1269 fuisse,
1394 1191 1469 1254 et
1522 1193 1908 1278 postquam
1961 1181 2183 1277 ipsius
2240 1179 2653 1257 Conventus
2691 1183 2828 1256 viri
2879 1207 3014 1280 per

753 1327 761 1335 ·
859 1300 1191 1378 eumdem
1244 1299 1574 1376 nuntium
1630 1296 2111 1396 Apostolicam
2167 1297 2504 1374 Nostram
2573 1300 3010 1397 implorave-

856 1429 1023 1492 runt
1074 1415 1694 1504 Benedictionem,
1750 1415 1948 1490 nulla
1999 1416 2426 1512 interposita
2459 1437 2688 1504 mora,
2743 1417 2881 1514 piis
2917 1419 3012 1492 il-

852 1538 1083 1614 lorum
1138 1538 1323 1611 votis
1376 1535 2051 1612 obsecundavimus.
2114 1537 2418 1612 Summa
2443 1559 2612 1611 vero
2639 1537 3010 1612 anxietate

857 1654 1047 1729 Tuas
1098 1653 1653 1749 expectabamus
1709 1651 2046 1743 Litteras,
2105 1665 2186 1728 ut
2249 1677 2294 1726 a
2349 1653 2452 1729 Te
2485 1707 2506 1741 ,
2561 1651 3002 1728 Venerabilis

858 1759 1127 1858 Frater,
1182 1774 1718 1848 accuratissime
1773 1796 2064 1848 noscere
2115 1793 2491 1870 possemus
2545 1795 2654 1866 ⁸ea
2703 1775 2946 1848 omnia
2965 1809 3000 1860 s,

852 1915 1035 1988 quae
1086 1893 1177 1966 ad
1229 1893 1563 1967 eumdem
1618 1892 2078 1968 Conventum
2133 1895 2388 1994 quovis
2442 1891 2656 1966 modo
2705 1905 3010 1987 possent

854 2010 1231 2107 pertinere.
1290 2008 1494 2084 Nunc
1524 2021 1772 2085 autem
1809 2033 1976 2086 cum
2029 2035 2070 2085 a
2125 2011 2230 2085 Te
2263 2009 2786 2108 acceperimus,
2813 2031 3006 2106 quae

852 2127 1032 2202 scire
1087 2127 1196 2202 vel
1252 2130 1565 2202 maxime
1620 2129 2107 2227 cupiebamuS,
2163 2151 2246 2202 ea
2297 2151 2426 2225 spe
2479 2127 2782 2204 nitimur
2817 2124 3000 2215 fore,

853 2259 933 2321 ut
986 2248 1401 2323 huiusmodi
1454 2251 1850 2346 negotium,
1887 2249 2488 2348 quemadmodum
2517 2247 2802 2334 asseris,
2849 2243 3004 2324 Deo

852 2367 1263 2456 auxiliante,
1294 2369 1367 2440 in
1416 2369 1760 2442 maiorem
1799 2367 2190 2448 catholicae
2225 2368 2314 2440 in.
2333 2363 2712 2440 Germania
2745 2363 2996 2439 Eccle-

851 2483 997 2558 siae
1048 2486 1432 2560 utilitatem
1485 2486 1719 2560 cedat.
1779 2485 2130 2584 Equidem
2169 2507 2336 2561 cum
2389 2505 2642 2560 omnes
2675 2482 2996 2558 eiusdem

854 2601 1265 2678 Conventus
1310 2605 1466 2688 viri,
1520 2605 1740 2679 veluti
1791 2607 2066 2692 scribis,
2123 2605 2556 2680 asseruerint
2581 2656 2604 2691 ,
2659 2602 3002 2678 scientia-

850 2741 1011 2794 rum
1048 2743 1528 2817 progressum,
1584 2733 1659 2795 et
1709 2719 1989 2796 felicem
2047 2723 2322 2797 exitum
2376 2723 2450 2795 in
2483 2720 2886 2797 devitandis
2911 2731 3034 2794 ac'

846 2835 1235 2914 refutandis
1270 2839 1706 2914 miserrimae
1745 2853 2028 2916 nostrae
2063 2841 2318 2916 aetatis
2343 2839 2702 2915 erroribus
2752 2840 2984 2914 omni-

855 2979 947 3030 no
974 2958 1281 3052 pendere
1306 2956 1397 3032 ab
1424 2959 1693 3032 intima
1745 2982 1912 3056 erga
1951 2960 2289 3032 veritates
2325 2957 2676 3034 revelatas
2729 2957 3000 3031 adhae-

850 3074 1075 3162 sione,
1142 3095 1319 3171 quas
1376 3075 1726 3150 catholica
1778 3076 1988 3150 docet
2038 3073 2380 3164 Ecclesia,
2438 3074 2570 3172 ipsi
2609 3085 2994 3162 noverunt,

850 3213 933 3263 ac
984 3190 1281 3288 professi
1333 3202 1505 3266 sunt
1558 3193 1752 3265 illam
1808 3193 2214 3282 veritatem,
2271 3215 2490 3290 quam
2547 3191 2696 3268 veri
2737 3191 3002 3266 catho-

849 3309 965 3386 lici
1016 3311 1333 3386 scientiis
1388 3311 1792 3386 excolendis
1858 3322 1932 3384 et
1987 3312 2400 3386 evolvendis
2449 3309 2670 3384 dediti
2709 3331 3000 3405 semper

859 3439 1177 3522 tenuere,
1234 3451 1315 3500 ac
1369 3428 1849 3507 tradiderunt.
1909 3427 2140 3526 Atque
2194 3429 2330 3502 bac
2389 3428 2692 3502 veritate
2767 3425 2994 3528 innixi

849 3559 1237 3646 potuerunt
1292 3551 1424 3648 ipsi
1478 3552 1870 3648 sapientes,
1926 3573 2008 3626 ac
2061 3553 2211 3626 veri
2237 3550 2564 3628 catholici
2603 3550 2734 3626 viri
2759 3550 2998 3628 scien-

852 3667 985 3746 tias
1038 3669 1323 3742 easdem
1376 3681 1537 3745 tuto
1586 3671 1938 3760 excolere,
1993 3671 2400 3768 explanare,
2455 3693 2720 3768 easque
2779 3667 2994 3744 utiles

848 3795 1239 3882 certasque·
1277 3787 1591 3862 reddere.
1649 3785 1854 3878 Quod
1908 3790 2194 3886 quidem
2281 3787 2584 3864 obtineri
2659 3810 2806 3863 non
2857 3810 2990 3883 po-

852 3915 1019 3991 test,
1074 3905 1133 3976 si
1186 3903 1539 3980 humanae
1590 3907 1890 3982 rationis
1944 3908 2184 3982 lumen
2237 3907 2494 3983 finibus
2546 3905 2998 3981 circumscri-

852 4033 1056 4120 ptum
1109 4045 1229 4096 eas
1282 4047 1565 4120 quoque
1621 4026 1958 4099 veritates
2016 4027 2534 4125 investiganda,
2591 4049 2772 4122 quas
2831 4047 2996 4121 pro-

855 4139 1027 4242 priis
1120 4139 1385 4214 viribus
1464 4155 1541 4214 et
1618 4141 2074 4219 facultatibus
2151 4142 2431 4242 assequi
2485 4154 2725 4240 potest
2769 4193 2792 4228 ,
2847 4163 2991 4215 non

857 4269 1235 4352 veneretur
1322 4261 1632 4336 maxime
1680 4313 1700 4350 ,
1793 4276 1876 4336 ut
1963 4285 2087 4361 par
2177 4275 2290 4336 est
2354 4314 2375 4351 ,
2467 4257 2832 4339 infallibile
2915 4267 2994 4330 et
