3317 5267
905 461 1051 532 622

908 617 918 626 ⁹
1022 625 1492 710 vunnumuwls
1534 623 1842 674 rmrmvs
1880 619 2133 669 amomo
2175 619 2622 702 Ancflmrtseoro
2659 622 2716 668 8.
2761 623 2916 671 rum

1260 721 1353 769 BR·
1374 719 1616 779 BOGOEA,
1646 719 1730 766 -u
1767 715 2054 766 nuscum
2093 714 2230 764 nus
2265 715 2692 771 swrmmms

1498 814 1564 866 110
1601 809 2073 860 ntoemarmsl
2114 807 2430 860 urvnucs

1544 1103 1799 1206 PIUS
1856 1105 2163 1200 PAPA
2221 1105 2372 1196 IX-

1638 1455 2033 1510 nunnitus
2059 1421 2314 1511 'rurus
2349 1469 2355 1474 ·
3025 1432 3043 1482 l

1314 1559 1575 1609 sumu
1610 1560 1680 1608 ιτ
1718 1555 2110 1612 Arestoucu
2151 1555 2617 1608 materiem!

914 1909 1344 2074 Incredibili
1396 1989 1816 2065 afflictamur
1863 1986 2130 2076 dolore,
2185 1999 2262 2062 et
2313 2010 2452 2061 una
2490 1983 2885 2062 Vobiscum
2925 1987 3034 2060 in·

910 2109 1395 2206 gemiscimus,
1434 2105 1886 2181 venerabiles
1920 2103 2232 2192 Fratres,
2269 2127 2434 2179 cum
2477 2125 2858 2180 noscamus
2893 2105 3038 2204 qui-

910 2226 1045 2300 bus
1098 2224 1405 2313 nefariis,
1459 2224 1770 2321 dirisque
1820 2221 2050 2304 modis
2101 2243 2144 2294 a
2194 2218 2789 2318 Neogranatensis
2867 2219 3035 2295 Rei-

910 2346 1231 2443 publicae
1284 2343 1639 2424 Gubernio
1693 2341 2038 2417 catholica
2088 2341 2486 2437 impetitur,
2539 2339 2973 2436 pertubatur
3001 2391 3026 2426 ,

912 2486 995 2537 ac
1045 2463 1466 2537 dilaceratur
1514 2459 1854 2534 Ecclesia.
1909 2456 2264 2556 Equidem
2316 2455 2552 2532 verbis
2579 2457 2758 2532 satis
2793 2456 3030 2554 expri-

904 2601 1101 2653 mere
1150 2577 1341 2652 baud
1367 2599 1744 2673 possumus
1779 2573 2209 2671 multiplices
2237 2573 2758 2672 sacrilegosque
2793 2595 3032 2661 ausus,

905 2694 1164 2793 quibus
1216 2692 1656 2768 Gubernium
1711 2692 1900 2766 idem
1953 2691 2397 2788 gravissimas
2448 2690 2692 2780 Nobis,
2749 2703 2826 2768 et
2875 2691 3037 2767 huic

911 2813 1352 2912 Apostolicae
1405 2811 1570 2888 Sedi
1618 2811 1912 2890 iniurias
1961 2813 2258 2890 afferens
2329 2813 2854 2888 sanctissimam
2903 2836 3034 2890 no-

902 2946 1129 3008 stram
1180 2931 1621 3030 religionem,
1683 2931 1975 3029 eiusque
2025 2930 2426 3006 veneranda
2479 2929 2629 3004 iura
2668 2981 2691 3019 ,
2773 2931 3036 3006 doctri-

906 3073 1100 3140 nam,
1156 3049 1453 3138 cultum,
1511 3071 1889 3146 sacrosque
1940 3049 2302 3124 Ministros
2345 3047 2758 3123 conculcare
2793 3071 2876 3123 ac
2912 3049 3036 3122 dc-

906 3182 1181 3246 struere
1235 3169 1625 3245 contendit.
1699 3167 2022 3267 Namque
2085 3168 2276 3244 idem
2347 3165 2788 3242 Gubernium
2857 3170 3032 3243 duos

904 3289 1320 3385 praesertim
1374 3285 1463 3360 ab
1515 3286 1686 3360 hinc
1733 3309 1958 3361 annos
2011 3285 2338 3360 infandas
2411 3285 2632 3360 edidit
2701 3285 2898 3382 leges
2957 3297 3031 3360 et

906 3409 1213 3496 decreta,
1252 3429 1431 3504 quae
1459 3406 1846 3483 catholicae
1895 3405 2280 3494 Ecclesiae,
2319 3405 2612 3504 eiusque
2639 3405 3024 3490 doctrinae,

908 3524 1337 3612 auctoritati,
1392 3524 1800 3624 iuribusque
1852 3526 1965 3600 vel
2015 3524 2328 3600 maxime
2381 3525 2872 3600 adversantur.
2903 3520 3030 3595 Hi·-

910 3667 1029 3718 sce
1080 3642 1272 3716 enim
1322 3642 1782 3739 iniquissimis
1833 3641 2106 3740 legibus
2155 3665 2238 3716 ac
2290 3643 2592 3716 decretis
2627 3643 2814 3715 iuter
2867 3639 3026 3726 alia,

906 3761 1085 3836 sacri
1136 3759 1441 3836 Ministri
1496 3760 1836 3858 prohibiti
1889 3770 2058 3834 sunt
2108 3757 2662 3836 ecclesiasticum
2701 3758 3032 3832 ministe-

907 3881 1091 3955 rium
1146 3901 1475 3952 exercere
1530 3879 1684 3952 sine
1739 3877 1963 3952 civilis
2003 3877 2377 3975 potestatis
2411 3875 2644 3964 venia,
2681 3887 2762 3949 et
2793 3875 3032 3950 omnia

906 3995 1261 4073 Ecclesiae
1316 3995 1507 4072 bona
1558 4007 1924 4092 usurpata,
1964 3995 2349 4081 divendita,
2389 4015 2470 4068 ac
2497 4005 2872 4091 propterea
2903 4015 3033 4090 pa·-

908 4113 1216 4204 rochiae,
1273 4125 1349 4190 et
1402 4112 1796 4212 Religiosae
1847 4114 2216 4212 utriusque
2267 4137 2482 4189 sexus
2536 4111 2900 4199 Familiae,
2953 4121 3030 4185 et

908 4228 1178 4320 clerus,
1233 4256 1315 4309 ac
1366 4232 1896 4310 Valetudinaria
1925 4283 1946 4322 ,
2006 4231 2414 4330 Domusque
2473 4229 2719 4328 refugii
2761 4282 2784 4318 ,
2833 4229 3032 4326 piae-
