3317 5267
886 478 1027 549 144

880 589 1169 678 catoris,
1226 584 1349 661 sed
1387 598 1461 659 ut
1496 598 1952 659 convertatur
1987 599 2053 658 et
2095 586 2311 671 vivat,
2367 582 2632 679 quique
2677 581 2749 654 in
2787 604 3010 655 mun-

882 712 1053 793 dum
1108 706 1301 781 venit
1354 726 1728 807 quaerere,
1761 720 1772 747 ··
1783 718 1850 777 et
1901 702 2176 779 salvum
2235 700 2473 799 facere
2523 697 2710 800 quod
2759 698 3008 797 perie—

884 840 1027 905 rat.
1080 808 1529 921 Quapropter
1574 823 1645 895 in
1685 821 2090 896 humilitate
2142 820 2370 895 cordis
2421 818 2658 893 Nostri
2711 816 3002 891 ferven-

888 941 1183 1021 tissimis
1219 938 1542 1037 precibus
1578 938 1806 1035 Ipsius
1842 938 2394 1013 misericordiam
2437 935 2590 1009 sine
2641 933 3007 1009 intermis—

890 1062 1085 1137 sione
1136 1058 1591 1155 imploramus
1644 1067 1721 1130 et
1771 1056 2250 1152 exposcimus,
2287 1067 2372 1129 ut
2412 1074 2534 1129 eos
2587 1076 2870 1141 omnoe,
2923 1052 3004 1125 in

890 1204 1071 1279 quos
1120 1179 1752 1256 ecclesiasticarum
1816 1160 2206 1273 poenarum
2270 1176 2724 1251 severitatem
2775 1174 3002 1249 adhi-

888 1297 1057 1374 bere
1106 1298 1332 1373 coacti
1367 1318 1645 1383 sumus,
1683 1294 1961 1369 divinae
2005 1318 2176 1369 suae
2211 1294 2478 1391 gratiae
2528 1293 2792 1367 lumine
2829 1316 3010 1389 pro—

887 1414 1105 1511 pitius
1154 1414 1483 1499 illustret,
1521 1424 1738 1509 atque
1765 1412 2236 1508 omnipotenti
2260 1434 2388 1484 sua
2415 1410 2679 1484 virtute
2713 1409 2802 1484 de
2839 1432 3012 1505 per·-

886 1532 1175 1610 ditionis
1230 1532 1344 1606 via
1397 1532 1486 1603 ad
1536 1530 1796 1603 salutis
1851 1528 2216 1605 tramitem
2268 1527 2583 1601 reducat.
2623 1538 2634 1549 '

1046 1648 1548 1735 Decernentes,
1605 1656 2018 1743 praesentes
2055 1643 2392 1732 Litteras,
2437 1654 2518 1720 et
2564 1646 2642 1719 in
2689 1644 2794 1719 eis
2833 1666 3018 1718 con-

823 1862 831 1869 .
896 1778 1094 1843 tenta
1134 1789 1647 1865 quaecumque,
1683 1766 1904 1839 etiam
1939 1784 2030 1841 ex
2066 1787 2154 1839 eo
2187 1764 2376 1861 quod
2411 1760 2736 1858 praefati,
2789 1774 2866 1835 et
2901 1761 3026 1834 aiii

893 1888 1319 1986 quicumque
1356 1888 1429 1961 in
1464 1886 1871 1985 praemissis
1924 1884 2268 1959 interesse
2298 1882 2672 1968 habenteS,
2702 1904 2834 1955 sen
2871 1880 3010 1953 ha·-

890 2002 1059 2079 bere
1110 2002 1640 2101 quomodolibet
1673 2001 2237 2100 'praetendentes
2276 2052 2299 2089 ,
2355 1998 2668 2075 cuiusvis
2721 2010 2962 2073 status
2993 2049 3018 2085 ,

890 2122 1173 2219 gradus,
1241 2120 1533 2210 ordinis,
1600 2119 2236 2219 praeeminentiae,
2299 2128 2375 2191 et
2435 2116 2803 2213 dignitatis
2857 2117 3022 2189 exi-

890 2248 1087 2311 stant
1122 2288 1145 2325 ,
1200 2261 1327 2313 seu
1376 2238 1548 2313 alias
1600 2236 1928 2335 specifica
1979 2246 2056 2310 et
2105 2234 2468 2309 individua
2519 2234 2886 2308 mentione
2938 2244 3019 2307 et

895 2356 1349 2451 expressione
1396 2356 1590 2454 digni
1642 2354 1778 2429 illis
1829 2378 1976 2429 non
2035 2352 2552 2440 consenserint,
2603 2352 2728 2427 sed
2783 2351 2874 2425 ad
2925 2374 3018 2425 ea

893 2473 1127 2549 vocati
1166 2524 1189 2561 ,
1242 2474 1445 2554 citati
1500 2484 1576 2549 et
1626 2472 1848 2551 auditi
1886 2524 1908 2560 ,
1963 2494 2358 2569 causaeque
2396 2524 2418 2559 ,
2485 2480 2774 2567 propter
2825 2491 3026 2566 quas

892 2601 1301 2691 praesentes
1353 2591 1868 2678 emanaverint,
1907 2590 2340 2665 sufficienter
2389 2590 2766 2673 adductae,
2825 2586 3026 2661 veri-

894 2706 1167 2796 ficatae,
1222 2719 1297 2786 et
1348 2707 1765 2788 iustificatae
1813 2732 1960 2785 non
2009 2706 2297 2796 fuerint,
2335 2719 2459 2786 aut
2511 2729 2603 2781 ex
2655 2705 2792 2779 alia
2835 2728 3017 2803 qua-

892 2825 1067 2900 libet
1114 2848 1355 2916 causa,
1410 2827 1670 2914 colore,
1726 2836 2128 2924 praetextu,
2185 2838 2259 2901 et
2310 2826 2569 2923 capite,
2627 2823 2824 2899 nullo
2877 2848 3022 2897 un-

898 2967 1117 3041 quam
1172 2956 1493 3043 tempore
1542 2947 1631 3022 de
1686 2944 2166 3043 subreptionis
2221 2946 2334 3024 vel
2390 2942 2860 3040 obreptionis,
2899 2954 3028 3017 ant

896 3062 1243 3141 nullitatis
1282 3063 1481 3151 vitio,
1522 3075 1649 3142 aut
1685 3064 2104 3141 intentionis
2155 3062 2486 3151 Nostrae,
2523 3061 2636 3137 vel
2673 3062 3027 3136 interesse

900 3177 1319 3259 habentium
1368 3204 1759 3257 consensus
1797 3234 1820 3270 ‚
1877 3204 1962 3257 ac
2011 3180 2148 3255 alio
2219 3201 2668 3278 quocumque
2735 3177 3028 3253 defectu

898 3298 1158 3386 notari,
1213 3298 1639 3395 impugnari,
1681 3296 1993 3395 infringi,
2033 3298 2428 3385 retractari,
2473 3298 2546 3370 in
2599 3307 3030 3371 controver-

902 3413 1083 3491 siam
1121 3414 1379 3503 vocari,
1418 3426 1543 3491 aut
1578 3414 1667 3493 ad
1705 3414 2048 3491 terminos
2083 3414 2254 3489 iuris
2293 3414 2560 3502 reduci,
2602 3434 2732 3487 seu
2765 3412 3033 3488 adver-

905 3556 1031 3609 sus
1081 3533 1236 3613 illas
1284 3534 1694 3631 aperitionis
1747 3535 1916 3620 oris,
1972 3534 2442 3629 restitutionis
2495 3533 2568 3607 in
2637 3533 3030 3629 integrum,

908 3650 1187 3729 aliudve
1238 3652 1738 3749 quodcumque
1786 3650 1983 3739 iuris,
2040 3648 2236 3739 facti,
2293 3649 2406 3725 vel
2466 3649 2736 3747 gratiae
2793 3672 3036 3724 remen

895 3768 1095 3845 dium
1146 3769 1488 3842 intentari
1543 3769 1655 3841 vel
1709 3768 2074 3865 impetrari
2116 3820 2138 3855 ,
2221 3779 2346 3841 aut
2397 3767 2786 3863 impetrato
2827 3818 2850 3853 ,
2905 3790 3034 3845 seu

907 3886 1130 3965 etiam
1156 3894 1391 3973 motu,
1419 3884 1743 3972 scientia,
1774 3895 1852 3959 et
1873 3886 2252 3983 potestatis
2277 3884 2718 3987 plenitudine
2745 3882 3039 3981 paribus

908 4026 1273 4094 concesso,
1309 4015 1385 4079 et
1417 4015 1782 4092 emanato,
1819 4004 2232 4102 quempiam
2269 4004 2344 4077 in
2382 4002 2670 4092 iudicio,
2697 4002 2815 4077 vel
2848 4013 3060 4076 extra

911 4117 1088 4197 illud
1126 4121 1256 4210 uti,
1297 4144 1425 4197 seu
1462 4121 1686 4196 iuvari
1724 4120 1868 4197 ullo
1901 4121 2116 4197 modo
2148 4143 2358 4218 posse
2391 4141 2416 4207 ;
2455 4120 2579 4195 sed
2615 4120 2807 4217 ipsas
2832 4140 3048 4215 prae-

908 4248 1149 4318 sentes
1201 4237 1505 4321 Litteras
1570 4261 1852 4343 semper
1913 4238 2177 4329 firmas,
2236 4238 2532 4329 validae,
2597 4248 2670 4313 et
2723 4238 3046 4316 efficaces
