3317 5267
857 432 1004 503 228

860 557 996 629 tes,
1025 562 1414 637 omnesque
1439 550 1516 612 et
1539 538 1875 633 singulos),
1907 536 2163 635 quibus
2186 538 2323 611 hae
2350 544 2637 613 nostrae
2668 536 2987 613 Litterae

861 660 1133 747 favent,
1173 682 1212 731 a
1249 656 1618 755 quibusvis
1671 656 2451 743 excommunicationis,
2490 657 2983 753 suspensionis

855 790 930 851 et
983 775 1362 863 interdicti,
1413 774 1711 868 aliisque
1760 770 2277 873 Ecclesiasticis
2330 775 2745 862 sententiis,
2806 796 2988 851 cen-

868 895 1050 969 suris
1111 906 1186 967 et
1245 893 1492 990 poenis
1533 943 1554 977 ,
1619 892 1677 963 si
1714 890 2003 986 quibus
2062 891 2594 986 quomodolibet
2657 894 2983 969 innodati

857 1017 1200 1099 existunt,
1231 1012 1319 1095 ad
1346 1008 1675 1085 effectum
1708 1009 2185 1105 praesentium
2216 1018 2497 1085 tantum
2526 1034 2977 1109 consequen-

857 1130 1024 1203 dum
1112 1130 1366 1203 harum
1443 1150 1725 1224 quoque
1797 1126 1977 1199 serie
2046 1127 2443 1237 respectixse
2514 1126 2975 1203 absolventes

859 1260 934 1321 et
969 1246 1328 1322 absolutos
1357 1244 1504 1322 fore
1540 1255 1939 1329 censentes,
1978 1244 2279 1330 cunctis,
2318 1267 2501 1341 quae
2538 1246 2981 1343 inspicienda

861 1377 1064 1441 erant
1091 1377 1396 1443 ‚matura
1449 1360 1953 1437 deliberatione
2004 1362 2371 1457 perpensis
2425 1373 2625 1438 motu
2690 1364 2984 1459 proprio

861 1495 936 1557 et
985 1506 1078 1557 ex
1129 1494 1322 1557 certa
1384 1480 1677 1554 seientia
1740 1478 2035 1573 parique
2096 1480 2471 1573 potestatis
2530 1479 2975 1576 plenitudine

865 1612 1100 1675 totum
1153 1597 1350 1671 illum
1409 1609 1753 1669 terrarum
1804 1592 2145 1667 circulum
2183 1594 2305 1691 qui
2343 1596 2717 1671 vernacule
2752 1634 2805 1647 -
2841 1594 2982 1669 De-
3040 1662 3061 1678 ,

864 1733 1271 1821 partement
1305 1720 1392 1793 de
1427 1716 1695 1832 l'Ovjest
1748 1728 2220 1811 nuncupatur,
2260 1717 2523 1815 quique
2562 1720 2769 1795 modo
2796 1719 2973 1795 haec

866 1841 1282 1939 praesertim
1335 1836 1654 1913 continet
1686 1837 1837 1909 loca
1890 1858 2015 1909 seu
2045 1835 2415 1909 Paroecias
2452 1837 2779 1913 videlicet
2807 1838 2979 1915 Port

728 2002 742 2017 ·
865 1982 954 2033 au
985 1952 1686 2032 Princo-Petionville
1712 1950 1965 2027 -Croix
1994 1952 2080 2025 de
2111 1950 2515 2049 Bouquetes
2546 1953 2979 2029 -Arsaehaie

866 2118 922 2132 -
973 2062 1230 2151 laemel
1277 2116 1330 2127 -
1380 2072 1634 2147 Bainet
1684 2112 1737 2123 -
1788 2070 2090 2168 Marigot
2124 2112 2175 2125 -
2213 2070 2425 2147 Cotes
2474 2074 2565 2145 de
2600 2072 2737 2147 Fer
2768 2114 2825 2127 -
2860 2072 2983 2146 Sa-

861 2194 1092 2269 letron
1146 2234 1198 2247 —
1251 2189 1476 2288 Cayes
1525 2228 1582 2243 -
1633 2189 1719 2262 de
1773 2188 2031 2261 laemel
2086 2210 2359 2261 annexe
2410 2228 2464 2241 -
2501 2188 2893 2263 Mirebalais
2922 2229 2975 2243 ·-

865 2312 998 2387 Las
1031 2312 1263 2387 caolas
1295 2350 1350 2363 -
1385 2309 1703 2405 Leogane
1728 2348 1781 2361 -
1808 2304 2040 2381 Grand
2096 2304 2339 2382 Goave
2384 2321 2458 2383 et
2510 2310 2693 2405 petit
2724 2306 2967 2384 Goave

868 2428 1152 2503 insimul
1207 2432 1416 2523 porro
1469 2446 1629 2499 cum
1670 2424 1818 2497 suis
1854 2424 2199 2499 universis
2228 2426 2595 2523 utriusque
2622 2448 2837 2501 sexus
2878 2428 2981 2499 in·-

867 2528 1072 2631 eolisj
1097 2566 1226 2617 nec
1253 2565 1410 2619 non*
1425 2561 1590 2615 cum
1617 2540 1911 2613 adnexis
1939 2542 2171 2630 terris,
2203 2541 2563 2630 Ecclesiis,
2602 2542 2977 2633 Oratoriis,

867 2662 1002 2759 piis
1053 2661 1396 2757 cujusque
1439 2659 1717 2755 generis
1754 2656 2133 2748 institutis,
2168 2655 2404 2749 bonis,
2453 2662 2727 2757 juribus
2753 2675 2828 2737 et
2852 2686 2977 2736 ce·-

868 2779 1040 2854 teris
1089 2775 1616 2852 inhaerentibus
1657 2775 1769 2849 vel
1804 2776 1892 2849 de
1944 2799 2141 2853 more
2176 2780 2815 2854 concomitantibus
2840 2802 2969 2853 ac-

861 2898 1186 2981 cessoriis
1239 2898 1560 2994 protinus
1593 2919 1634 2969 a
1671 2898 1921 2992 quavis
1957 2898 2251 2994 pristina
2308 2900 2809 2995 superioritate
2854 2900 2976 2995 ju-

863 3018 1266 3129 risdictione
1297 3068 1318 3104 ,
1358 3016 1699 3112 regimine
1736 3024 1951 3110 atque
1986 3016 2601 3093 administratione
2636 3018 2979 3093 Ecclesia·

865 3140 1044 3213 stica
1095 3149 1438 3233 perpetuo
1497 3137 1891 3235 Apostolica
1944 3136 2364 3211 auctoritate
2416 3138 2805 3211 eximimus
2861 3159 2979 3232 pe-

865 3255 1200 3351 nitusque
1252 3252 1390 3327 libe
1401 3276 1666 3331 ramus.

1019 3370 1400 3468 ipsumque
1435 3372 1775 3446 circulum
1812 3394 1953 3445 una
1990 3394 2277 3468 prorsus
2313 3393 2475 3446 cum
2534 3369 2827 3468 singulis
2862 3392 2979 3443 re·-

867 3488 1155 3563 censitis
1201 3487 1494 3585 aliisque
1550 3488 2079 3563 inhaerentibus
2116 3501 2191 3565 et
2234 3490 2321 3563 de
2374 3511 2571 3563 more
2608 3488 2972 3565 concomi-

865 3604 1182 3681 tantibus
1233 3609 1640 3683 accessoriis
1696 3622 1841 3682 tam
1896 3608 2199 3683 realibus
2234 3632 2447 3708 quam
2485 3608 2971 3705 personalibus

867 3737 942 3801 et
993 3728 1340 3827 mixtis-e
1405 3731 1705 3827 vestigio
1758 3732 1829 3803 in
1868 3732 2223 3826 propriam
2278 3754 2449 3807 mox
2499 3730 2779 3807 noviter
2830 3730 2975 3803 eri-

863 3847 1070 3942 gendi
1127 3846 1793 3945 Archiepiscopatus
1857 3848 2111 3924 Portus
2178 3850 2523 3949 Principis
2584 3850 2976 3926 Dioecesim

867 3962 1076 4037 simili
1119 3963 1520 4059 Apostolica
1575 3966 2001 4040 auctoritate
2036 3969 2251 4041 etiam
2282 3982 2623 4066 perpetuo
2650 3968 2971 4067 praelini-

867 4102 1058 4167 mus,
1113 4082 1536 4159 reservando
1577 4094 1817 4157 tamen
1856 4082 2070 4159 Nobis
2108 4084 2523 4185 Nostrisque
2557 4088 2627 4159 in
2672 4087 2977 4183 Aposto—

867 4196 996 4270 lica
1035 4195 1380 4273 Cathedra
1419 4199 1951 4276 Successoribus
1985 4202 2275 4277 liberam
2313 4202 2717 4280 facultatem
2764 4218 2979 4301 atque
