3317 5267
697 488 702 493 .
817 432 962 503 344

815 556 1126 620 sti-orum
1181 546 1257 621 S.
1317 546 1405 621 R.
1462 547 1548 621 E.
1605 546 2075 622 Cardinalium
2130 546 2744 623 Consistorialibus
2796 568 2925 623 ne-

816 665 1028 757 gotiis
1077 667 1516 764 praepositae
1569 669 1658 741 ad
1708 678 2125 765 perpetuam
2194 668 2297 741 rei
2376 668 2799 743 memoriam
2854 676 2929 739 et

815 800 1140 853 normam
1191 784 1678 858 adserventur.
2074 844 2085 855 .

972 893 1312 973 Volumus
1390 902 1654 996 pariter
1704 900 1891 997 quod
1957 901 2433 997 praesentium
2498 897 2929 973 Litterarum

817 1002 1282 1112 transumptis
1333 1018 1550 1091 etiam
1603 1018 1994 1113 impressis,
2060 1038 2277 1091 manu
2340 1026 2582 1091 tamen
2634 1015 2929 1111 alicujus

815 1126 1086 1204 Notarii
1137 1131 1393 1227 publici
1449 1132 1894 1230 subscriptis,
1934 1145 2011 1207 et
2060 1132 2289 1230 sigillo
2339 1132 2633 1229 alicujus
2686 1156 2931 1231 perso-

815 1272 950 1322 nae
1003 1250 1072 1323 in
1134 1252 1480 1349 dignitate
1561 1252 2051 1327 Ecclesiastica
2130 1252 2561 1327 constitutae
2640 1250 2939 1325 munitis

813 1367 1060 1441 eadem
1116 1391 1404 1465 prorsus
1455 1370 1630 1445 fides
1680 1370 1753 1443 in
1804 1369 2067 1465 judicio
2118 1380 2195 1442 et
2242 1380 2443 1443 extra
2509 1368 2679 1449 illud
2730 1368 2935 1443 adhi-

813 1480 1090 1573 beatur,
1131 1509 1312 1582 quae
1347 1488 1614 1561 eisdem
1669 1486 2157 1584 praesentibus
2210 1486 2661 1561 adhiberetur
2710 1486 2769 1559 si
2822 1484 2937 1561 fo·-

817 1616 976 1677 rent
1026 1604 1384 1680 exhibitae
1439 1606 1550 1679 vel
1603 1618 1959 1681 ostensae.

969 1719 1152 1796 Nulli
1204 1748 1370 1821 ergo
1423 1724 1711 1799 omnino
1750 1723 2119 1799 hominurn
2144 1723 2353 1799 liceat
2384 1725 2571 1799 hane
2606 1724 2935 1819 paginam

815 1836 1110 1915 Nostrae
1135 1840 1622 1927 absolutionis,
1653 1842 2187 1938 acceptationis,
2220 1841 2723 1939 exemptionis,
2748 1862 2941 1935 prae-

811 1955 1174 2045 finitioniS,
1215 1959 1628 2045 evectioniS,
1668 1958 2069 2046 erectionis,
2098 1958 2500 2043 creationiS,
2554 1956 2942 2032 subiectio-

811 2078 948 2164 nis,
1007 2077 1422 2175 largitionis,
1493 2079 2011 2177 assignationis,
2052 2078 2258 2175 jussi,
2288 2077 2789 2162 concessionis,
2828 2089 2943 2149 at-

821 2194 1246 2281 tributioniS‚
1305 2197 1688 2294 praecepti,
1742 2197 2019 2283 statuti,
2073 2195 2593 2279 declarationis,
2658 2192 2939 2280 indulti,

813 2312 1102 2398 decreti,
1137 2316 1481 2399 mandati,
1511 2312 1983 2409 derogationis
2010 2324 2085 2387 et
2110 2312 2497 2388 voluntatis
2534 2310 2941 2407 infringere,

817 2426 930 2499 vel
981 2429 1046 2500 ei
1097 2452 1272 2503 ausu
1328 2430 1705 2503 temerario
1756 2430 2139 2517 contraire;
2190 2428 2253 2503 si
2302 2430 2460 2525 quis
2514 2441 2757 2503 autem
2808 2427 2949 2503 boc

813 2555 1166 2619 attentare
1203 2548 1767 2643 praesumpserit
1802 2547 2377 2643 *indignationem
2414 2544 2949 2643 omnipotentis

817 2659 944 2735 Dei
983 2684 1064 2735 ac
1098 2660 1478 2737 Beatorum
1510 2662 1703 2739 Petri
1756 2675 1831 2739 et
1884 2660 2083 2739 Pauli
2126 2663 2627 2761 Apostolorum
2662 2660 2815 2759 ejus
2866 2686 2953 2737 se

819 2782 1098 2855 noverit
1151 2780 1627 2857 incursurum.

970 2896 1232 2975 Datum
1293 2900 1560 2975 Romae
1613 2902 1799 2998 apud
1862 2900 1939 2977 S.
1997 2898 2291 2975 Petrum
2370 2922 2558 2975 anno
2612 2897 2952 2975 incarna-

815 3016 1029 3091 tionis
1109 3016 1518 3094 Dominicae
1595 3020 1971 3095 millesimo
2028 3018 2575 3116 octigentesimo
2636 3040 2949 3114 sexage—

815 3136 1001 3211 simo
1049 3136 1308 3232 primm
1349 3137 1598 3235 quinto
1653 3160 1877 3211 nonas
1931 3134 2243 3213 octobris
2282 3134 2745 3212 pontificatus
2796 3134 2953 3209 No-

817 3256 948 3329 stri
1002 3278 1189 3332 anno
1242 3270 1450 3331 sexto
1501 3258 1807 3331 decimo.
