3317 5267
2273 418 2414 488 ¹59

298 531 473 604 nino
558 548 743 603 nova
830 524 1197 601 Baliarum
1254 527 1371 601 vel
1422 528 1732 603 aliorum
1809 552 2420 629 quorumcumque

302 658 625 721 actorum
650 644 1099 741 expeditione
1132 666 1299 718 suas
1334 645 1625 719 easdem
1672 644 1940 721 viritim
1973 642 2424 725 Praebendas

297 768 607 841 retinere
634 767 941 852 valeant,
984 776 1381 839 statuentes
1416 776 1796 865 ratumque
1821 768 2194 856 habentes,
2223 770 2416 867 quod

296 885 373 957 in
400 908 587 961 novo
611 884 1017 959 huiusmodi
1042 881 1611 958 Cathedralitatis
1622 883 2248 984 Archiepiscopalis
2291 898 2430 961 sta·-

298 1012 379 1076 tu
414 1026 505 1076 ex
540 1013 845 1099 quatuor
877 1000 1133 1075 futuris
1162 998 1465 1075 subinde
1501 1000 1966 1098 dignitatibus
2019 1004 2212 1100 prior
2261 1014 2426 1101 post

292 1116 779 1194 Pontificalem
808 1118 1239 1194 nominanda
1264 1118 1361 1189 sit
1388 1114 2168 1216 Archipresbyteratus,
2207 1120 2428 1195 altera

309 1235 965 1323 Areliidiaconatu8‚
996 1236 1206 1311 tortia
1244 1234 1802 1323 Primiceriatus,
1831 1245 2084 1333 quarta
2125 1238 2428 1335 denique

306 1352 923 1428 Thesaurariatus.
954 1352 1053 1427 Et
1078 1350 1417 1449 quoniam
1442 1353 1728 1447 saepius
1755 1365 2234 1428 memoratum
2259 1354 2443 1429 San-

301 1482 458 1546 ctae
484 1472 747 1546 Mariae
778 1470 1064 1546 Maioris
1100 1469 1519 1545 cathedrale
1560 1466 1966 1566 Capitulum
1997 1494 2144 1546 non
2197 1472 2426 1549 solum

302 1614 393 1663 ex
418 1590 789 1664 recensitis
842 1600 1147 1686 quatuor
1180 1588 1649 1683 dignitatibus
1681 1588 2066 1676 constabit,
2121 1590 2246 1664 sed
2274 1590 2428 1673 aliis

304 1708 552 1804 viginti
590 1704 835 1781 Canon
844 1708 971 1780 icis
1002 1716 1284 1803 praeter
1308 1705 1680 1781 duodecim
1709 1704 2206 1782 Beneficiarios
2212 1730 2238 1796 3
2275 1708 2433 1783 ideo

300 1826 363 1899 si
390 1837 561 1899 tunc
587 1824 929 1923 temporis
956 1822 1279 1899 alterutri
1306 1823 1836 1918 comperiantur
1867 1816 2242 1919 praefinito
2283 1848 2426 1899 nu-

292 1966 498 2019 mero
526 1942 787 2039 plures,
826 1943 963 2019 hoc
998 1943 1071 2015 in
1100 1964 1269 2017 casu
1296 1942 1429 2037 ipsi
1458 1954 1927 2037 permaneant
1957 1944 2242 2040 quidem
2273 1944 2426 2019 sive

296 2060 625 2138 Canonici
650 2063 801 2137 sive
828 2061 1263 2136 Beneficiarii
1298 2062 1471 2147 sint,
1508 2072 2016 2136 verumtamen
2071 2084 2236 2137 cum
2271 2063 2424 2158 pri-

294 2200 499 2253 mum
549 2179 927 2253 alterutrae
984 2174 1435 2251 praebendae
1482 2179 1920 2267 vacaverint,
1961 2189 2073 2253 tot
2109 2180 2262 2276 ipso
2313 2178 2426 2253 fa-

296 2309 421 2373 cto
445 2318 571 2394 per
594 2320 673 2371 se
698 2318 1117 2393 suppressae
1145 2294 1553 2368 habeantur
1568 2306 1643 2369 et
1669 2296 1818 2370 sint
1853 2296 2010 2371 sive
2039 2296 2428 2372 Canonica·

294 2416 399 2493 les
426 2418 575 2492 sive
599 2414 1079 2503 Beneficiales,
1120 2424 1297 2511 quot
1324 2415 1762 2489 necessariae
1797 2412 2063 2490 fuerint
2101 2418 2190 2493 ad
2218 2440 2428 2514 prae-

294 2533 577 2608 finitum
602 2534 825 2608 totius
852 2530 1161 2629 Capituli
1189 2529 1814 2629 Archiepiscopalis
1855 2553 2236 2609 numerum
2263 2534 2426 2609 ada-

298 2650 601 2725 mussim
652 2648 1191 2736 conficiendum,
1248 2651 1361 2723 cui
1413 2649 1702 2746 quidem
1753 2647 2079 2746 Capitulo
2103 2652 2428 2727 concedi·

296 2788 461 2841 mus
496 2788 781 2864 quoque
811 2764 1223 2841 facultatem
1276 2777 1493 2864 atque
1528 2766 1664 2853 iuS,
1694 2787 1859 2839 cum
1895 2766 2208 2862 primum
2240 2767 2420 2842 Tra-

294 2886 539 2959 nensis
591 2883 1221 2981 Archiepiscopalis
1254 2882 1577 2959 Ecclesia
1624 2906 1800 2958 vaca
1811 2886 2017 2972 verit,
2059 2884 2246 2961 illico
2283 2884 2424 2959 Ca·-

296 3004 678 3101 pitularem
714 3001 1073 3077 vicarium
1108 3001 1469 3078 Ecclesiae
1509 3000 2146 3099 Archiepiscopalis
2180 3001 2414 3077 Baroli

291 3121 435 3194 sibi
484 3121 557 3194 in
609 3119 911 3195 Domino
963 3120 1289 3217 eligendi,
1346 3121 1435 3195 iis
1466 3120 1804 3196 omnibus
1852 3122 2181 3207 servatis,
2239 3144 2422 3217 quae

292 3239 435 3312 hoc
468 3260 681 3335 super
714 3237 999 3335 negotio
1032 3258 1077 3310 a
1110 3237 1343 3312 Sacris
1380 3236 1788 3311 Canonibus
1821 3238 2218 3312 constituta
2251 3250 2424 3311 sunt

294 3368 513 3454 atque
562 3358 929 3431 mandata.

449 3476 531 3548 ln
582 3475 875 3573 singulis
926 3486 1167 3551 autem
1204 3476 1621 3551 successivis
1672 3476 2164 3551 vacationibus
2205 3476 2428 3553 Prae-

292 3596 687 3670 bendarum
736 3593 949 3689 hujus
994 3598 1165 3671 novi
1218 3594 1525 3692 Capituli
1607 3594 2264 3693 Archiepiscopalis‘
2305 3620 2426 3672 re—

298 3724 583 3789 servata
634 3708 853 3787 Nobis
918 3724 1133 3812 atque
1177 3705 1740 3790 'Successoribus
1799 3714 2077 3789 Nostris
2154 3715 2226 3787 in
2289 3715 2424 3789 hac

296 3833 557 3907 Sancta
597 3830 1001 3927 Apostoliea
1036 3831 1217 3905 Sede
1252 3832 1525 3929 primae
1578 3843 1746 3929 post
1782 3828 2266 3906 Pontificalem
2312 3830 2428 3904 di-

298 3950 595 4047 gnitatis
646 3972 775 4023 seu
830 3948 1575 4047 Archipresbyteratus
1626 3949 2000 4025 collatione
2049 3946 2422 4023 Ordinario

297 4068 843 4166 Archiepiscopo
894 4090 1023 4164 pro
1086 4078 1405 4162 tempore
1478 4066 1894 4143 facultatem
1971 4066 2420 4165 indulgemus

294 4200 445 4262 tres
492 4186 843 4282 digniores
896 4182 1435 4263 Ecclesiasticos
1488 4186 1676 4263 viros
1713 4208 1802 4261 ex
1840 4185 2174 4262 universo
2214 4182 2420 4259 Clero

1807 4308 1835 4377 1
1861 4308 1890 4377 1
