3317 5267
2267 411 2411 483 183

297 530 450 626 pini
478 530 826 605 exercitus
864 524 1140 601 Ducum
1178 525 1618 599 truculentae
1653 523 2241 622 proclamationes
2267 548 2417 599 ma-

293 648 754 723 nifestissime
807 644 1222 719 ostendunt.

457 762 588 839 Hic
639 775 876 837 autem
929 761 1490 835 animadvertere
1540 769 1861 855 praestat
1889 810 1909 844 ,
1964 758 2224 836 Nostro
2263 760 2415 836 Gu-

295 881 548 955 bernio
599 882 893 954 minime
945 878 1444 974 suspicandum
1479 875 1697 950 fuisse
1720 878 1809 951 de
1845 877 2247 954 huiusmodi
2282 880 2417 955 ho-

289 1001 436 1075 stili
487 1000 878 1087 invasione,
937 1020 1098 1072 cum
1135 998 1276 1094 ipsi
1317 1010 1805 1071 asseveratum
1858 1008 2051 1071 esset
2086 998 2415 1097 Subalpi-

295 1139 426 1191 nas
477 1118 720 1214 copias
771 1138 992 1213 prope
1045 1114 1484 1190 territorium
1561 1114 1903 1189 Nostrum
1980 1115 2361 1189 accessisse
2388 1165 2410 1200 ‚

309 1259 454 1310 non
507 1235 792 1331 quidem
845 1232 1218 1308 invadendi
1271 1232 1508 1306 animo
1539 1282 1560 1319 ,
1615 1232 1839 1305 immo
1900 1252 2071 1305 vero
2124 1242 2205 1305 ut
2254 1233 2416 1306 inde

295 1350 876 1449 perturbatorum
927 1361 1202 1423 turmas
1237 1358 1583 1423 arcerent.
1623 1345 1805 1421 Hinc
1854 1370 2179 1423 summus
2230 1347 2291 1422 N
2294 1372 2414 1423 os-

293 1480 568 1543 trarum
619 1469 982 1565 copiarum
1037 1463 1198 1539 Dux
1251 1488 1340 1539 ne
1393 1464 1705 1561 cogitare
1756 1464 2047 1561 quidem
2101 1472 2408 1560 poterat,

289 1586 426 1661 sibi
478 1608 642 1661 cum
696 1583 1082 1680 Subalpino
1135 1582 1452 1655 exercitu
1503 1604 1658 1655 esse
1712 1582 2199 1679 pugnandum.
2272 1580 2413 1656 Ve-

289 1726 452 1777 rum
500 1702 650 1789 ubi,
709 1700 922 1774 rebus
973 1708 1256 1796 praeter
1307 1719 1596 1772 omnem
1633 1701 2208 1795 expectationem
2244 1723 2410 1797 per-

289 1840 538 1917 peram
589 1816 1015 1903 immutatis,
1069 1813 1364 1911 agnovit
1417 1814 1753 1889 hostilem
1803 1816 2269 1912 irruptionem
2322 1816 2412 1891 ab

285 1938 406 2014 illo
459 1937 783 2011 exercitu
857 1932 1122 2007 factam
1173 1932 1300 2028 qui
1363 1954 1534 2005 sane
1583 1934 2057 2030 pugnantium
2110 1956 2409 2010 numero

291 2076 793 2150 armorumque
847 2052 918 2125 vi
968 2050 1284 2123 maxime
1340 2048 1818 2144 praevalebat,
1874 2050 2250 2146 providum
2284 2076 2410 2126 su·-

290 2174 522 2270 scepit
569 2170 938 2247 consilium
991 2190 1070 2241 se
1121 2166 1486 2242 Anconam
1539 2178 1791 2262 utpote
1846 2188 2005 2241 arce
2057 2167 2410 2243 munitam

285 2292 702 2389 recipiendi,
759 2312 850 2363 ne
903 2286 1139 2363 Nostri
1191 2286 1454 2359 milites
1510 2296 1658 2357 tam
1713 2283 1900 2358 facili
1953 2288 2203 2362 mortis
2281 2310 2412 2384 pe-

283 2410 510 2486 riculo
561 2416 1110 2505 exponerentur.
1169 2402 1350 2477 Cum
1406 2413 1648 2475 autem
1702 2404 2193 2500 ingruentibus
2238 2405 2411 2481 hos-

287 2531 468 2604 tium
524 2528 744 2624 copiis
795 2527 866 2598 in
923 2523 1174 2597 itinere
1226 2521 1791 2619 interciperetur,
1849 2546 2103 2598 manus
2148 2547 2409 2599 conse-

283 2670 442 2722 rere
495 2656 780 2723 coactus
833 2653 946 2717 est
973 2694 994 2731 ,
1075 2651 1158 2715 ut
1233 2641 1366 2717 sibi
1421 2640 1907 2739 militibusque
1986 2643 2133 2717 suis
2217 2644 2407 2717 viam

287 2762 616 2859 aperiret.

444 2876 784 2953 Ceterum
834 2878 1006 2951 dum
1058 2877 1352 2951 meritas
1403 2876 1825 2973 debitasque·
1874 2875 2117 2949 laudes
2160 2874 2411 2950 tribui-

282 3024 452 3077 mus
503 3011 1064 3077 commemorato
1114 2999 1532 3075 Nostrarum
1587 3000 1953 3095 copiarum
2020 2997 2194 3071 Duei
2228 3048 2250 3084 ‚
2330 3020 2412 3071 ac

285 3118 567 3195 illarum
619 3116 1028 3192 ductoribus
1083 3130 1158 3189 et
1207 3116 1584 3203 militibus,
1625 3118 1751 3213 qui
1788 3116 2243 3210 inexpectata
2279 3112 2415 3187 ho-

284 3234 429 3309 stili
479 3234 868 3330 irruptione
918 3233 1224 3307 lacessiti
1277 3256 1406 3327 pro
1460 3229 1592 3305 Dei
1624 3284 1644 3318 ,
1732 3230 2089 3304 Ecclesiae
2127 3282 2148 3318 ,
2204 3229 2412 3303 huius

287 3352 730 3449 Apostolicae
783 3352 1010 3438 Sedis,
1063 3374 1146 3424 ac
1203 3351 1512 3425 iustitiae
1551 3373 1761 3423 causa
1797 3347 2107 3435 fortiter,
2144 3346 2410 3421 viribus

280 3472 450 3546 lieet
497 3471 708 3569 longe
741 3471 1158 3568 imparibus,
1198 3470 1654 3557 dimicarunt,
1723 3469 1845 3543 vix
1877 3466 2205 3542 lacrimas
2241 3490 2415 3543 con·-

285 3590 514 3661 tinere
565 3609 944 3685 possumus
997 3598 1374 3664 noscentes
1425 3598 1608 3683 quot
1658 3586 1933 3661 strenui
1986 3586 2275 3675 milites,
2332 3610 2414 3661 ac

281 3706 652 3780 lectissimi
703 3706 1120 3801 praesertim
1167 3706 1468 3802 juvenes
1521 3706 1596 3778 in
1646 3705 1782 3779 hae
1818 3705 2082 3779 iniusta
2121 3715 2195 3779 et
2244 3729 2413 3779 cru-

283 3824 426 3901 deli
477 3826 840 3900 invasione
893 3825 1378 3913 occubuerint,
1431 3826 1554 3923 qui
1605 3826 1933 3923 religioso
1986 3848 2157 3899 sane
2208 3824 2414 3901 nobi-

280 3946 476 4043 lique
530 3948 768 4020 animo
821 3946 910 4019 ad
961 3945 1246 4020 civilem
1301 3946 1671 4022 Romanae
1722 3944 2080 4020 Ecclesiae
2140 3947 2411 4042 princi·-

281 4076 534 4163 patum
587 4067 929 4139 tuendum
985 4066 1426 4141 advolarunt.
1486 4066 1630 4141 Nos
1712 4067 2003 4162 insuper
2082 4087 2410 4142 summo-

279 4206 454 4280 pere
500 4194 906 4260 commovet
958 4184 1215 4273 luctus,
1271 4187 1394 4280 qui
1445 4186 1518 4259 in
1575 4185 1859 4261 illorum
1926 4183 2227 4261 familias
2288 4208 2407 4261 re-
