3317 5267
895 440 988 509 42

893 552 1441 628 Rhedonensem
1479 553 1872 650 praefectus
1924 576 2081 629 esse
2135 552 2593 653 intelligatur,
2650 555 3021 654 ipsamque

892 670 1505 765 Metropolitanam
1557 671 1946 745 Ecclesiam
2000 694 2138 743 una
2176 693 2339 743 cum
2370 673 2517 745 suis
2544 670 3020 768 Suffraganeis

895 786 1382 860 administrare
1437 799 1510 860 et
1562 788 1949 881 gubernare
2003 787 2263 872 valeat,
2321 787 2612 883 perinde
2648 810 2729 861 ac
2764 790 2823 861 si
2864 787 3017 861 Lit-

843 978 852 987 ,
894 914 1088 975 terae
1119 902 1558 999 Apostolicae
1585 902 2147 999 Metropoliticae
2174 904 2469 978 huiusce
2503 906 2923 1001 provisionis
2950 908 3023 977 in

895 1023 1072 1095 sacri
1125 1020 1536 1097 Consistorii
1567 1023 1938 1118 praeconio
1976 1022 2393 1096 solemniter
2431 1023 2805 1118 expeditae
2844 1024 3025 1096 fuis-

895 1150 1078 1213 sent.

1049 1256 1194 1331 Iam
1253 1282 1444 1347 vcro,
1499 1272 1583 1333 ut
1635 1260 1833 1332 iuxta
1916 1257 2470 1357 eminentiorem
2526 1257 2717 1331 hunc
2742 1280 3013 1333 novum

897 1370 1256 1447 Ecclesiae
1311 1374 1897 1473 Metropolitanae
1952 1385 2249 1461 statum,
2306 1373 2632 1470 protinus
2666 1376 2821 1447 eius
2872 1374 3015 1449 Ca-

893 1490 1096 1587 pituli
1147 1494 1483 1581 conditio,
1541 1505 1759 1589 atque
1815 1492 1989 1567 adeo
2026 1491 2467 1587 nuncupatio
2504 1489 2859 1565 uniforme
2894 1516 3018 1565 ac-

895 1608 1132 1704 quirat
1179 1610 1396 1685 decus
1449 1620 1523 1683 et
1559 1610 1868 1683 nominis
1906 1610 2461 1694 incrementum,
2503 1608 2669 1681 hinc
2706 1604 3017 1706 Capitu-

891 1724 1042 1797 lum
1077 1726 1309 1819 ipsum
1340 1724 1654 1823 (praevia
1692 1727 1904 1822 prisci
1942 1726 2129 1799 tituli
2174 1722 2621 1799 Cathedralis
2650 1726 2857 1822 plena
2888 1750 3021 1800 ex-

897 1840 1261 1940 tinctione)
1301 1845 1490 1918 illico
1543 1866 1636 1916 ex
1693 1866 1877 1918 nova
1934 1844 2153 1917 veluti
2180 1843 2535 1917 erectione
2572 1844 2661 1917 ad
2698 1840 3019 1941 Capituli

898 1958 1416 2057 Metropolitani
1443 1962 1621 2059 grad
1635 1961 2109 2049 um,titulum,
2142 1971 2217 2033 et
2245 1961 2801 2056 dignitatem‚ita
2827 1962 3017 2058 quod

897 2076 1066 2152 illud
1118 2100 1262 2152 uua
1316 2102 1481 2154 cum
1520 2079 1857 2155 oneribus
1884 2092 1960 2153 et
1986 2080 2275 2167 muniis,
2316 2102 2497 2175 quae
2534 2079 2620 2151 iis
2659 2080 2731 2151 in
2761 2078 3016 2155 Metro-

899 2197 1228 2293 politanis
1279 2199 1613 2286 assolent,
1651 2201 1927 2297 riteque
1963 2198 2407 2285 incumbunt,
2450 2198 2709 2271 habeat
2736 2222 3019 2296 quoque

897 2325 974 2389 et
1021 2313 1292 2393 fruatur
1317 2319 1462 2391 suis
1491 2317 1902 2405 honoribus,
1946 2316 2553 2415 praeeminemus,
2594 2316 2863 2412 gratiis,
2902 2317 3019 2389 in·-

897 2433 1138 2523 dulus,
1169 2436 1511 2534 insigniis,
1579 2436 1961 2534 privilegiis
2014 2447 2089 2509 et
2142 2434 2397 2509 ceteris
2451 2433 2785 2508 omnihus
2834 2456 3019 2529 quae

899 2554 1236 2629 canonico
1311 2578 1402 2629 ex
1453 2557 1604 2631 iure
1625 2632 1632 2644 ,
1655 2556 2055 2630 huiusmodi
2122 2552 2611 2649 Capitulorum
2666 2554 2737 2627 in
2792 2549 3019 2626 Gallia

893 2674 1176 2767 propria
1211 2696 1366 2747 esse
1390 2676 1646 2761 solent,
1680 2675 1925 2749 eadem
1960 2672 2363 2769 Apostolica
2396 2672 2821 2745 auctoritate
2848 2693 3019 2765 pcr-

897 2801 1114 2884 petuo
1139 2792 1312 2865 item
1339 2794 1803 2881 instituimus„
1842 2792 2448 2889 praecipiendo,ut
2472 2789 2785 2886 octo‚qui
2822 2811 3013 2863 nunc

897 2902 1069 2977 inibi
1119 2917 1372 2981 extant
1421 2906 1917 2995 Canonicatus,
1946 2910 2019 2981 in
2074 2908 2321 2981 eodem
2358 2917 2552 2981 statu
2594 2926 2759 2981 cum
2806 2905 3017 2978 bonis

905 3044 1032 3094 seu
1081 3022 1468 3098 redditibus
1519 3027 1663 3099 iam
1718 3024 2075 3097 attributis
2116 3076 2135 3110 ,
2210 3023 2532 3121 aliisque,
2564 3022 3013 3119 assignandis

895 3138 985 3211 ad
1035 3161 1360 3213 normam
1413 3138 1895 3238 capitulorum
1932 3139 2225 3213 aliarum
2266 3140 2338 3210 in
2376 3136 2599 3211 Gallia
2650 3136 3017 3231 Metropo-

897 3254 1274 3329 litanarum
1303 3267 2011 3353 permaneant,cauto
2037 3254 2560 3339 tantummodo,
2590 3253 2737 3327 imo
2762 3253 3011 3326 eadem

895 3373 1314 3448 auctoritate
1366 3373 1698 3460 iubendo,
1728 3384 1807 3446 ut
1858 3396 1949 3446 ex
2002 3372 2212 3445 tertia
2264 3368 2791 3443 Canonicalium
2846 3370 3013 3443 red-

895 3487 1172 3561 dituum
1202 3502 1400 3586 parte
1411 3512 1646 3565 massa
1672 3514 1803 3587 pro
1828 3489 2255 3587 quotidianis
2281 3485 2895 3563 distributionibus
2924 3488 3011 3560 ad

899 3624 1259 3679 sacrorum
1313 3604 1680 3680 Canonum
1731 3608 2077 3681 rationem
2114 3604 2589 3679 constituatur
2636 3605 2771 3677 rite
2822 3604 3009 3677 inter
3058 3592 3063 3599 ’

901 3719 1212 3817 singulos
1261 3722 1520 3797 divinis
1573 3722 1819 3797 officiis
1872 3732 2281 3818 praesentes
2340 3720 2814 3817 dispertienda
2853 3773 2876 3808 ‚
2928 3734 3013 3795 ut

895 3836 1216 3934 quisquis
1259 3837 1679 3937 Capitularis
1717 3840 1956 3913 eadem
1986 3837 2225 3912 Officia
2252 3849 2326 3910 et
2359 3838 2491 3911 alia
2518 3838 3014 3913 Ecclesiastica

899 3955 1166 4043 munia,
1195 3977 1377 4051 quae
1427 3954 1598 4027 inihi
1649 3955 1737 4028 ad
1774 3954 2068 4027 aliarum
2104 3952 2807 4050 Metropolitanarum
2840 3978 3013 4029 nor-

899 4090 1094 4142 mam
1143 4071 1384 4147 sedulo
1433 4084 1600 4147 sunt
1649 4073 1997 4158 obeunda,
2024 4072 2251 4168 magis
2299 4070 2603 4147 libenter
2652 4074 3015 4169 impense-

897 4208 1038 4283 que
1073 4200 1344 4285 satagat
1377 4188 1807 4265 satisfacere.
1842 4188 2423 4265 Commendando
2460 4190 2747 4287 insuper
2784 4200 2865 4263 ut
2892 4189 3009 4261 alii
