3317 5267
861 409 1009 479 248

860 518 1366 617 componendis
1417 518 1685 615 agenda
1720 542 2246 610 curaveramus,
2290 518 2465 597 nihil
2496 532 2691 597 certe
2724 520 3029 619 quidem

867 637 1500 735 praetermisimus,
1551 650 1635 713 ut
1686 652 1897 737 pacta
1948 652 2303 717 conventa
2354 640 2637 737 plenam
2698 662 3035 736 exequu-

869 758 1134 830 tionem
1193 753 1560 843 haberent,
1599 769 1821 855 utque
1856 758 1973 833 illa
2006 780 2191 857 quae
2238 756 2509 833 absolvi
2560 756 2861 831 minime
2894 778 3035 852 po·-

869 885 1180 960 tuerant,
1233 874 1729 949 communibus
1786 878 1973 951 inter
2020 875 2205 949 hanc
2238 873 2315 948 S.
2354 874 2612 951 Sedem
2654 885 2731 947 et
2784 872 3035 947 Russi-

863 1010 1030 1063 cum
1086 988 1522 1065 Gubernium
1573 993 1883 1067 consiliis
1936 1002 2012 1067 et
2062 993 2435 1073 concordia
2494 990 2965 1067 definirentur
3000 1040 3027 1077 ,

869 1122 1150 1205 praeter
1197 1112 1363 1198 duo,
1419 1110 1677 1211 quibus
1730 1124 1901 1187 tunc
1952 1113 2297 1209 temporis
2334 1111 2751 1187 Russiarum
2786 1108 3039 1205 Impe-

867 1240 1062 1302 rator
1111 1250 1252 1302 non
1298 1227 1436 1301 levi
1471 1228 1687 1301 animi
1740 1227 1977 1305 Nostri
2028 1230 2282 1327 gaudio
2332 1236 2817 1313 consenserat,
2844 1247 3035 1322 quc-

869 1344 1327 1419 madmodum
1381 1344 1456 1417 in
1506 1366 2061 1422 commemorata
2116 1344 2387 1429 Nostra.
2432 1343 2875 1419 Allocutione
2926 1342 3037 1415 si·-

869 1460 1379 1559 gnificavimus.
1439 1460 1735 1535 Interim
1791 1487 1959 1541 vero
2012 1485 2175 1539 cum
2234 1474 2429 1541 certo
2464 1462 2809 1537 sciremus
2841 1480 3035 1556 quae

867 1590 1280 1675 paterentur
1306 1578 1596 1653 Sorores
1623 1581 1935 1654 caritatis
1962 1578 2039 1655 S.
2074 1578 2425 1655 vincentii
2460 1600 2501 1651 a
2535 1576 2755 1653 Paulo
2792 1576 2869 1649 in
2892 1572 3035 1649 Po—

867 1696 1056 1771 lonin
1081 1695 1498 1783 existentes,
1527 1720 1853 1795 quaeque
1880 1696 2321 1795 spoliationis
2356 1694 2663 1795 pericula
2700 1692 2889 1767 Cleri
2922 1716 3033 1767 sc·-

869 1814 1123 1887 cularis
1175 1812 1380 1887 bonis
1433 1812 1960 1909 impenderent,
2014 1826 2093 1889 et
2143 1812 2501 1910 quomodo
2552 1811 2637 1885 ad
2692 1809 3029 1885 Polonise

875 1932 1198 2029 Regnum
1227 1933 1520 2005 extendi
1553 1931 1765 2005 vellet
1791 1931 1905 2007 lcx
1932 1932 2101 2006 anni
2134 1934 2327 2016 1832
2386 1929 2571 2005 circa
2596 1929 2827 2001 mixta
2852 1950 3029 2002 con-

865 2048 1088 2147 jugia,
1115 2048 1304 2125 nulla
1339 2049 1755 2145 interposita
1798 2070 1997 2123 mora
2023 2048 2359 2121 iussimus
2396 2058 2795 2143 opportuna
2830 2066 3031 2119 com-

871 2168 1346 2244 municatione
1401 2167 1781 2243 Russicum
1832 2164 2273 2241 Gubernium
2332 2165 2505 2239 adiri
2544 2216 2567 2253 ,
2630 2175 2707 2238 et
2772 2164 3029 2239 eodem

875 2300 1196 2383 tempore
1247 2311 1468 2385 penes
1519 2286 1687 2363 illud
1740 2288 1949 2361 enixe
2000 2285 2258 2383 urgeri,
2323 2296 2407 2360 ut
2454 2281 2789 2361 omnibus
2842 2283 3033 2359 Rus-
3082 2279 3087 2288 '

875 2405 1140 2476 siarum
1191 2415 1266 2477 et
1319 2403 1650 2478 Poloniae
1712 2402 2123 2479 vacantibus
2175 2399 2625 2477 Dioecesihus
2676 2402 2789 2477 sui
2824 2423 3033 2497 prae-—

873 2521 1252 2596 ficerentur
1301 2520 1636 2618 Episcopi
1672 2572 1695 2607 ,
1751 2544 2141 2620 eorumque
2201 2518 2637 2619 Suffmganei
2684 2522 3029 2619 designa-

875 2651 1144 2716 rentur.
1183 2637 1282 2715 Ac
1334 2638 1488 2734 pari
1539 2638 2011 2714 sollicitudine
2064 2637 2369 2737 egimus,
2422 2662 2585 2713 cum
2622 2638 2835 2736 paulo
2868 2650 3034 2737 post

875 2760 1206 2836 novimus
1255 2760 1512 2859 legem,
1568 2784 1709 2861 qua
1762 2762 2121 2848 catholici,
2152 2764 2224 2835 in
2264 2760 2685 2863 quibusdam
2722 2760 3029 2851 casibus,

875 2875 1307 2975 cogebantur
1357 2878 1445 2953 ad
1525 2878 1981 2953 instauranda
2058 2878 2635 2955 Scismaticorum
2706 2877 2977 2975 templa
3004 2928 3025 2963 ,

879 2995 1152 3071 adiecta
1205 3018 1456 3091 poena,
1512 3007 1594 3071 ut
1645 2994 1735 3068 ab
1768 2996 1881 3069 his
1915 2996 2258 3073 catholica
2291 3005 2807 3093 occuparentur
2840 3007 3029 3069 tem-

876 3113 1016 3210 pla,
1071 3114 1132 3187 si
1189 3115 1692 3211 praescriptam
1744 3115 2327 3194 instaurationem
2374 3113 2701 3190 catholici
2734 3113 3031 3187 minime

879 3232 1218 3329 exequuti
1271 3243 1536 3319 essent,
1592 3246 1668 3307 et
1716 3254 1879 3307 cnm
1932 3233 2271 3309 scivimus
2320 3230 2872 3307 ecclesiasticam
2908 3232 3031 3305 im·

885 3349 1310 3423 munitatem
1364 3348 1580 3425 fuisse
1635 3349 1967 3425 violatam
2004 3349 2077 3423 in
2112 3346 2473 3425 Coenobio
2513 3348 3029 3447 Religiosorum

883 3463 1164 3541 Ordinis
1207 3467 1282 3541 S.
1341 3464 1689 3543 Dominici
1720 3520 1741 3555 ,
1796 3492 1961 3543 cum
2018 3468 2518 3543 nonnullorum
2550 3468 3031 3543 documento-

881 3605 1044 3659 rum
1095 3584 1612 3683 obsignatione,
1667 3608 1795 3660 seu
1846 3598 2230 3687 sequestro,
2282 3608 2467 3683 quae
2518 3586 2607 3661 ad
2642 3584 2727 3659 B.
2766 3583 3027 3661 Bobola

879 3722 1170 3775 causam
1221 3700 1667 3797 spectabant.
1730 3699 1933 3779 Anno
1984 3724 2155 3777 vero
2238 3702 2432 3775 1853
2494 3724 2623 3798 per
2692 3699 3025 3777 Nostrum

882 3816 1324 3895 Cardinalem
1375 3841 1418 3893 a
1469 3818 1766 3915 publicis
1818 3822 2123 3919 negotiis
2179 3818 2557 3897 Russicum
2592 3816 3027 3893 Gubernium

879 3940 1142 4015 iterum
1194 3940 1412 4015 etiam
1464 3950 1679 4039 atque
1730 3940 1947 4015 etiam
2000 3940 2470 4016 excitavimus
2499 3992 2520 4029 ,
2574 3949 2658 4013 ut
2708 3938 3027 4036 inceptae

881 4058 1384 4151 perficerentur
1419 4060 1877 4135 tractationes
1910 4060 2001 4135 ad
2034 4058 2511 4135 ecclesiastica
2543 4056 3027 4153 componenda

883 4180 1194 4273 negotia,
1249 4192 1325 4255 et
1375 4181 1652 4275 majori,
1708 4206 1847 4279 qua
1898 4180 2045 4255 fieri
2083 4192 2353 4277 posset,
2390 4178 2777 4265 celeritate,
2818 4177 3025 4253 Polo-
