3317 5267
2213 428 2347 501 301

243 564 320 617 ac
365 539 678 615 vicissim
728 559 820 612 ex
867 534 1025 632 jure
1083 536 1540 633 legitimaque
1577 538 2087 611 consuetudine
2140 564 2357 617 com-

247 657 648 756 petentibus
697 656 885 729 dicta
942 653 1346 750 Apostolica
1397 654 1819 733 auctoritate
1872 655 2287 735 subiicimus
2330 714 2351 749 ,

253 777 570 872 illiusque
606 784 850 847 taxam
885 793 1015 869 pro
1052 770 1485 847 Litterarum
1524 770 2089 868 Apostolicarum
2138 799 2361 875 expe-

246 893 506 969 ditione
544 942 568 981 ,
621 890 906 989 quoties
971 890 1288 965 Antistes
1365 892 1598 965 eidem
1668 888 2069 967 cathedrali
2146 896 2363 972 fuerit

247 1010 773 1109 praeficiendus,
827 1010 902 1083 in
956 1010 1186 1084 aureis
1239 1008 1522 1084 florenis
1572 1009 1663 1084 de
1718 1008 2017 1085 Camere
2072 1014 2363 1112 triginta

249 1127 468 1203 trihus
517 1149 683 1202 eum
737 1128 948 1200 tertia
1007 1126 1328 1223 ejusdem
1390 1126 1634 1203 floreni
1674 1138 1879 1223 parte
1948 1132 2356 1223 statuimus,

243 1249 480 1345 sicque
531 1247 600 1319 in
657 1244 854 1319 libris
907 1245 1250 1319 Gamerae
1319 1244 1763 1343 Apostolicae
1816 1249 2136 1345 sacrique
2186 1250 2363 1325 Car-

243 1363 572 1439 dinalium
630 1362 918 1460 Collegii
958 1362 1246 1438 inscribi
1301 1376 1376 1437 et
1426 1362 1785 1437 observari
1846 1364 2202 1460 jubemus.

393 1480 773 1555 Praeterea
823 1502 1278 1577 summopere
1329 1482 1915 1556 commendantes
1964 1484 2132 1557 dicti
2196 1486 2367 1561 Hai-

245 1600 386 1675 tani
448 1597 786 1673 Gubernii
851 1598 1396 1674 sollicitudinem
1463 1600 2003 1700 impensamque
2065 1606 2363 1679 munifi-

240 1718 571 1803 centiam,
613 1718 802 1792 unde
839 1718 1016 1791 satis
1053 1740 1244 1791 nunc
1277 1718 1426 1791 fieri
1463 1720 1711 1792 datum
1754 1733 1891 1808 est,
1928 1733 2013 1795 ut
2048 1724 2367 1820 singulae

219 1836 640 1911 'dotationes
693 1838 1096 1933 praedictae
1135 1859 1351 1933 quam
1392 1840 1617 1912 tutius
1655 1853 2121 1933 permaneant
2154 1866 2369 1939 super

239 1952 514 2050 publico
548 1952 706 2048 ejus
741 1954 1036 2041 aerario,
1076 1956 1302 2029 donec
1358 1956 1656 2029 totidem
1712 1957 1886 2028 certi
1940 1960 2367 2057 penitusque

244 2071 396 2167 puri
427 2070 750 2145 redditus
801 2093 894 2146 ex
946 2072 1152 2147 bonis
1205 2073 1578 2147 stabilibus
1613 2072 1705 2147 ab
1728 2075 1979 2149 codem
2010 2074 2369 2153 Gubernio

241 2187 645 2285 singillatim
697 2188 1134 2286 assignandis
1187 2189 1537 2287 plenoque
1597 2212 1763 2266 cum
1824 2191 2136 2266 dominio
2198 2215 2367 2290 per-

243 2315 460 2402 petuo
495 2303 976 2399 adjudicandis
1010 2305 1220 2401 plane
1255 2316 1671 2402 suppetant,
1702 2308 1805 2381 uti
1844 2309 2166 2404 superius
2192 2333 2370 2384 con·-

237 2408 580 2510 stituitu‘r,
621 2446 700 2497 ac
735 2422 970 2497 eidem
1007 2420 1364 2499 Gubernio
1401 2422 1973 2500 benevolentiam
2028 2425 2359 2501 Nostram

233 2538 608 2615 ostendere
659 2540 982 2614 volentes
1023 2537 1294 2615 Dilecto
1329 2540 1506 2615 Filio
1547 2542 1800 2617 illustri
1838 2556 1913 2617 et
1964 2544 2355 2619 honorabili

237 2660 388 2733 viro
439 2658 780 2735 hodierno
831 2682 964 2735 nec
1015 2683 1154 2735 non
1210 2683 1338 2758 pro
1391 2672 1713 2759 tempore
1750 2664 2085 2737 existenti
2141 2665 2362 2761 ipsius

235 2773 519 2849 Haitani
575 2773 910 2850 Gubernii
956 2760 1292 2865 Praesidi,
1325 2791 1410 2850 ut
1445 2778 1502 2851 is
1541 2790 1688 2853 tam
1727 2780 1861 2853 hac
1896 2782 2127 2877 prima
2182 2782 2361 2870 vice,

234 2916 452 2991 quam
505 2895 576 2968 in
629 2896 922 2993 singulis
973 2894 1512 2993 subsequuturis
1567 2898 2037 2995 Episcopatus
2091 2897 2363 2998 Capitis

233 3011 519 3087 Haitani
575 3013 1056 3089 vacationibus
1107 3014 1297 3086 intra
1347 3024 1632 3111 tempus
1684 3038 1813 3112 per
1862 3040 2099 3091 sacros
2126 3016 2361 3093 Cano-

231 3152 362 3203 nes
415 3130 864 3226 praefinitum
919 3130 1246 3205 idoneam
1299 3130 1735 3229 probamque
1788 3156 2163 3229 personam
2220 3133 2361 3206 Ca·-

233 3247 538 3321 thedrali
591 3245 862 3344 Capitis
913 3247 1195 3321 Haitani
1255 3270 1384 3344 per
1445 3248 1590 3323 Nos
1643 3273 1769 3324 seu
1826 3250 2230 3326 Romanum
2286 3255 2356 3325 in

235 3374 564 3460 tempore
628 3362 1043 3439 Pontificem
1095 3363 1638 3459 praeficiendam
1692 3367 1880 3463 apud
1932 3368 2115 3441 hanc
2169 3368 2361 3466 Apo-

227 3480 562 3557 stolicam
614 3482 872 3557 Sedem
927 3482 1296 3557 nominare
1371 3506 1502 3557 seu
1554 3498 2007 3580 praesentare
2062 3488 2293 3561 valeat
2331 3542 2352 3577 ,

226 3602 540 3675 servatis
620 3614 858 3677 tamen
923 3624 1105 3699 quae
1179 3605 1590 3700 ceteroquin
1657 3605 1743 3678 de
1800 3605 1957 3702 jure
2020 3628 2359 3704 moreque

223 3719 580 3792 servanda
627 3730 827 3805 sunt,
875 3718 1270 3815 Apostolica
1323 3720 1743 3795 auctoritate
1798 3722 2153 3818 praedicta
2192 3746 2357 3819 per-

227 3849 460 3933 petuo
509 3838 840 3913 similiter
891 3838 1362 3935 indulgemus.

389 3954 808 4033 Praesentes
837 3980 1118 4057 quoque
1147 3954 1454 4033 Litteras
1480 3960 1568 4033 de
1595 3960 2073 4057 subreptionis
2104 3962 2211 4035 vel
2240 3962 2361 4035 ob-

222 4071 582 4167 reptionis
635 4085 764 4147 aut
811 4074 1154 4147 nullitatis
1223 4073 1449 4148 aliove
1503 4097 1955 4173 quocumque
2012 4076 2184 4151 vitio
2236 4100 2363 4152 seu

220 4188 666 4267 intentionis.
680 4191 1006 4279 Nostrae,
1021 4202 1146 4265 aut
1173 4192 1490 4289 quolibet
1513 4196 1654 4269 alio
1676 4193 1963 4271 defectu
1990 4207 2367 4293 quantum-
