3317 5267
2293 435 2432 513 ¹1¹7

1156 549 1329 625 ΑΜ.
1388 544 1601 627 xvn.

468 792 665 869 Bona
712 802 951 867 autem
1002 784 1451 865 sublevandis
1502 790 1792 863 alicuius
1824 790 2130 887 regionis
2174 808 2428 867 neces-

318 910 651 985 sitatibus
702 908 1045 983 attributa
1094 930 1137 981 a
1188 908 1497 1005 collegiis
1548 917 1758 980 erunt
1843 906 2422 982 administranda.

320 1024 518 1115 Quae
566 1026 860 1123 collegia
910 1035 1237 1100 constare
1288 1023 1651 1098 debebunt
1701 1046 1790 1095 ex
1845 1020 2224 1099 Catholicis
2257 1026 2430 1101 viris

322 1145 475 1239 pari
526 1136 821 1219 numero
873 1154 1023 1216 tam
1076 1167 1115 1216 a
1172 1139 1529 1217 Gubernio
1566 1193 1589 1228 ‚
1642 1158 1862 1238 qnam
1911 1140 2002 1215 ab
2065 1140 2434 1239 Archiepi-

318 1286 533 1360 scopo
584 1262 947 1362 eligendis,
1002 1274 1079 1336 et
1126 1264 1409 1359 utrique
1458 1247 1794 1356 acceptis.
1836 1258 2226 1359 Unicuique
2259 1284 2430 1337 vero

322 1401 413 1453 ex
467 1378 661 1453 hisce
710 1378 1021 1475 collegiis
1070 1400 1397 1475 praeesse
1446 1374 1736 1451 debebit
1789 1376 1900 1448 vir
1947 1374 2040 1448 ab
2093 1377 2250 1473 ipso
2281 1378 2432 1453 col-

314 1494 501 1593 legio
550 1496 1011 1593 deligendus3
1062 1495 1515 1570 ratiocinator
1564 1503 1808 1568 autem
1857 1492 2088 1567 eidem
2137 1493 2428 1591 collegio

317 1615 707 1689 inserviens
758 1638 803 1688 a
853 1613 1209 1689 Gubernio
1258 1625 1335 1689 et
1382 1612 1473 1687 ab
1530 1613 2074 1710 Archiepiscopo
2122 1614 2259 1689 erit
2299 1614 2430 1689 ad-

319 1732 748 1829 probandus
1293 1760 1301 1769 ·

1122 1848 1295 1923 Αιιτ.
1354 1840 1580 1922 XVIII
1593 1902 1609 1919 .

472 2086 675 2161 Aliud
726 2088 1013 2184 insuper
1064 2086 1200 2160 erit
1230 2084 1808 2161 constituendum
1843 2087 2155 2161 mixtum
2189 2082 2428 2161 consi-

317 2205 493 2280 lium
544 2228 671 2279 seu
722 2205 1130 2281 commissio
1162 2257 1183 2292 ,
1240 2226 1417 2301 quae
1470 2204 1758 2279 nomine
1793 2202 2148 2279 Ecclesiae
2183 2203 2427 2279 sedulo

310 2321 723 2419 advigilabit
756 2320 1343 2397 administrationi
1380 2318 1761 2395 fundorum
1796 2320 2314 2395 intercalarium
2351 2330 2426 2395 et

315 2437 613 2511 aliarum
648 2437 1081 2534 generalium
1116 2436 1746 2511 ecclesiasticarmn
1779 2432 2301 2525 fundationum,
2341 2460 2423 2513 ac

312 2554 529 2631 simul
578 2574 987 2649 supremam
1038 2576 1281 2629 curam
1337 2551 1627 2627 habehit
1677 2555 1765 2628 de
1819 2553 2430 2630 administratione

310 2675 633 2751 omnium
684 2674 759 2746 in
808 2672 1065 2771 Magno
1126 2674 1427 2751 Badensi
1488 2672 1762 2750 Ducatn
1795 2674 2426 2751 ecclesiasticarum

309 2793 779 2870 existensium
826 2777 1346 2869 fundationum.
1422 2790 1767 2884 Quocirca
1842 2794 1978 2869 hoc
2053 2792 2426 2869 consilium

308 2934 443 2985 seu
490 2909 897 2985 commissio
946 2912 1236 2987 nomine
1288 2921 1445 2985 tum
1502 2910 2030 3008 Archiepiscopi
2083 2920 2242 2985 tum
2275 2908 2428 2987 Gu-

308 3026 539 3101 bernii
588 3048 630 3099 a
681 3026 973 3123 singulis
1052 3026 1742 3103 administratoribus
1794 3027 2066 3124 accepti
2126 3037 2203 3102 et
2281 3050 2428 3101 ex·—

310 3142 515 3241 pensi
564 3140 873 3215 rationes
926 3142 1188 3238 exiget,
1242 3154 1319 3217 et
1369 3153 1847 3239 opportunum
1883 3144 1972 3217 de
2007 3162 2428 3239 unaquaque

312 3257 921 3333 administratione
954 3258 1289 3333 iudicium
1323 3257 1525 3333 feret·
1567 3256 1933 3347 Quaenam
1983 3270 2222 3334 autem
2275 3254 2430 3331 fun-

313 3374 639 3451 dationes
672 3386 1039 3472 tamquam
1092 3373 1453 3471 generales
1501 3372 1951 3449 fundationes
2001 3374 2426 3449 ecclesiasti-

310 3514 437 3567 cae
489 3492 1033 3567 considerandae
1084 3492 1229 3565 sint
1278 3488 1551 3565 collatis
1604 3484 2042 3565 Gubernium
2093 3492 2280 3566 inter
2353 3503 2430 3569 et

312 3608 939 3707 Archiepiscopnm
988 3608 1299 3687 consiliis
1350 3609 1510 3683 erit.
1566 3609 2048 3685 statuendum.

1166 3848 1341 3923 Anr.
1402 3846 1593 3923 XIX.

466 4087 855 4165 Consilium
905 4089 1095 4163 istud
1144 4087 1501 4165 constabit
1536 4110 1631 4163 ex
1667 4082 2030 4165 catholicis
2067 4085 2238 4162 viris
2273 4082 2428 4184 pari

313 4230 613 4283 numero
664 4230 705 4279 a
757 4200 1113 4282 Gubernio
1164 4220 1239 4282 et
1290 4206 1379 4281 ab
1435 4206 1986 4307 Archiepiscopo
2039 4208 2278 4283 electis
2349 4206 2428 4279 'et
