3317 5267
808 424 954 495 242

821 559 1136 635 unquam
1187 546 1566 635 praetextu
1613 536 1730 610 vel
1762 539 2015 635 quovis
2049 540 2373 636 quaesito
2408 534 2641 614 colore
2676 534 2769 611 ab
2802 560 2941 613 eo-

813 654 1140 729 rumdem
1195 652 1624 734 vicariorum
1689 664 2047 750 potestate
2096 666 2175 729 et
2234 656 2633 731 obedientia
2684 657 2941 731 seiun-

813 782 1096 865 gantur.

969 886 1128 965 Tibi
1178 891 1466 988 insuper
1513 893 2029 967 committimus
2056 944 2080 980 ,
2140 889 2573 965 Venerabilis
2624 890 2877 966 Frater
2904 945 2929 980 ‚

811 1017 895 1081 ut
945 1030 1074 1104 pro
1128 1007 1282 1084 Tuo
1335 1032 1630 1084 munere
1682 1010 1771 1083 de
1834 1019 2029 1083 statu
2088 1006 2566 1082 Ecclesiartrm
2618 1019 2693 1082 et
2742 1006 2935 1082 Mis-

811 1124 1118 1213 sionum,
1173 1148 1355 1225 quae
1408 1124 1851 1223 Apostolicae
1898 1124 2339 1222 Delegationi
2374 1127 2681 1201 creditae
2727 1136 2931 1213 sunt,

813 1238 1030 1315 Nobis
1082 1241 1470 1316 identidem
1519 1240 1809 1329 referas,
1864 1264 1945 1315 ac
1996 1243 2086 1316 de
2138 1242 2575 1339 gravioribus
2626 1242 2933 1338 negotiis

814 1380 996 1456 quae
1048 1355 1308 1434 ibidem
1364 1362 1821 1448 occurrerint,
1859 1362 2280 1458 praesertim
2331 1361 2393 1435 si
2442 1359 2671 1457 aliqua
2708 1381 2936 1455 quae-

815 1474 954 1549 stio
1010 1474 1434 1565 suboriatur,
1489 1499 1654 1551 cum
1706 1478 1842 1551 hac
1897 1475 2295 1573 Apostolica
2328 1475 2511 1551 Sede
2560 1474 2937 1573 diligenter

815 1591 1134 1667 conferas
1173 1618 1192 1665 ε
1279 1606 1492 1693 atque
1543 1606 1941 1670 accuratam
1996 1595 2345 1691 imprimis
2404 1593 2937 1692 perfectamque

820 1711 1142 1787 omnium
1171 1711 1598 1788 huiusmodi
1658 1714 1971 1789 locorum
2034 1713 2643 1788 enumerationem
2696 1724 2775 1785 et
2820 1713 2941 1785 in-

815 1829 1242 1907 dicationem
1295 1834 1384 1907 ad
1437 1830 1582 1907 Nos
1633 1844 2077 1933 quantocyus
2132 1832 2601 1907 transmittas.

969 1948 1248 2025 Interea
1300 1948 1530 2025 Deum
1565 1949 1937 2048 Optimum
1998 1950 2391 2026 Maximum
2456 1974 2499 2022 a
2556 1973 2700 2048 quo
2748 1948 2941 2025 bona

821 2078 1078 2141 cuncta
1129 2070 1544 2165 procedunt,
1599 2080 1685 2147 ut
1734 2080 1847 2145 tot
1896 2066 2253 2143 Ecclesiae
2294 2068 2812 2144 calamitatibus
2865 2070 2944 2141 in

815 2187 1232 2262 memoratis
1281 2188 1604 2284 superius
1653 2186 2057 2284 regionibus
2108 2186 2324 2265 finem
2372 2184 2587 2259 faciat
2622 2238 2645 2273 ,
2698 2185 2943 2283 perfe-

821 2313 1150 2403 ctamque
1186 2304 1540 2381 Fidelibus
1575 2307 1724 2381 suis
1758 2307 2203 2382 concordiam
2238 2317 2315 2381 et
2350 2305 2937 2403 tranquillitatem

821 2421 1163 2494 concedat
1209 2422 1602 2495 humillime
1655 2433 2060 2511 exorantes,
2108 2422 2583 2520 Apostolicam
2632 2422 2937 2498 Benedi-

821 2538 1133 2615 ctionem
1173 2538 1332 2613 Tibi
1369 2540 1532 2637 ipsi,
1571 2540 2007 2617 Venerabilis
2043 2542 2315 2633 Frater,
2354 2540 2709 2642 Gregique
2748 2545 2943 2621 Tuae

819 2676 1028 2729 curae
1079 2655 1462 2731 commisso
1513 2668 1963 2753 peramanter
2012 2658 2487 2756 impertimur.

977 2770 1240 2848 Datum
1296 2772 1568 2850 Romae
1619 2776 1807 2872 apud
1859 2775 1935 2851 S.
1992 2774 2285 2851 Petrum
2338 2776 2471 2853 sub
2508 2776 2784 2856 Annulo
2818 2778 2937 2851 Pi-

833 2888 1130 2965 scator-is
1177 2890 1296 2965 die
1347 2888 1542 2964 XXII
1593 2892 1831 2967 martii
1882 2890 2371 2971 MDCCCLXI.
2416 2948 2439 2983 ,
2494 2896 2941 2992 pontificatus

824 3006 1061 3087 Nostri
1113 3030 1302 3085 anno
1352 3004 1508 3082 XV.

1293 3242 1436 3319 Pao
1489 3242 1750 3321 Douiuo
1802 3245 2013 3321 Cano.
2072 3248 2397 3327 ΡιΔιιεττι

1118 3481 1218 3561 lo.
1273 3482 1356 3559 B.
1414 3484 1873 3561 nuncium
1926 3484 2339 3564 cistarum
2392 3488 2883 3568 SursriruwS.
