3317 5267
264 580 384 657 que
429 554 606 633 adeo
658 548 1046 629 necessaria
1097 550 1534 651 supellectile
1583 552 2007 650 praeditum,
2072 552 2195 629 ubi
2254 556 2365 629 la·-

267 676 410 751 tiori
457 675 668 751 modo
719 685 802 747 ut
853 670 1126 758 itidem,
1166 682 1248 743 ut
1281 690 1408 766 par
1443 682 1582 756 est,
1635 670 2103 747 ecclesiastica
2127 675 2366 748 studia

262 789 576 869 continuo
625 790 1037 867 excolantur
1067 840 1088 875 ,
1153 800 1372 885 utque
1434 787 1901 863 Seminarium
1972 791 2205 887 ipsum
2274 793 2363 867 ad

254 911 476 1008 jugem
528 910 682 1006 ejus
731 907 1354 993 sustentationem,
1392 906 1961 1002 prosperitatem,
2017 920 2363 1006 opportu-

257 1049 550 1125 numque
603 1026 1118 1099 incrementum
1174 1045 1480 1120 congrua
1549 1022 1913 1097 dotatione
1982 1023 2311 1100 fulciatur
2338 1077 2361 1115 ,

252 1145 720 1241 stabiliterque
745 1140 958 1239 juxta
997 1140 1145 1217 Con
1157 1144 1520 1217 ventiones
1547 1141 1941 1239 praedictas
1977 1144 2365 1231 muniatur3

258 1264 428 1339 nulla
477 1262 888 1360 ceteroquin
941 1261 1196 1357 quavis
1247 1261 1338 1334 de
1389 1282 1598 1335 causa
1651 1258 2021 1354 interiecta
2074 1263 2365 1359 opposi-

262 1384 436 1459 tione
483 1393 568 1455 ut
619 1404 704 1455 eo
759 1377 990 1474 maior
1039 1376 1212 1451 inibi
1263 1376 1380 1459 ali,
1437 1376 1857 1475 educatique
1920 1377 2155 1453 valeat
2196 1402 2369 1476 pro-

257 1500 494 1575 borum
557 1495 1118 1573 adolescentium
1175 1492 1817 1569 ecclesiasticorum
1886 1493 2089 1590 copia
2125 1544 2150 1581 ‚
2222 1518 2365 1593 quo

257 1618 471 1714 magis
523 1616 595 1687 in
650 1636 732 1687 ea
769 1609 1136 1710 perampla
1188 1607 1508 1685 Dioecesi
1559 1632 1749 1684 nunc
1801 1610 2111 1706 plurium
2165 1608 2367 1687 Pres-

257 1732 659 1831 byterorum
699 1750 1034 1804 numerus
1060 1727 1134 1799 in
1168 1726 1560 1801 uberiorem
1597 1726 1773 1801 Jesu
1824 1725 2107 1802 Domini
2159 1750 2355 1803 mes-

250 1873 390 1927 sem
441 1850 886 1925 desideratur
924 1897 945 1932 ,
1001 1844 1302 1919 servatis
1355 1843 1551 1919 Sacri
1623 1840 1915 1919 Concilii
1974 1844 2365 1921 Tridentini

249 1964 558 2041 Decretis
593 2016 614 2053 ,
670 1974 826 2037 tum
879 1962 1110 2059 quoad
1165 1961 1486 2057 ejusdem
1541 1959 1915 2035 Seminarii
1994 1963 2305 2059 regimen
2339 2015 2362 2051 ,

246 2097 394 2159 tum
445 2082 676 2180 quoad
729 2082 1280 2155 instructionem
1333 2090 1408 2153 et
1466 2078 1817 2154 bonorum
1897 2080 2363 2155 administra-

246 2202 536 2277 tionem.

394 2316 691 2413 insuper
753 2317 837 2392 ad
906 2314 1369 2391 Victoriensis
1431 2314 1903 2411 Episcopatus
1963 2326 2039 2390 et
2088 2316 2363 2413 piarum

243 2433 764 2507 institutionum
823 2434 1228 2517 tuitionem,
1283 2431 1352 2505 id
1408 2432 1626 2505 etiam
1664 2452 1754 2503 ex
1792 2431 2119 2527 superius
2154 2454 2367 2507 enar-

239 2550 408 2623 ratis
463 2547 1078 2625 Conventionibus
1129 2548 1656 2635 constituimus,
1712 2558 1793 2621 ut
1844 2544 2157 2623 Ecclesia
2212 2560 2363 2625 tota

244 2664 701 2743 Victoriensis
733 2690 868 2743 nec
906 2690 1048 2741 non
1077 2666 1548 2741 Seminarium
1578 2664 1813 2762 ipsum
1852 2668 2224 2743 conciliare
2259 2681 2363 2742 at·

235 2806 374 2880 que
427 2785 602 2859 adeo
652 2785 928 2882 singula
965 2783 1422 2859 Victor-iensis
1459 2781 1815 2859 Dioecesis
1866 2784 2217 2861 Ecclesias
2226 2786 2359 2861 tica

235 2912 314 2971 et
351 2898 700 2997 Religiosa
735 2923 1054 2998 quaeque
1089 2899 1450 2987 Instituta,
1489 2897 2033 2997 Corporationes
2070 2912 2146 2976 et
2194 2901 2355 2997 piac

233 3018 648 3091 sodalitates
675 3018 882 3115 plane
919 3029 1186 3092 sartam
1227 3030 1490 3091 tectam
1529 3020 2011 3114 praeseferant
2043 3020 2357 3116 adeoque

229 3134 732 3211 inviolabiliter
781 3136 996 3209 tutari
1034 3134 1340 3221 valeant,
1381 3134 1666 3231 plenam
1704 3157 2131 3232 prorsusque
2164 3133 2360 3209 libe-

229 3274 394 3325 ram
433 3250 845 3328 facultatem
881 3264 958 3327 et
991 3252 1472 3327 omnimodam
1509 3262 1939 3345 potestatem
1977 3252 2353 3339 retinendi,

233 3392 376 3443 nec
427 3392 570 3445 non
621 3368 946 3445 absoluto
995 3392 1162 3443 cum
1214 3368 1526 3443 dominio
1591 3367 1873 3442 noviter
1925 3368 2355 3465 acquirendi,

219 3485 514 3561 fruendi
564 3498 640 3561 ct
673 3486 1206 3561 administrandi
1241 3485 1783 3585 qualiacumque
1818 3486 2145 3583 legittimi
2174 3487 2351 3585 juris

220 3602 454 3693 bona,
509 3627 650 3693 reS,
707 3604 1200 3700 proprietates,
1227 3603 1629 3679 dotationes
1666 3615 1743 3677 et
1776 3604 2091 3679 redditus
2126 3605 2355 3679 eccle-

217 3722 586 3797 siasticos.
623 3721 918 3797 Interim
953 3720 1184 3818 quoad
1223 3734 1608 3817 proventus
1643 3744 1927 3820 quoque
1962 3723 2357 3821 quadrage-

215 3838 510 3914 simalis
561 3838 840 3927 indulti,
883 3837 1354 3915 Dioecesanus
1393 3838 1853 3915 Victoriensis
1890 3864 2011 3916 eos
2048 3838 2355 3929 admini-

207 3954 516 4045 strabit,
571 3980 656 4033 ac
705 3957 782 4031 in
829 3978 999 4033 suae
1037 3954 1391 4034 Dioecesis
1437 3956 1965 4051 beneficientiae
2020 3956 2351 4031 instituta

207 4085 298 4145 et
353 4072 728 4149 charitatis
779 4094 992 4171 opera
1053 4070 1267 4145 libere
1321 4074 1689 4169 impendet
1719 4127 1740 4162 ,
1804 4084 2085 4149 servata
2160 4075 2353 4173 Apo-

203 4190 652 4265 stolicarum
703 4190 1236 4265 concessionum
1289 4186 1540 4263 forma.
1597 4190 1755 4281 Quo
1808 4216 1977 4269 vero
2028 4194 2115 4271 ad
2178 4191 2347 4269 Ele-
