3317 5267
2146 484 2155 493 ·
2235 456 2379 529 295

285 580 574 659 thedrali
627 578 984 655 Ecclesiae
1017 581 1116 655 sit
1149 581 1585 678 proximum,
1639 602 1721 653 ac
1757 588 2157 651 statuentes
2194 574 2383 671 quod

279 704 334 776 si
381 712 706 776 actutum
757 709 1116 797 nequeant
1143 709 1254 773 tot
1287 698 1693 771 huiusmodi
1744 697 1954 771 aedes
1999 696 2073 767 in
2111 691 2389 789 praesa-

284 832 390 895 tos
427 814 902 896 usus-directo
937 838 1101 891 cum
1139 817 1454 891 dominio
1489 815 1741 901 addici,
1796 815 2203 910 intereaque
2252 809 2385 883 do-

277 960 402 1012 nec
453 938 568 1011 vel
619 948 973 1023 emantur,
1019 936 1128 1009 vel
1167 937 1458 1017 omnino
1493 930 1968 1018 aedificentur,
2000 954 2119 1007 eas
2153 932 2390 1026 singu-

278 1053 376 1127 las
429 1054 655 1151 pretio
707 1054 1098 1127 conducere
1153 1063 1500 1149 oporteat,
1556 1051 1693 1125 hoc
1754 1051 1827 1123 in
1880 1072 2048 1123 casu
2088 1047 2392 1143 ejusmet

277 1170 753 1245 conductionis
831 1170 1141 1265 pretium
1217 1168 1308 1241 ab
1375 1169 1624 1243 eodem
1702 1166 2057 1242 Gubernio
2116 1162 2389 1261 persol-

281 1286 584 1360 vendum
619 1287 782 1371 erit,
825 1287 996 1383 quin
1029 1284 1469 1382 Episcopalis
1507 1282 1752 1358 Mensa
1788 1284 2141 1357 ullatenus
2178 1280 2265 1353 ad
2300 1278 2391 1351 il·-

284 1403 398 1477 lud
445 1414 798 1477 teneatur.

427 1519 693 1595 Verum
725 1541 952 1617 quum
981 1519 1054 1591 in
1084 1529 1424 1614 promptu
1459 1518 1644 1591 haud
1676 1516 2071 1590 habeantur
2104 1512 2393 1587 stabiles

225 1664 230 1667 ·
283 1634 500 1727 fundi,
538 1662 630 1711 ex
665 1620 969 1735 quorum
1023 1636 1412 1711 redditibus
1465 1636 1737 1733 Capitis
1773 1634 2054 1709 Haitani
2092 1634 2165 1706 in
2207 1646 2394 1705 tem-

277 1778 442 1852 pore
493 1755 812 1829 Antiates
865 1775 1066 1829 suam
1133 1754 1364 1829 valeat
1421 1767 1496 1828 et
1563 1754 1845 1841 debeat,
1900 1778 2041 1851 quo
2094 1775 2223 1850 par
2284 1758 2396 1823 est

277 1874 550 1960 decore,
607 1871 1098 1969 Episcopalem
1161 1873 1578 1969 dignitatem
1635 1874 1817 1946 tueri
1872 1884 1949 1947 ct
1998 1872 2395 1954 exsolvere,

276 1988 628 2086 impendia
681 2012 810 2086 pro
867 1990 1171 2063 eiusmet
1229 1988 1701 2086 Episcopatus
1782 1986 2392 2063 administratione

279 2106 464 2179 ultra
497 2118 764 2181 ceteras
801 2130 1174 2203 expensas,
1205 2126 1386 2203 quae
1411 2130 1544 2203 pro
1571 2106 1829 2180 vicarii
1864 2104 2225 2179 Generalis
2260 2104 2397 2174 ho-

279 2224 580 2311 norario,
634 2246 902 2321 proque
943 2224 1520 2298 administrorum
1558 2222 2091 2297 Ecclesiasticae
2144 2220 2395 2293 Curiae

279 2351 354 2413 et
389 2338 856 2415 Cancellariae
891 2342 1258 2437 stipendiis
1295 2364 1602 2436 congrue
1640 2363 1681 2413 a
1716 2340 2000 2414 laudato
2040 2337 2395 2411 Gubernio

279 2456 600 2532 obeunda
651 2470 850 2546 sunt3
889 2458 1054 2533 hinc
1079 2458 1250 2546 Noe,
1290 2457 1534 2530 habita
1568 2458 2067 2531 hodiernarum
2106 2458 2397 2529 circum-

279 2574 704 2649 stantiarum
741 2575 1048 2672 benigna
1083 2576 1382 2661 ratione,
1423 2575 1612 2649 dicta
1651 2574 2053 2669 Apostolica
2089 2572 2399 2647 auctori-

281 2702 430 2767 tate
457 2694 928 2790 indulgemuS,
957 2706 1042 2768 ut
1077 2718 1206 2791 pro
1243 2716 1554 2789 congrua
1594 2691 1871 2790 Capitis
1904 2692 2190 2765 Haitani
2240 2690 2405 2785 Epi·-

277 2822 611 2907 scopatus
675 2811 922 2888 Mensa
1017 2825 1215 2887 certo
1287 2814 1550 2887 certius
1623 2833 1859 2884 annua
1928 2810 2403 2885 constituatur

279 2950 561 3003 summa
597 2929 986 3005 duodecim
1039 2930 1340 3003 millium
1397 2928 1827 3003 Francorum
1880 2936 2208 3009 monetae
2262 2925 2407 2996 illa-

277 3068 444 3121 rum
471 3048 803 3143 'partium
839 3070 1024 3144 quae
1059 3070 1150 3123 ex
1189 3045 1471 3141 publico
1508 3043 1795 3117 Haitani
1833 3042 2173 3117 Gubernii
2210 3062 2401 3113 aera·

275 3164 414 3251 rio,
444 3164 647 3237 sicuti
675 3163 764 3237 ab
791 3186 878 3239 eo
915 3184 1258 3259 sponsum
1297 3174 1434 3248 est,
1465 3162 1534 3235 in
1577 3162 1753 3235 duas
1790 3182 2051 3256 aequas
2106 3157 2407 3232 solutio-

277 3304 412 3355 nes
445 3282 746 3357 alteram
767 3302 1028 3377 nempe
1053 3280 1168 3354 die
1195 3280 1426 3376 prima
1456 3279 1725 3353 mensis
1752 3278 2083 3363 ianuarii,
2115 3276 2409 3349 alteram

279 3412 524 3477 autem
560 3401 672 3475 die
707 3400 936 3497 prima
973 3401 1238 3475 mensis
1274 3400 1428 3473 lulii
1468 3398 1843 3495 cujuslibet
1879 3399 2068 3484 anni,
2110 3396 2408 3493 diligen-

279 3530 398 3593 ter
430 3518 883 3614 rependatur,
923 3518 1148 3593 donec
1186 3528 1296 3592 tot
1331 3516 1610 3591 stabilia
1649 3515 1833 3591 bona
1872 3539 2012 3590 non
2056 3516 2408 3589 minorem

279 3634 600 3731 nullique
627 3635 1026 3711 deductioni
1056 3634 1444 3709 obnoxium
1475 3634 1825 3707 redditum
1865 3632 2244 3728 quotannis
2282 3632 2411 3706 ad-

277 3752 516 3827 latura
568 3752 778 3848 pleno
827 3753 1190 3851 liberoque
1250 3776 1417 3829 cum
1503 3754 1815 3827 dominio
1878 3752 2121 3827 favore
2192 3750 2409 3845 ipsius

274 3892 576 3945 mensae
627 3872 1008 3968 subrogata
1060 3894 1201 3945 non
1239 3870 1536 3945 fuerint.

441 3988 549 4063 Ad
583 3988 891 4086 Capituli
953 3988 1394 4064 Cathedralis
1449 4012 1618 4065 vero
1672 3989 1867 4086 quod
1903 3987 2187 4073 attinet,
2232 3984 2403 4073 Νοε,

275 4106 532 4182 habita
581 4110 854 4183 ratione
891 4108 1228 4203 penuriae
1263 4107 1729 4183 sacerdotum
1764 4128 1945 4203 quae
1982 4104 2121 4178 illic
2154 4104 2404 4179 hacte-

275 4250 427 4303 nus
475 4225 914 4323 perhibetur,
957 4225 1363 4323 Apostoliea
1401 4228 1691 4303 interim
1740 4225 2157 4301 auctoritate
2192 4220 2413 4319 'jube-

2408 4423 2423 4491 l
