3317 5267
839 432 989 501 410

832 560 979 621 tem
1034 546 1221 619 inter
1274 548 1511 619 omnia
1562 545 1926 621 orientalia
1980 548 2260 643 negotia
2313 546 2479 625 huic
2549 548 2958 649 Congrega-

834 664 1008 738 tioni
1064 686 1105 734 a
1158 663 1375 738 Nobis
1428 662 1810 738 commissa
1863 666 2312 739 contineatur
2359 668 2578 742 etiam
2605 670 2952 768 quidquid

832 782 923 855 ad
974 782 1294 856 eiusdem
1346 784 1525 855 ritus
1578 782 1917 857 librorum
1973 786 2540 861 emendationem
2619 798 2950 885 spectat,

831 901 1083 975 iccirco
1136 894 1575 975 declaramus
1630 902 1774 973 iam
1829 924 2018 974 nunc
2071 904 2466 976 extinctam
2548 902 2956 1001 Congrege-

830 1017 1105 1091 tionem
1160 1018 1293 1090 hac
1346 1019 1433 1090 de
1484 1040 1698 1101 causa
1733 1040 1774 1091 a
1828 1016 2196 1093 Clemente
2227 1018 2322 1091 Xl
2353 1022 2788 1109 institutam,
2829 1046 2958 1097 ve-

834 1132 964 1207 luti
1018 1158 1147 1230 per
1196 1132 1327 1208 has
1379 1131 1686 1209 Litteras
1739 1136 2156 1210 auctoritate
2233 1134 2490 1211 Nostra
2553 1136 2958 1234 Apostolica

826 1252 1035 1351 plane
1088 1254 1597 1350 supprimimus
1652 1266 1727 1327 et
1763 1253 2151 1328 abolemus,
2198 1254 2540 1331 Volumus
2574 1270 2844 1345 tamen,
2871 1270 2953 1329 ut

835 1372 910 1443 in
966 1372 1221 1444 eadem
1264 1368 1822 1467 Congregatione
1874 1372 2070 1445 hisce
2099 1372 2373 1447 Nostris
2411 1371 2704 1446 Litteris
2779 1398 2958 1447 con-

830 1489 1091 1561 stituta
1146 1488 1413 1561 existat
1466 1485 1852 1561 Cardinalis
1905 1485 2190 1561 Ponens
2219 1511 2259 1561 a
2286 1488 2530 1577 Nobis,
2572 1502 2646 1563 et
2697 1512 2738 1561 a
2792 1490 2952 1565 No·-

826 1606 993 1679 stris
1045 1604 1581 1679 successorihus
1634 1604 1868 1678 stabili
1909 1607 2116 1680 modo
2169 1628 2452 1702 semper
2523 1606 2886 1703 eligendus
2917 1662 2938 1694 ,

824 1724 947 1818 qui
1003 1744 1295 1796 munere
1348 1721 1692 1817 fungatur
1745 1723 1988 1797 scdulo
2045 1724 2386 1821 dirigendi
2439 1726 2672 1799 studia
2700 1777 2723 1811 ‚
2751 1748 2948 1821 rquae

826 1840 1220 1913 necessaria
1256 1851 1443 1933 ,sunt
1496 1839 1581 1911 ad
1669 1838 2096 1935 colligendos
2175 1839 2530 1914 Ecclesiae
2593 1842 2954 1915 orientalis

826 1980 1134 2033 canones
1186 1968 1263 2030 et
1316 1958 1403 2029 ad
1458 1956 1994 2043 examinandae,
2051 1956 2174 2031 uhi
2226 1982 2421 2055 opus
2457 1958 2698 2047 fuerit,
2789 1980 2954 2033 om-

825 2097 953 2147 nes
980 2074 1361 2148 orientales
1399 2074 1617 2149 libros
1654 2076 1994 2172 cuiusque
2021 2077 2298 2171 generis
2335 2078 2504 2161 sint,
2521 2078 2674 2149 sive
2711 2076 2958 2151 huius-

828 2193 1017 2266 modi
1071 2192 1227 2265 libri
1284 2194 1670 2288 respiciant
1695 2193 2068 2268 Sacrorum
2099 2192 2488 2269 Bibliorum
2558 2196 2948 2283 versiones,

824 2310 977 2385 sive
1030 2312 1488 2397 catechesim,
1544 2314 1700 2385 sive
1752 2311 2220 2408 disciplinam.

982 2426 1351 2503 Praeterea
1406 2429 1761 2517 volumuS,
1817 2444 1898 2502 ut
1951 2428 2358 2505 Cardinales
2397 2431 2688 2505 huiusce
2721 2454 2950 2505 novae

826 2543 1409 2641 Congregationis
1435 2570 1477 2617 a
1528 2545 1746 2619 Nobis
1779 2545 1974 2620 hisce
2005 2546 2295 2620 Litteris
2319 2546 2568 2621 delecti
2611 2548 2682 2619 in
2715 2547 2950 2643 primo

823 2674 1176 2737 conventu
1231 2664 1549 2755 dividant
1600 2664 1787 2737 inter
1837 2690 1914 2738 se
1967 2668 2252 2762 propria
2305 2666 2646 2762 cuiusque
2699 2666 2944 2739 orien-

824 2780 981 2853 talis
1032 2783 1339 2856 nationis
1388 2783 1698 2879 negotia.
1761 2783 1992 2881 Atque
2044 2784 2448 2858 huiusmodi
2528 2783 2782 2857 divisio
2835 2785 2938 2856 ita

818 2899 1163 2974 efficiatur
1192 2953 1212 2988 ,
1295 2914 1377 2976 ut
1430 2902 1919 3000 unusquisque
1973 2901 2362 2977 Cardinalis
2389 2903 2656 2978 -stabili
2729 2904 2946 2978 modo

820 3038 1043 3113 penes
1096 3040 1172 3091 se
1225 3018 1490 3093 habeat
1549 3022 1830 3116 negotia
1883 3022 2091 3093 unius
2149 3020 2257 3092 vel
2337 3020 2648 3115 plurium
2703 3022 2950 3096 orien-

819 3134 1079 3209 talium
1134 3137 1503 3210 nationum
1540 3190 1559 3225 ,
1617 3148 1834 3233 prout
1885 3140 1948 3211 ei
2003 3138 2073 3209 in
2127 3138 2470 3211 divisione
2531 3142 2940 3235 contigerit.

818 3251 1001 3327 Cum
1054 3278 1223 3329 vero
1274 3257 1559 3329 eveniat
1591 3310 1611 3343 ‚
1671 3266 1754 3327 ut
1807 3256 2060 3353 aliquis
2139 3254 2527 3329 Cardinalis
2607 3268 2948 3352 suscepto

820 3392 1111 3445 munere
1170 3370 1495 3468 perfungi
1551 3396 1695 3445 non
1751 3374 2056 3467 amplius
2111 3386 2330 3469 queat
2361 3426 2380 3461 ‚
2423 3373 2752 3447 volumus
2787 3426 2806 3459 ‚
2863 3384 2946 3445 ut

816 3488 1027 3563 huius
1080 3511 1305 3563 novae
1336 3487 1920 3585 Congregationis
1950 3488 2357 3577 cardinales
2395 3492 2466 3562 in
2495 3491 2717 3586 ipsius
2755 3488 2944 3563 Con-

816 3606 1243 3701 gregationis
1293 3618 1651 3680 conventu
1733 3620 2146 3700 praesentes
2227 3609 2536 3702 optionis
2591 3608 2744 3680 iure
2808 3629 2946 3702 po·-

814 3724 1104 3810 tiantur‚
1163 3724 1261 3796 ita
1310 3735 1393 3795 ut
1446 3722 1738 3796 ultimus
1823 3744 1914 3795 ex
1985 3725 2372 3820 praedictis
2457 3723 2940 3798 Cardinalibus

814 3853 978 3938 post
1026 3852 1387 3933 peractam
1416 3841 1810 3936 optionem,
1841 3840 2028 3915 illius
2079 3844 2441 3917 orientalis
2469 3844 2780 3916 nationis
2805 3865 2939 3915 ne·-

816 3960 1009 4055 gotia
1040 3958 1477 4055 procuranda
1528 3958 1894 4055 suscipiat,
1922 3981 2104 4057 quae
2157 3957 2542 4034 Cardinalis
2577 3962 2936 4034 curatione

814 4076 1246 4162 vacaverint,
1276 4099 1417 4174 quo
1454 4098 1704 4149 omnes
1733 4075 2112 4149 orientales
2150 4078 2476 4153 nationes
2507 4099 2714 4151 suum
2743 4098 2940 4150 sem-

817 4214 945 4289 per
995 4190 1305 4266 habeant
1354 4192 1796 4270 Cardinalem
1857 4194 2291 4285 Relatorem,
2348 4198 2470 4295 qui
2525 4195 2930 4292 Congrege-
