3317 5267
2286 429 2431 501 537

323 549 496 624 lieas
534 545 840 620 Litteras
869 543 1306 640 incipientes
1344 569 1378 613 α
1440 537 1915 615 Gravissimas
1950 543 2143 618 inter
2203 569 2237 614 »
2272 547 2437 644 qui-

325 665 464 741 hus
501 663 978 750 fundavimus,
1011 661 1366 735 ereximus
1419 674 1492 734 et
1527 660 2027 737 constituimus
2063 645 2269 736 Pium
2307 661 2427 736 ln·-

325 785 660 859 stitutum
713 781 1344 856 constabiliendum
1398 781 1470 854 in
1523 792 2082 855 commemorato
2119 782 2437 860 aedificio

325 911 708 998 postquam
759 898 1009 972 fuisset
1061 897 1490 972 absolutum.
1551 895 1783 993 Atque
1838 899 2105 972 eisdem
2146 898 2435 976 Litteris

324 1018 570 1092 dotem
621 1017 784 1090 huic
812 1013 936 1090 Pio
964 1014 1300 1088 Instituta
1336 1013 1890 1110 adsignavimus,
1922 1028 2188 1090 sortem
2229 1041 2439 1092 nem-

294 1157 418 1232 .pe
469 1157 561 1208 ex
615 1134 824 1207 variis
875 1133 1082 1207 bonis
1133 1133 1206 1206 in
1257 1131 1693 1228 Senogalliae
1747 1134 2104 1208 territorio
2166 1158 2253 1208 ex
2290 1158 2457 1209 ma·-

325 1249 520 1325 xima
576 1262 774 1347 parte
825 1247 1321 1335 existentibus,
1391 1247 1765 1323 acNostra
1846 1251 2145 1346 pecunia
2180 1255 2441 1348 emptis

327 1369 731 1456 conflatam,
811 1393 991 1467 quae
1053 1387 1406 1442 summam
1461 1381 1755 1442 centum
1814 1371 2171 1468 octoginta
2249 1369 2441 1446 mille

325 1499 762 1562 scutatorum
817 1509 1148 1563 romanae
1203 1495 1530 1561 monetae
1611 1489 1927 1586 attingit.
2010 1485 2209 1562 Hane
2271 1513 2441 1565 vero

324 1603 566 1678 dotem
620 1603 850 1676 eidem
929 1599 1056 1677 Pio
1117 1602 1451 1680 Instituto
1505 1605 1797 1702 ea-·lege
1830 1659 1851 1693 ,
1902 1607 2305 1682 conditione
2366 1621 2443 1681 et

326 1743 540 1795 onere
599 1721 948 1808 dedimus,
987 1733 1064 1793 et
1129 1720 1614 1810 attribuimuS‚
1647 1736 1733 1796 ut
1759 1724 1997 1818 ipsum
2060 1723 2267 1799 Pium
2304 1723 2439 1796 ln-

325 1838 660 1912 stitutum
713 1839 1000 1912 canonis
1055 1838 1259 1914 titulo
1313 1850 1697 1936 sequentes
1754 1852 2161 1913 numeratae
2220 1862 2440 1935 pecu·-

327 1955 486 2028 niae
537 1975 854 2028 summas
905 1977 1238 2031 romanae
1291 1969 1616 2030 monetae
1683 1954 1771 2028 ab
1799 1957 2127 2030 omnibus
2188 1957 2441 2030 euius-

328 2095 468 2173 que
529 2076 803 2173 generis
874 2076 1202 2151 oneribus
1272 2076 1479 2173 plane
1507 2100 1589 2150 ao
1643 2099 1929 2173 semper
1964 2075 2219 2150 liberas
2256 2101 2441 2174 quo·-

327 2193 564 2266 tannis
616 2192 887 2267 solvere
933 2191 1247 2280 deberet,
1315 2191 1584 2266 seilicet
1635 2192 2145 2290 Senogalliensi
2218 2192 2442 2266 Vale-

327 2310 676 2385 tudinario
729 2310 819 2384 ob
865 2311 1054 2384 horti
1109 2311 1767 2406 compensationem
1821 2333 2175 2385 summam
2214 2322 2444 2383 scuta-

331 2435 566 2500 torum
603 2425 970 2523 sexaginta
998 2449 1024 2514 ;
1095 2423 1478 2522 Gymnasio
1505 2449 1546 2498 a
1585 2423 1803 2500 Nobis
1837 2423 2132 2502 fundato
2160 2450 2241 2500 ac
2283 2426 2441 2499 Re-

327 2543 590 2642 ligiosis
639 2543 1006 2618 Societatis
1057 2543 1214 2617 lesu
1266 2544 1646 2619 commisso
1700 2565 2055 2618 summam
2106 2556 2441 2617 scutato-

328 2683 486 2735 rum
541 2661 648 2734 his
695 2661 885 2735 mille
948 2672 1022 2734 et
1071 2671 1526 2734 octocentum
1567 2684 1592 2748 3
1678 2657 2029 2736 Paroeciis
2080 2683 2437 2736 summam

333 2788 770 2854 scutatorum
823 2789 1420 2875 quatuor-eentum
1473 2779 1846 2874 sexaginta
1897 2801 2025 2852 sex
2079 2790 2156 2853 et
2190 2777 2441 2854 obulo-

330 2919 484 2972 rum
535 2899 892 2994 octoginta
918 2897 1209 2973 subsidii
1247 2909 1323 2969 et
1349 2898 1959 2992 compensationis
1996 2921 2205 2971 causa
2241 2899 2441 2970 iuxta

329 3026 756 3087 memoratas
796 3013 1084 3088 Nosti-as
1150 3010 1593 3108 Apostolicas
1623 3011 1956 3099 LitteraS‚
2014 3024 2086 3085 et
2126 3012 2441 3108 publicas

334 3130 608 3205 tabulas
675 3131 790 3205 die
859 3131 1133 3207 decimo
1195 3129 1446 3226 Aprilis
1519 3151 1707 3202 anno
1778 3129 2159 3203 millesimo
2214 3129 2445 3203 octin-

329 3250 721 3348 gentesimo
748 3251 1340 3349 quinquagesimo
1369 3259 1580 3323 sexto
1621 3271 1662 3321 a
1717 3247 2005 3323 Notario
2041 3246 2239 3323 Livio
2264 3247 2448 3321 Bru-

330 3368 660 3442 schettini
715 3370 848 3442 rite
899 3367 1311 3455 confectas3
1366 3389 1446 3439 ac
1473 3367 1781 3464 denique
1809 3364 2249 3440 Dioecesano
2282 3365 2445 3454 Cle-r
2576 3435 2588 3448 ,

305 3485 632 3559 'ricorum
672 3484 1176 3582 Senogalliensi
1205 3482 1600 3558 Seminario
1637 3503 1996 3556 summam
2026 3494 2441 3557 sexcentum

333 3613 801 3676 scutatorum.
871 3601 968 3676 Ut
1003 3614 1242 3676 autem
1273 3601 1407 3675 hae
1446 3623 1721 3674 annuae
1760 3601 2201 3696 pecuniariae
2242 3619 2443 3674 sum-

332 3743 494 3795 mae
548 3733 891 3820 perpetuo
965 3745 1005 3794 a
1034 3719 1160 3795 Pio
1187 3719 1556 3807 Instituto‚
1599 3719 1817 3794 veluti
1874 3720 2230 3805 iussimus,
2264 3741 2444 3814 pen-

329 3838 648 3912 sitandae
719 3837 989 3912 nullum
1049 3858 1366 3935 unquam
1416 3847 1831 3933 paterentur
1899 3837 2433 3922 detrimentum,

213 3973 216 3977 ’
329 3977 412 4029 ae
457 3970 740 4052 semper
799 3955 870 4028 in
914 3966 1072 4030 tuto
1126 3966 1390 4042 essent,
1431 3953 1808 4041 voluimus,
1840 3965 1935 4037 ut,
1968 3953 2205 4028 omnia
2256 3952 2440 4025 bona

334 4067 462 4144 Pio
515 4069 855 4147 instituto
909 4071 1271 4169 adsignata
1306 4069 1607 4168 generali
1664 4069 2175 4144 subiicerentur
2210 4068 2443 4166 hypo-
