3317 5267
886 571 1133 666 Pius
1194 569 1796 666 EPISCOPUS
2263 463 2303 536 5
2316 467 2406 538 ⁷3

996 961 1215 1012 8117111
1254 959 1561 1010 snvonnu
1598 959 1700 1006 »31

846 1211 1297 1260 amrmemus!
1339 1208 1433 1255 unt
1476 1207 1782 1256 nummu
1865 1231 1874 1240 ·

280 1563 531 1727 Cum
594 1647 683 1722 ad
740 1646 947 1721 hanc
1006 1643 1363 1741 Principis
1444 1642 1950 1743 Apostolorum
2003 1647 2416 1724 cathedram

276 1765 491 1840 nullis
542 1780 740 1842 certe
790 1765 1065 1842 Nostris
1120 1763 1423 1851 meritis,
1450 1763 1576 1838 sed
1632 1761 2070 1838 inscrutabili
2107 1763 2404 1844 Divinae

278 1879 779 1957 Providentiae
830 1882 1121 1958 consilio
1174 1881 1401 1957 evecti
1430 1903 1559 1978 pro
1610 1881 1924 1975 supremi
1951 1879 2188 1957 Nostri
2227 1885 2406 1983 Apo-

274 1999 507 2074 stolici
560 2000 941 2074 ministerii
990 1999 1219 2076 officio
1270 2021 1512 2074 curam
1569 2019 1858 2077 omnem
1895 2011 1972 2073 et
1996 2024 2282 2098 operam
2311 2008 2400 2082 ad

276 2117 645 2214 spirituale
694 2119 1018 2194 omnium
1071 2119 1492 2216 populorum
1543 2119 1816 2196 bonum
1879 2125 2400 2218 procurandum

274 2235 559 2310 assidue
610 2233 933 2311 conferre
986 2235 1406 2324 debeamus,
1471 2246 1627 2310 tum
1681 2259 1960 2312 summa
2039 2239 2401 2316 alacritate

269 2354 648 2452 studioque
699 2375 785 2429 ea
836 2354 1077 2429 omnia
1138 2375 1347 2450 agere
1422 2353 1922 2428 contendimus
1953 2407 1974 2442 ,
2055 2379 2234 2453 quae
2309 2358 2400 2434 ad

266 2469 615 2546 maiorem
665 2471 967 2546 Sanctae
1022 2467 1152 2545 Dei
1215 2468 1573 2545 Ecclesiae
1606 2522 1627 2558 ‚
1711 2470 2008 2568 eiusque
2086 2471 2396 2550 fidelium

268 2587 657 2662 utilitatem
734 2583 1131 2662 conducere
1210 2589 1597 2664 noscimus.
1665 2586 1914 2686 Itaque
1984 2611 2153 2689 prae
2229 2611 2404 2667 ocu-³-

268 2703 359 2778 lis
442 2703 787 2780 habentes
874 2703 1417 2801 Nicaraguensis
1511 2703 1968 2802 Reipublicae
2053 2705 2406 2806 conditio-

277 2843 477 2908 nem,
532 2845 615 2896 ac
666 2844 1121 2921 summopere
1148 2833 1505 2920 *optantes
1556 2822 1905 2917 spirituali
1938 2822 2214 2898 illorum
2271 2847 2405 2922 po-

262 2931 600 3037 pulorum
653 2941 1101 3038 prosperitati
1140 2938 1567 3037 prospicere,
1594 2937 2080 3015 libentissimo
2114 2941 2404 3038 quidem
2539 3015 2546 3022 .

262 3056 508 3132 animo
560 3057 815 3134 Dilecti
868 3058 1023 3132 Filii
1074 3055 1375 3131 illustris
1426 3066 1502 3130 et
1534 3053 1984 3131 Honorabilis
2024 3054 2171 3130 Viri
2209 3057 2403 3132 eius-

262 3177 433 3252 dem
487 3177 938 3276 Reipublicae
991 3175 1339 3251 Praesidis
1390 3175 1804 3271 excepimus
1859 3184 2029 3248 vota
2063 3226 2086 3261 ‚
2141 3174 2398 3272 quibus

272 3295 487 3369 enixe
542 3319 583 3368 a
634 3295 851 3370 Nobis
878 3292 1296 3392 postulavit,
1336 3303 1418 3366 ut
1456 3289 2020 3366 Conventionem
2051 3291 2228 3364 inire
2263 3291 2408 3366 vel·-

262 3413 522 3501 lemus‚
582 3437 720 3510 qua
772 3411 1247 3488 ecclesiastica
1302 3411 1527 3507 ipsius
1582 3407 2040 3505 Reipublicae
2119 3409 2398 3507 negotia

262 3531 608 3626 componi
660 3543 981 3626 possent.
1040 3527 1221 3604 Hinc.
1298 3527 1650 3602 Dilectum
1737 3525 1991 3599 Filium
2071 3519 2408 3602 Nostrum

278 3646 629 3722 Iacobum
684 3646 757 3720 S.
823 3645 1141 3744 Agathae
1220 3647 1305 3721 ad
1358 3642 1744 3719 Suburram
1798 3642 1872 3717 S.
1933 3642 2022 3716 R.
2077 3641 2165 3716 E.
2223 3644 2406 3722 Dia==

273 3787 542 3840 conum
598 3762 1047 3839 Cardinalem
1105 3761 1463 3838 Antonelli
1503 3786 1543 3836 a
1580 3761 1884 3859 publicis
1934 3759 2210 3836 Nostris
2261 3787 2408 3838 ne—

258 3881 477 3980 gotiis
529 3881 871 3980 elegimus
910 3889 1084 3956 cum
1146 3881 1564 3979 opportunis
1600 3903 1681 3954 ac
1717 3879 2130 3954 necessariis
2181 3878 2408 3956 facul-

252 3998 529 4073 tatibus
581 4010 656 4072 et
708 3997 1349 4088 instructionibus,
1406 4009 1491 4072 ut
1544 4019 1686 4072 una
1737 4016 1900 4072 cum
1953 3993 2228 4072 Dilecto
2281 3997 2404 4073 Fi-

254 4115 359 4191 lio
412 4117 641 4192 Nobili
702 4115 865 4194 Viro
923 4117 1373 4194 Ferdinando
1428 4107 1836 4193 Lorenzana
1861 4115 2266 4192 Marchione
2313 4119 2403 4195 de

274 4233 679 4326 Belmonte,
736 4261 817 4312 ac
870 4238 1186 4314 eiusdem
1242 4237 1601 4314 Praesidis
1656 4235 2114 4335 Reipublicae
2137 4235 2227 4312 de
2277 4235 2404 4314 Ni-
