3317 5267
870 420 1014 498 278

869 564 1066 639 mam
1118 562 1426 616 annnam
1475 564 1689 619 eausa
1746 542 2380 619 administrationis
2432 554 2507 617 et
2567 544 3007 621 visitationis

861 684 990 757 per
1037 682 1198 735 eam
1247 666 1684 761 peramplam
1722 662 2113 739 Dioeeesim
2165 660 2517 762 Episcopo
2554 662 2983 738 vietoriensi

867 793 1365 876 permanenter
1417 784 1937 878 rependendam
1976 795 2315 869 statuere,
2358 785 2724 881 possitque
2760 796 2837 855 et
2872 807 3003 856 sa-

867 907 1061 995 tagat
1096 920 1178 973 ea
1215 914 1466 975 cuneta
1492 896 1895 988 declarare,
1936 924 2207 989 curare,
2247 904 2631 977 decernere
2678 924 2771 974 ao·
2814 902 3003 975 defi-

865 1015 1092 1088 nitive
1141 1020 1334 1091 omni
1385 1020 1857 1115 appellatione
1910 1028 2183 1093 remota
2238 1021 2694 1115 pronuntiare
2736 1073 2764 1105 ‚
2816 1044 3007 1118 quae

869 1132 960 1203 ad
992 1132 1128 1207 hoc
1163 1137 1525 1230 negotium.
1563 1146 1899 1231 exoptato
1936 1134 2437 1231 perficiendum
2476 1139 2945 1232 oportuerint.

999 1250 1155 1325 Non
1181 1250 1628 1327 'obstantibus
1658 1252 1929 1327 nostris
1946 1266 2025 1324 et
2050 1249 2525 1327 Cancellariae
2549 1252 3001 1349 Apostolieae

869 1366 1156 1461 regulis,
1187 1368 1408 1441 etiam
1431 1369 1520 1464 de
1547 1368 1793 1465 gratiis
1818 1390 1965 1442 non-
1986 1368 2451 1442 concedendis
2478 1370 2564 1442 ad
2594 1371 2848 1455 instar,
2867 1371 3001 1443 de-

869 1506 1008 1579 que
1061 1485 1679 1581 suppressionibus
1728 1487 1815 1561 ad
1867 1496 2105 1582 partes
2140 1485 2673 1560 committendis
2727 1485 2999 1559 voeatis

872 1623 1174 1697 quorum
1225 1603 1558 1691 interest,
1593 1626 1724 1677 neo
1760 1626 1903 1677 non
1954 1601 2449 1675 Lateranensis
2478 1600 2771 1677 Consilii
2806 1602 3005 1677 eele-

871 1716 1056 1791 brati
1089 1718 1751 1793 dismembrationes
1790 1728 2195 1815 perpetuas,
2224 1718 2361 1791 nisi
2392 1720 2465 1792 in
2490 1718 2773 1792 ensibus
2802 1741 2845 1791 u
2880 1719 2999 1813 ju-

869 1856 946 1910 re
971 1838 1364 1933 permissis,
1389 1836 1536 1911 fieri
1564 1836 2029 1932 prohibentis,
2062 1837 2363 1933 aliisque
2392 1839 2611 1911 etiam
2650 1837 2727 1908 iu
2758 1837 2997 1934 Syno-

873 1955 1171 2044 dalibus‚
1203 1955 1782 2042 provincialibus,
1814 1951 2310 2041 Gener-dibus,
2327 1952 2999 2051 Universalibusque

876 2070 1200 2147 Consiliis
1237 2074 1446 2148 editis
1483 2074 1594 2147 vel
1613 2072 1911 2157 ⁸edendis
1946 2070 2386 2167 specialibus·
2402 2072 2517 2145 vel
2550 2070 2995 2167 generalibus

877 2186 1517 2265 Constitutiouibus
1537 2201 1614 2264 et
1662 2188 2233 2265 ordinationibus
2264 2186 2685 2284 Apostolieis
2710 2188 2999 2286 quibus-

875 2307 984 2377 vis
1019 2305 1608 2402 Superioribuset
1657 2307 1979 2402 personis
2031 2306 2103 2380 in
2154 2328 2411 2401 genere
2465 2306 2579 2379 vel
2633 2308 2705 2379 in
2760 2306 2999 2403 speeie

875 2421 1088 2495 etiam
1113 2423 1248 2497 sub
1275 2423 1833 2519 quibuscumque
1865 2422 2225 2497 tenoribus
2276 2432 2357 2495 et
2405 2420 2683 2509 formis,
2714 2448 2801 2499 ac
2834 2445 2994 2497 cum

874 2536 1242 2634 quibusvis
1269 2541 1486 2614 etiam
1531 2541 2135 2637 derogator-iarum
2172 2541 2671 2637 derogator-iis,
2700 2542 2997 2637 aliisque

875 2652 1376 2731 efficacioribus
1401 2668 1476 2731 et
1503 2657 2009 2733 efficacissimis
2034 2680 2115 2731 ao
2150 2658 2453 2732 insolitis
2480 2658 2823 2731 clausulis
2854 2660 3003 2731 irri-

879 2775 1338 2875 tanti-busque
1358 2777 1514 2851 aliis
1540 2775 1855 2851 Decretis
1892 2778 2113 2851 etiam
2150 2788 2389 2863 motu,
2412 2776 2739 2864 seientia,
2766 2788 2839 2849 et
2874 2800 2999 2872 po·

877 2892 1158 2968 testatis
1193 2890 1627 2990 plenitudine
1653 2893 2003 2968 similibus
2032 2916 2113 2966 ac
2141 2894 2357 2967 etiam
2386 2893 3001 2981 consistorialiter,

872 3033 1000 3087 seu
1051 3012 1226 3089 alias
1275 3014 1344 3085 in
1399 3014 1834 3087 eontrarium
1886 3014 2437 3109 praemissorum
2466 3010 2999 3108 quomodolibet

875 3126 1110 3205 forsan
1139 3132 1521 3219 concessis,
1549 3130 2478 3229 approbatiS‚·eonfirmatis,
2510 3139 2585 3204 et
2612 3130 2994 3216 invocatis,

873 3248 1134 3345 quibus
1183 3249 1510 3324 omnibus
1563 3264 1641 3323 ot
1688 3250 1983 3346 singulis
2031 3252 2313 3328 etiamsi
2338 3272 2499 3345 ,pro
2544 3249 2837 3323 illorum.
2866 3247 3008 3323 suf-

873 3365 1148 3439 ficienti.
1189 3365 1642 3461 derogatione
1690 3366 1787 3439 de
1818 3367 1955 3441 illis
1992 3385 2381 3463 eorumque
2416 3368 2593 3441 totis
2634 3364 2999 3441 tenoribus

870 3482 1206 3577 specialis
1249 3482 1588 3578 specifica·
1623 3490 1959 3577 expressa
2010 3496 2091 3557 et
2138 3484 2524 3571 individua,
2575 3506 2721 3557 non
2758 3494 2997 3557 autem

872 3620 1002 3693 per
1033 3599 1382 3673 clausulas
1419 3598 1780 3697 generales
1816 3602 2005 3675 idem
2042 3602 2539 3697 imponantes,
2570 3602 2845 3674 mentio
2870 3624 2999 3672 seu

873 3717 1168 3811 quaevis
1201 3716 1342 3789 alia
1375 3718 1739 3811 expressio
1764 3716 2113 3803 habenda,
2152 3730 2279 3791 aut
2312 3718 2545 3813 aliqua
2580 3714 2717 3789 alia
2752 3714 3005 3810 exqui—

866 3836 1012 3911 sita
1059 3836 1290 3913 forma
1325 3837 1418 3909 ad
1450 3836 1584 3911 hoe
1619 3838 1964 3911 servanda
1998 3834 2209 3923 foret,
2248 3848 2532 3911 tenores
2596 3834 3003 3909 huiusmodi

869 3978 954 4029 ao
981 3956 1042 4029 si
1069 3956 1158 4029 de
1189 3952 1406 4029 verbo
1427 3953 1516 4029 ad
1547 3952 1845 4029 verbum
1877 3952 1977 4027 nil
2000 3954 2287 4050 penitus
2322 3954 2615 4040 omisso,
2658 3962 2737 4025 et
2769 3950 3002 4024 forma

869 4072 944 4145 in
995 4074 1130 4149 illis
1185 4075 1448 4149 tradita
1495 4072 1871 4149 observata
1906 4071 2149 4145 inserti
2186 4070 2452 4159 forent,
2483 4072 2757 4145 eisdem
2792 4091 3004 4166 prae-

870 4190 1194 4265 sentibus
1247 4214 1378 4287 pro
1414 4190 1622 4287 plene
1655 4199 1733 4263 et
1766 4187 2198 4264 sufficienter
2231 4188 2587 4284 expressis
2624 4186 3005 4271 hahentes,
