3317 5267
860 409 951 480 84
1602 508 2242 603 ALLocU‘rlo

1022 874 1227 923 unm
1270 872 1331 923 ιιι
1372 870 1740 921 αοκειειοιιο
1779 873 2037 922 securo
2075 872 2174 919 mn
2203 853 2280 920 20
2319 870 2480 919 mm
2505 872 2816 921 mecerin.

1578 1046 1870 1093 vultuum
1877 1046 1982 1092 us
2019 1046 2268 1093 nnus

870 1368 1047 1529 Ad
1098 1454 1625 1550 gravissimum,
1675 1478 1818 1551 quo
1869 1477 2034 1529 eum
2071 1453 2278 1529 bonis
2313 1452 2650 1529 omnihus
2701 1466 3002 1552 propter

862 1572 1127 1648 bellum
1178 1574 1365 1647 inter
1438 1571 1822 1647 catholicas
1871 1572 2197 1647 nationes
2267 1572 2662 1646 excitatum
2723 1572 3002 1668 premi-

866 1712 1053 1777 mur,
1104 1689 1421 1765 dolorem
1472 1690 1831 1763 maximus
1881 1689 2180 1763 aeeessit
2225 1712 2514 1764 moeror
2563 1686 2655 1763 ob
2705 1689 3002 1765 luctuo—

865 1830 1021 1881 sam
1072 1828 1311 1881 rerum
1362 1806 1904 1881 conversionem
1955 1828 2038 1879 ae
2089 1804 2700 1901 perturbationem
2731 1856 2756 1894 ,
2807 1828 3004 1902 quae

870 1924 943 1997 in
1004 1922 1359 1997 nonnullis
1436 1919 1844 1997 Pontifieiae
1897 1919 2200 1995 Nostrae
2263 1921 2554 1997 ditionis
2607 1920 3008 1997 Provinciis

870 2038 1137 2118 nefaria
1188 2038 1571 2136 impiorum
1604 2037 1980 2113 hominum
2025 2061 2244 2135 opera
2281 2062 2364 2113 ae
2397 2038 2742 2136 sacrilego
2795 2064 3008 2138 pror-

872 2184 995 2235 sus
1046 2184 1225 2233 ausu
1272 2182 1505 2259 nuper
1554 2158 1822 2235 evenit.
1881 2157 2114 2233 Probe
2177 2158 2575 2255 intelligitis
2602 2211 2627 2249 ,
2685 2160 3012 2235 Venera-

870 2276 1049 2353 bilee
1102 2276 1385 2353 Fratres
1414 2330 1436 2366 ,
1492 2276 1639 2353 Nos
1689 2277 2012 2351 dolenter
2087 2277 2284 2373 loqui
2333 2276 2424 2351 de
2471 2277 2776 2353 scelesta
2825 2302 3008 2353 sane

870 2396 1335 2491 perduellium
1384 2406 1635 2471 eontra
1685 2416 1972 2469 sacrum
2021 2394 2568 2493 legitimumque
2625 2395 3006 2485 Nostrum,

872 2526 951 2589 et
1000 2512 1211 2589 huius
1262 2514 1565 2589 Sanctae
1620 2513 1826 2587 Sedis
1873 2512 2158 2587 civilem
2211 2512 2690 2609 principatum
2751 2515 3014 2589 coniu-

876 2630 1153 2707 ratione
1176 2645 1255 2705 et
1288 2629 1704 2717 rebellione,
1741 2650 1960 2725 quam
1993 2627 2356 2702 vaferrimi
2391 2628 2722 2703 homines
2749 2630 2826 2702 in
2861 2631 3014 2704 eis-

874 2750 1043 2825 dem
1092 2748 1369 2827 Nostris
1416 2748 1802 2847 provinciis
1861 2758 2392 2823 commorant&
2426 2758 2586 2823 tum
2619 2746 3014 2843 clandesti-

876 2868 990 2941 nis
1026 2868 1401 2965 pravisque
1434 2864 1788 2955 eoetibus,
1827 2876 1984 2940 tum
2021 2866 2456 2961 turpissimis
2491 2866 2804 2941 consiliis
2837 2888 3010 2941 eum

874 2984 1337 3059 finitimarum
1386 2984 1760 3082 regionum
1793 2982 2206 3057 hominibus
2243 2982 2470 3071 initis,
2507 2994 2669 3057 tum
2719 2982 3020 3061 haude—

872 3102 1087 3177 lentis
1136 3102 1738 3200 enlumniosisque
1787 3100 2000 3175 editis
2049 3098 2330 3187 libellis,
2373 3110 2534 3175 tum
2567 3102 2838 3175 exteris
2889 3124 3016 3175 ar-

872 3220 1013 3293 mis
1046 3218 1477 3315 eomparatis
1510 3231 1587 3292 et
1620 3216 1952 3305 invectis,
2007 3226 2160 3289 tum
2214 3218 2572 3311 perversis
2605 3216 3016 3315 quibusque

876 3338 1031 3411 aliis
1082 3336 1472 3425 fraudibus,
1524 3349 1601 3411 et
1648 3334 1926 3409 artibus
1975 3333 2242 3421 moliri,
2295 3333 2568 3423 fovere,
2605 3347 2683 3410 et
2731 3336 3018 3410 efficere

878 3453 1175 3529 minime
1206 3453 1780 3529 reformidarunt.
1819 3450 1968 3525 Nee
2003 3472 2386 3547 possumus
2421 3474 2568 3527 non
2617 3452 3018 3527 vehemen-

880 3584 995 3645 ter
1040 3570 1308 3659 dolere,
1372 3570 1706 3644 infestam
1757 3569 2166 3645 huiusmodi
2219 3570 2782 3645 coniurationem
2861 3573 3020 3669 pri-

882 3710 1087 3763 mum
1148 3686 1467 3785 erupisse
1516 3687 1593 3759 in
1642 3688 1936 3761 civitate
1985 3686 2248 3762 Nostra
2303 3686 2733 3763 Bononiensi
2761 3742 2788 3775 ‚
2825 3711 3020 3786 quae

878 3824 1221 3907 patemae
1272 3806 1573 3883 Nostrae
1610 3806 2148 3883 benevolentiae
2183 3830 2267 3883 ae
2291 3807 2734 3882 liberalitatis
2759 3820 3019 3883 ornata

882 3926 1241 4001 benefieiis
1290 3927 1471 4002 duos
1522 3924 1671 3999 sere
1723 3924 1816 3998 ab
1865 3925 2034 4000 hine
2081 3948 2334 4013 annos,
2385 3948 2556 4001 eum
2605 3926 2704 3999 ibi
2753 3926 3016 4001 diver-

887 4044 1027 4117 sati
1076 4066 1379 4131 sumus,
1432 4064 1643 4119 suam
1695 4065 1864 4141 erga
1915 4042 2062 4121 Nos
2111 4057 2189 4119 et
2263 4044 2450 4119 hane
2529 4044 3018 4141 Apostolieam

884 4160 1144 4235 Sedem
1180 4162 1718 4237 venerationem
1755 4162 2162 4250 ostendere,
2199 4184 2282 4237 ae
2319 4162 2568 4235 testari
2601 4162 2794 4239 haud
2829 4163 3021 4237 omi-
