3317 5267
2321 458 2472 535 435

522 566 1143 647 persuasissimum
1198 564 1413 647 Nobis
1449 584 1584 661 cst,
1628 572 1792 662 Vos,
1838 573 2288 649 venerabiles
2319 576 2484 650 Fra-

366 706 535 781 tres,
590 715 733 766 non
794 691 1023 766 solum
1076 691 1273 766 hisce
1338 691 1615 767 Nostris
1677 693 2037 769 desideriis
2098 718 2180 769 ac
2244 706 2496 791 postu·-

362 808 741 883 lationibus
790 808 1001 881 alacri
1055 830 1137 879 ac
1188 806 1657 881 libentissimo
1713 810 1948 885 animo
2001 834 2155 885 esse
2203 808 2488 883 satisfa-

364 936 631 1011 cturos,
688 946 933 997 verum
989 924 1205 996 etiam
1260 922 1593 1018 singulari
1645 924 2008 1019 diligentia
2045 926 2494 1023 exposituros

368 1045 503 1117 alia
562 1048 826 1127 omnia,
882 1064 1063 1138 quae
1116 1066 1207 1115 ex
1261 1053 1499 1114 vestra
1553 1043 1639 1115 ad
1695 1044 2038 1116 maiorem
2091 1045 2158 1116 in
2198 1046 2352 1119 istis
2389 1069 2492 1119 re-

362 1161 689 1259 gionibus
738 1161 1227 1234 sanctissimae
1264 1171 1555 1233 nostrae
1592 1160 1950 1255 religionis
1984 1184 2066 1233 ac
2103 1172 2254 1235 tum
2289 1163 2482 1247 cleri,

364 1293 527 1356 tum·
572 1279 809 1377 populi
862 1278 1083 1352 fidelis
1140 1264 1525 1352 utilitatem
1580 1282 2090 1376 procurandam
2143 1282 2286 1353 sint
2321 1304 2486 1377 per-

366 1396 661 1494 agenda.
723 1394 901 1468 Cum
960 1406 1201 1467 autem
1258 1418 1348 1467 ex
1402 1393 1777 1491 Encyclica
1829 1394 2214 1469 Cardinalis
2279 1394 2497 1469 Prae·-

362 1514 527 1591 fecti
579 1514 874 1588 Nostrae
927 1509 1221 1585 Concilii
1260 1510 1841 1608 Congregationis
1878 1514 2176 1609 epistola
2214 1516 2499 1588 noveri-

366 1634 487 1721 tis,
544 1631 1029 1730 gratissimum
1085 1630 1303 1704 Nobis
1362 1629 1511 1705 fore
1581 1630 2100 1706 venerabilium
2169 1632 2499 1706 Fratrum

364 1752 749 1826 Sacrorum
808 1748 1223 1822 Antistitum
1281 1750 1680 1843 praesentia
1719 1748 1856 1822 frui
1894 1752 1964 1822 in
2003 1749 2298 1824 solemni
2339 1750 2501 1845 plu-

378 1872 561 1944 rium
614 1870 1036 1943 Sanctorum
1092 1867 1659 1954 Canonizatione,
1704 1892 1918 1964 quam
1959 1868 2286 1963 proximo
2324 1865 2501 1941 Pen-

369 1998 679 2065 tecostes
712 1989 851 2076 die,
894 1984 1045 2061 Deo
1080 1985 1393 2071 favente,
1432 1986 1853 2059 celebraturi
1908 2011 2180 2073 sumuS,
2219 1999 2376 2061 tum
2413 2008 2496 2061 ea

362 2131 489 2206 spe
554 2108 849 2181 nitimur
910 2104 1087 2192 fore,
1150 2116 1233 2179 ut
1294 2106 1427 2178 hac
1488 2103 1883 2193 occasione,
1961 2108 2020 2180 si
2093 2117 2498 2180 vestrarum

366 2223 807 2299 Dioecesium
861 2224 1172 2297 rationes
1223 2223 1674 2318 permittant,
1735 2246 1860 2298 vos
1911 2247 2208 2321 praesen
2220 2236 2326 2298 tes
2389 2225 2500 2296 in·-

366 2342 572 2427 tueri,
632 2352 1096 2437 amanterque
1150 2339 1550 2436 complecti,
1608 2353 1682 2413 et
1745 2364 1784 2413 a
1852 2340 2066 2417 Vobis
2131 2344 2300 2439 ipsis
2363 2364 2500 2415 ea·-

367 2460 695 2533 rumdem
764 2456 1205 2532 Dioecesium
1280 2458 1655 2533 relationes
1729 2461 2042 2557 accipere
2115 2460 2494 2556 possimus,

365 2573 663 2647 Interim
722 2597 889 2648 vero
942 2596 1069 2671 pro
1122 2574 1381 2647 eximia
1442 2587 1676 2648 vestra
1727 2578 2022 2671 pietate,
2081 2589 2156 2649 et
2207 2577 2497 2671 episco—

364 2693 506 2789 pali
560 2694 711 2767 zelo
762 2694 1062 2789 pergite,
1122 2692 1571 2767 Venerabiles
1609 2694 1926 2782 Fratres,
1971 2696 2236 2769 maiore
2272 2718 2497 2791 usque

368 2811 719 2885 alacritate
784 2824 859 2885 et
920 2812 1375 2885 contentione
1437 2812 1910 2886 ministerium
1977 2824 2293 2886 vestrum
2359 2813 2501 2889 im·-

366 2927 585 3023 plere,
644 2939 719 3001 et
772 2930 967 3002 omni
1021 2929 1257 3003 studio
1310 2942 1710 3002 vestrorum
1747 2927 2054 3003 fidelium
2094 2929 2301 3002 saluti
2329 2949 2498 3022 pro-

366 3046 662 3141 spicere,
728 3068 993 3142 eosque
1055 3046 1269 3117 etiam
1338 3066 1625 3119 monere
1689 3054 1762 3117 ct
1828 3045 2211 3130 exhortari,
2280 3056 2361 3116 ut
2424 3045 2493 3115 in

368 3163 751 3239 catholicae
804 3161 1163 3259 religionis
1215 3162 1652 3259 professione
1706 3162 1934 3256 magis
1996 3162 2066 3232 in
2137 3162 2288 3235 dies
2351 3171 2501 3233 sta·-

362 3281 538 3355 biles
592 3292 665 3354 et
718 3282 995 3356 immoti
1050 3282 1490 3375 persistant,
1547 3290 1621 3352 et
1674 3280 1910 3352 omnia
1967 3276 2149 3364 Dei,
2209 3279 2503 3375 eiusque

368 3398 667 3471 Sanctae
720 3396 1077 3472 Ecclesiae
1132 3397 1463 3470 mandata
1518 3396 1838 3493 religiose
1893 3398 2354 3484 custodiant,
2425 3408 2501 3470 et

368 3514 733 3589 ambulent
796 3516 1003 3617 digne
1070 3512 1217 3589 Deo
1288 3538 1415 3609 per
1485 3515 1724 3589 omnia
1801 3514 2161 3609 placentes
2193 3566 2213 3601 ,
2287 3526 2359 3587 et
2430 3514 2502 3586 in

370 3633 562 3708 omni
616 3652 831 3729 opere
882 3632 1070 3706 bono
1123 3630 1653 3705 fructificantes.
1723 3628 2080 3705 Consueta
2118 3641 2354 3704 autem
2387 3652 2504 3703 ve-

364 3764 513 3825 stra
571 3751 1007 3848 benignitate
1072 3774 1192 3824 eos
1265 3763 1565 3847 paterno
1637 3749 1896 3825 aflectu
1969 3751 2304 3845 excipite,
2377 3751 2500 3846 qui

366 3892 530 3943 cum
585 3869 853 3965 ingenti
909 3868 1126 3940 animi
1178 3864 1416 3943 Nostri
1469 3869 1738 3943 laetitia
1793 3870 1878 3943 ad
1933 3866 2320 3943 catholicae
2355 3866 2499 3943 Ec·-

368 3985 619 4061 clesiae
673 3986 1021 4084 gremium
1076 3984 1399 4075 redeunt,
1456 3998 1533 4060 et
1584 4010 1874 4062 omnem
1931 3986 2320 4082 impendite
2373 4010 2500 4061 cu·-

368 4126 548 4191 ram,
606 4116 687 4179 ut
738 4102 837 4195 illi
889 4102 1113 4197 magis
1166 4103 1237 4174 in
1300 4104 1451 4177 dies
1514 4118 1840 4179 amanter
1905 4104 2197 4178 enutriti
2265 4102 2494 4178 verbis

364 4222 550 4310 fidei,
624 4231 697 4293 et
770 4242 893 4315 per
968 4218 1354 4312 gratiarum
1426 4221 1848 4297 charismata
1925 4220 2322 4297 confirmati
2415 4222 2486 4291 in
