3317 5267
973 499 1196 566 stantia
1231 476 1396 564 enam
1440 498 1699 564 tolerant
1736 497 2163 570 conditionem:
2206 497 2467 581 denique
2506 497 2716 564 Italiae
2757 517 2864 582 po-

976 602 1152 683 pulos
1181 599 1473 680 religioni,
1508 609 1689 682 atque
1716 601 2095 683 Apostolicae
2120 599 2263 664 Sedi
2292 599 2708 675 adhaerentes,-
2741 603 2871 684 qui,

979 697 1090 762 etsi
1105 697 1552 762 difficultatibus
1567 698 1927 782 praepediti,
1950 699 2199 762 Romani
2229 697 2536 764 Pontificis
2562 700 2874 780 angustias

979 807 1106 862 tum
1143 795 1428 861 collatitio
1482 799 1737 879 pecunia
1766 847 1782 874 ,
1830 808 1953 864 tum
1996 798 2129 863 aliis
2170 799 2591 880 largitionibus
2654 801 2869 864 suble-

979 913 1128 960 ²vare
1167 913 1286 960 non
1327 895 1647 961 desistunt.
1718 943 1733 960 .
1902 941 1919 960 .
2088 945 2105 960 .
2278 941 2295 960 .
2462 945 2476 962 .
2650 943 2667 960 .
2840 923 2871 960 ι
2916 899 3041 963 6⁰9

901 995 1122 1060 Similis
1137 993 1213 1058 ad
1231 994 1757 1079 Arcbiepiscopum
1778 1005 1839 1062 et
1864 997 2193 1080 Episcopus
2212 997 2724 1078 Neogranatensis
2738 997 2877 1064 Rei·

980 1093 1302 1177 publicae·
1338 1091 1695 1160 Incredibili
1730 1095 2089 1178 afflictemur
2122 1095 2331 1160 dolore
2370 1129 2401 1144 -
2444 1095 2555 1159 Die
2594 1097 2670 1159 17
2716 1103 2870 1176 sept.

981 1193 1274 1258 Suscitata
1313 1211 1350 1256 a
1389 1193 1861 1275 Neogranatensi
1904 1195 2211 1262 Gubernio
2248 1195 2475 1260 crudeli
2500 1203 2712 1260 contra
2749 1195 2869 1258 Ec-

981 1293 1221 1358 clesiam
1263 1292 1512 1376 eiusque
1553 1293 1855 1359 ministros
1892 1296 2219 1362 vexatione
2258 1296 2504 1360 damnat
2534 1295 2734 1360 omnia
2764 1295 2872 1360 de-

981 1402 1144 1458 creta
1187 1393 1264 1456 ab
1305 1411 1380 1456 eo
1417 1393 1538 1458 lata
1565 1441 1580 1470 ‚
1625 1403 1690 1459 et
1730 1394 1895 1458 irrita
1934 1395 2220 1460 declarat.
2266 1393 2543 1460 Meminit
2584 1411 2869 1460 censuras

985 1502 1046 1558 et
1085 1508 1312 1575 poenas
1379 1503 1586 1558 contra
1658 1494 1957 1559 Ecclesiae
2022 1495 2237 1558 iurium
2282 1494 2595 1560 invasores
2660 1494 2871 1560 incur-

991 1592 1228 1656 rendae.
1286 1593 1512 1658 Laudat
1553 1595 1984 1678 Episcoporum
2025 1595 2427 1660 constantiam
2468 1605 2533 1660 et
2569 1593 2873 1660 fortitudi-

980 1709 1140 1766 nem,
1185 1692 1346 1757 Cleri
1389 1703 1456 1758 et
1493 1711 1795 1759 sacrarum
1842 1695 2153 1775 virginum
2194 1691 2543 1779 patientiam
2584 1696 2645 1758 in
2682 1694 2875 1778 perie-

982 1785 1186 1850 rendis
1224 1787 1419 1850 omnis
1455 1788 1693 1868 generis
1718 1788 2228 1864 insectationibus,
2256 1786 2460 1871 populi
2493 1787 2865 1868 religionem.

981 1884 1265 1949 Hortatur
1302 1893 1372 1948 ut
1411 1903 1620 1966 preces
1662 1885 1785 1950 Deo
1828 1885 2169 1952 fundantur.
2272 1933 2288 1946 .
2458 1929 2472 1948 .
2644 1933 2659 1948 .
2829 1904 2860 1943 n
2908 1883 3037 1946 522

907 1984 1166 2048 Litterae
1204 1983 1606 2063 Apostolicae.
1655 2019 1683 2032 -
1714 1984 1887 2061 Quod
1914 1984 2277 2067 iampridem
2303 2019 2333 2030 -
2362 1983 2477 2048 Die
2506 1985 2584 2047 25
2608 1989 2871 2065 septem-

988 2085 1134 2149 bris.
1199 2083 1288 2147 De
1328 2082 1578 2147 consilio
1635 2085 1951 2166 peculiaris
2016 2084 2533 2166 congregationis.
2572 2100 2875 2148 sacrorum

983 2185 1225 2250 Rituum
1269 2184 1554 2267 probatur
1581 2184 1853 2250 Officium
1898 2204 2029 2250 cum
2072 2203 2232 2252 nova
2252 2185 2435 2252 Missa
2476 2193 2599 2248 tam
2629 2184 2687 2248 in
2715 2182 2875 2264 vigi-

984 2285 1061 2348 lia
1091 2333 1106 2360 ,
1179 2283 1278 2348 ubi
1323 2300 1611 2348 concessa
1657 2294 1796 2359 est,
1868 2300 2049 2368 quam
2120 2289 2182 2350 in
2227 2284 2383 2351 festo
2449 2283 2875 2348 Immaculatae

987 2380 1420 2465 Conceptionis
1451 2429 1468 2457 ‚
1537 2399 1608 2446 ac
1647 2382 2014 2466 praecipitur
2078 2392 2147 2447 ut
2212 2383 2549 2448 huiusmodi
2602 2381 2873 2447 Officium

985 2490 1046 2546 ct
1087 2481 1327 2546 Missam
1368 2481 1578 2545 Clerus
1617 2481 1939 2546 saecularis
1980 2491 2043 2547 et
2074 2482 2365 2563 regularis
2390 2481 2735 2564 persolvere
2786 2488 2878 2544 te·

985 2591 1223 2646 neatur.
1249 2581 1651 2645 proscribitur
1680 2581 2097 2665 quodcumque
2113 2582 2273 2648 aliud
2296 2583 2569 2648 Officium
2602 2591 2663 2648 et
2694 2599 2873 2666 quae·

987 2697 1244 2763 cumque
1287 2681 1402 2745 alia
1444 2680 1626 2745 Missa
1668 2679 1745 2745 de
1785 2682 2173 2748 Immaculata
2215 2682 2641 2766 conceptione.
2834 2713 2871 2744 ι
2912 2680 3037 2746 629

905 2777 1180 2861 Epistola
1221 2775 1296 2840 ad
1338 2773 1697 2857 Episcopum
1740 2775 2231 2859 Popayanensem
2270 2778 2329 2841 in
2358 2777 2487 2842 Neo
2514 2777 2873 2842 Granatensi

983 2875 1334 2960 Republica.
1385 2909 1424 2922 -
1463 2875 1608 2940 Etsi
1625 2877 1893 2940 maximo
1910 2911 1973 2940 -.
2008 2876 2114 2942 Die
2142 2877 2219 2940 3⁰
2248 2875 2613 2941 novembris.
2644 2876 2873 2942 Moeret

982 2979 1180 3062 ipsum
1225 2977 1398 3040 iniise
1437 2995 1570 3040 cum
1613 2977 1921 3042 Gubernio
1950 2977 2423 3043 conventionem
2450 2975 2728 3042 catholici
2751 2975 2871 3040 cul-

985 3087 1080 3143 tus
1119 3076 1326 3144 tuendi
1368 3093 1546 3141 causa
1591 3076 1665 3140 ad
1706 3094 1973 3140 normam
2017 3075 2475 3142 constitutionis
2533 3076 2727 3157 legum
2769 3074 2871 3138 de·

983 3183 1280 3239 cretorum
1323 3171 1739 3253 Reipublicae.
1782 3172 2087 3256 Reprobat
2126 3189 2199 3236 ac
2239 3172 2480 3238 damnat
2514 3171 2873 3236 conventio-

983 3293 1122 3341 nem
1165 3273 1436 3339 eamdem
1478 3272 1787 3338 Ecclesiae
1828 3273 2080 3357 eiusque
2118 3273 2349 3339 iuribus
2389 3273 2703 3338 ‚adversam
2728 3322 2745 3349 ,
2810 3281 2873 3336 et

983 3371 1212 3453 absque
1251 3370 1314 3434 S.
1359 3368 1530 3433 Sedis
1572 3369 1753 3434 venia
1790 3379 2118 3451 peractam.
2148 3370 2535 3435 Lamentatur
2562 3368 2755 3452 ipsum
2784 3368 2869 3432 iu-

984 3488 1148 3534 rasse
1216 3466 1622 3534 iusiurandum
1666 3487 1699 3532 a
1740 3469 2043 3534 Gubernio
2110 3469 2541 3553 praescriptum
2599 3487 2672 3534 ac
2726 3486 2871 3551 pre-

981 3568 1237 3647 sbyteris
1277 3583 1425 3632 suae
1465 3565 1763 3632 dioecesis
1805 3567 1918 3630 boc
1960 3568 2151 3648 ipsum
2196 3566 2533 3632 mandasse.
2566 3565 2721 3630 Eum
2768 3564 2869 3630 de-

980 3667 1122 3733 inde
1161 3673 1412 3742 monet,
1479 3675 1546 3730 ut
1591 3666 1749 3732 serio
1790 3667 2171 3732 conscentiae
2230 3655 2416 3731 suae‘
2428 3667 2703 3732 consulat
2733 3715 2749 3742 ,
2806 3671 2871 3728 et

979 3765 1326 3832 scandalum
1367 3783 1646 3848 reparare
1686 3765 1946 3832 studeat.
1992 3767 2174 3849 Optat
2217 3766 2429 3832 iccirco
2470 3774 2537 3828 ut
2577 3783 2710 3828 cum
2751 3767 2863 3828 Ar-

981 3865 1366 3948 cbiepiscopo
1405 3864 1468 3928 S.
1515 3864 1675 3930 Fidei
1718 3865 1795 3930 de
1834 3867 2063 3947 Bogota
2102 3864 2351 3930 consilia
2390 3863 2681 3929 conferat.
2830 3889 2855 3916 ο
2900 3861 3029 3924 632

899 3966 1119 4032 Similis
1157 3965 1234 4030 ad
1273 3963 1797 4048 Arcbiepiscopum
1834 3965 2251 4032 Monacensem
2282 3972 2344 4029 et
2370 3963 2799 4043 Frisingensem
2826 3996 2854 4008 -

987 4063 1144 4128 Tuas
1187 4063 1439 4128 libenter
1479 4099 1510 4112 -
1561 4063 1665 4127 die
1727 4066 1804 4126 22
1864 4063 2165 4129 decembr.
2210 4062 2494 4147 Loquitur
2556 4063 2635 4128 de
2700 4062 2865 4126 Con-

979 4167 1164 4224 venta
1207 4177 1241 4224 a
1281 4158 1582 4226 nonnullis
1621 4159 1979 4226 Germaniae
2019 4157 2361 4240 TheologiS,
2406 4156 2723 4240 doctisque
2750 4174 2859 4222 ca-
