3317 5267
2300 399 2447 467 247

295 517 538 594 nubia.
595 514 1122 593 Postulavimus
1175 514 1390 587 etiam
1425 562 1446 599 ‚
1496 520 1580 584 ut
1627 507 2023 587 aboleretur
2070 511 2189 585 lex
2260 533 2447 587 anno

303 636 500 709 1832
551 636 698 708 lata
728 685 749 720 ‚
805 654 986 729 quae
1039 631 1334 703 minime
1386 629 1827 725 recognoscit
1886 626 2120 702 valida
2178 629 2447 701 matri-

293 753 535 829 monia
569 752 825 837 mixta,
862 748 998 823 nisi
1035 746 1128 820 ab
1162 746 1550 821 acatholico
1578 742 2001 841 Poesbytero
2025 744 2295 819 fuerint
2314 744 2449 819 be-

293 868 602 955 nedicta3
653 877 736 941 ut
784 866 874 939 de
923 865 1160 940 medio
1215 863 1630 938 tollerentur
1680 861 1897 958 leges,
1937 884 2113 957 quae
2161 862 2447 960 religio-

291 1008 412 1058 sae
463 982 904 1080 professioni,
934 1004 1016 1057 ac
1047 981 1300 1056 studiis
1335 981 1408 1054 in
1445 978 1848 1066 CoenobiiS‚
1886 992 1961 1053 et
1998 979 2258 1054 liberae
2296 978 2445 1054 Re·-

292 1102 639 1200 gularium
691 1122 856 1175 cum
908 1100 1271 1197 Supremis
1325 1099 1496 1173 iuris
1548 1096 2105 1172 Moderatoribus
2171 1095 2439 1171 Romae

290 1220 706 1317 (legentibus
756 1220 1376 1295 communicationi
1427 1218 1923 1304 adrersantur3
1957 1228 2035 1289 ut
2062 1214 2265 1291 Clero
2315 1239 2443 1291 sua

284 1338 520 1411 omnia
571 1337 1123 1411 restituerentur
1173 1334 1360 1410 bona
1393 1359 1418 1423 3
1470 1346 1554 1407 ut
1602 1332 1935 1429 Episcopi
1996 1333 2195 1406 latini
2260 1333 2442 1407 ritus

287 1464 581 1549 possent
633 1455 722 1528 ad
775 1464 1062 1547 tempus
1115 1472 1320 1525 suam
1372 1451 1444 1523 in
1497 1447 1804 1523 Graecos
1855 1450 2093 1524 unitos
2144 1450 2439 1525 iurisdi-

288 1570 596 1643 ctionem
649 1592 1003 1643 exercere.
1061 1568 1356 1665 Insuper
1407 1567 1945 1664 efflagitavimus
1997 1578 2079 1641 ut
2128 1566 2440 1665 abroga—

283 1697 533 1759 rentur
577 1685 768 1782 leges
799 1736 820 1773 ‚
902 1707 1084 1782 quae
1160 1685 1320 1759 istic
1371 1694 1624 1757 vetant
1671 1683 1997 1759 homines
2049 1686 2137 1759 ad
2188 1686 2439 1759 catho-

283 1803 459 1878 licae
509 1802 866 1877 Ecclesiae
918 1802 1154 1876 sinum
1207 1802 1436 1876 redire
1467 1854 1487 1887 ‚
1545 1811 1621 1874 et
1670 1822 1835 1875 cum
1906 1801 2163 1899 quibus
2232 1802 2443 1899 plane

281 1925 610 2019 congruit
661 1923 794 1995 alia
829 1922 944 1997 illa
978 1922 1326 1999 ordinatio
1361 1922 1758 1996 catholicae
1796 1920 2113 2019 religioni
2148 1923 2439 1999 omnino

281 2047 606 2134 adversa,
662 2071 752 2121 ex
803 2070 943 2143 qua
993 2058 1240 2121 contra
1289 2046 1610 2119 divinum
1661 2055 2119 2142 praeceptum
2157 2044 2440 2143 abipso

281 2166 564 2245 Christo
619 2168 920 2246 Domino
957 2171 1203 2243 datum
1241 2170 1451 2243 eundi
1490 2170 1562 2242 in
1599 2170 1945 2243 mundum
1998 2170 2438 2257 universum,

283 2298 358 2361 et
409 2288 860 2384 praedicandi
911 2287 1360 2385 evangelium
1416 2287 1611 2361 omni
1664 2299 2057 2374 creaturae,
2114 2287 2441 2362 catholici

279 2406 576 2501 operarii
630 2402 1094 2501 prohibentur
1147 2426 1289 2479 non
1343 2404 1573 2477 solum
1625 2404 1799 2479 alios
1853 2406 1939 2478 ad
1993 2406 2435 2503 evangelicae

279 2522 600 2595 veritatis
650 2522 888 2595 lucem
941 2544 1218 2609 vocare,
1272 2544 1524 2596 verum
1577 2522 1795 2595 etiam
1849 2522 1934 2597 iis
1989 2523 2435 2597 sanctissima

277 2651 720 2713 sacramenta
773 2640 1142 2735 impertiri,
1199 2640 1323 2737 qui
1360 2651 1570 2713 antea
1605 2642 1693 2714 ad
1730 2640 2149 2713 catholicam
2183 2639 2437 2716 Eccle-

276 2758 453 2831 siam
507 2756 802 2829 minime
852 2756 1328 2853 pertinebant.
1387 2756 1634 2855 Neque
1688 2760 2058 2833 omisimus
2095 2782 2433 2835 summo-

275 2896 444 2970 pere
479 2874 814 2970 conqueri
848 2874 938 2947 de
971 2896 1156 2948 nova
1187 2873 1573 2969 juramenti
1612 2870 1943 2963 formula,
1974 2877 2165 2973 quod
2202 2900 2244 2949 a
2296 2876 2435 2951 Ca·-
2490 2966 2499 2973 ,

277 2990 556 3065 tholicis
607 2989 1022 3087 Imperatori
1077 2990 1498 3065 Russiarum
1535 3003 1611 3065 et
1645 2990 1979 3068 Poloniae
2036 2993 2212 3090 Regi
2263 2992 2437 3067 sub-

273 3110 442 3184 ditis
493 3122 648 3184 erat
697 3110 1226 3207 praestandum.
1289 3110 1388 3184 Ac
1443 3112 1624 3185 scias
1678 3112 2005 3199 velimm,
2047 3110 2435 3186 Venerabi-

271 3227 359 3300 lis
397 3226 669 3314 Frater,
708 3228 1110 3325 lmperiales
1148 3227 1838 3324 Plenipotentiarioe,
1873 3228 2092 3303 veluti
2126 3227 2435 3303 luculen-

273 3354 386 3416 ter
437 3356 734 3440 apparet
787 3368 875 3417 ex
927 3342 1364 3441 praefatione
1419 3340 1896 3417 Articulorum
1955 3344 2075 3441 qui
2130 3366 2170 3417 a
2224 3344 2439 3421 Nobis

271 3458 543 3555 vulgati
595 3470 788 3549 sunt,
843 3461 1252 3557 promisisse
1291 3483 1367 3535 se
1406 3483 1695 3535 omnem
1736 3458 2075 3535 Gubernii
2114 3463 2219 3536 sui
2257 3488 2431 3540 eon-

271 3574 770 3650 siderationem
823 3600 1037 3674 super
1088 3575 1381 3674 singulis
1417 3580 1991 3652 commemoratis
2026 3578 2238 3652 rebus
2274 3602 2431 3653 esse

267 3705 726 3768 revocaturos
755 3746 778 3781 ,
832 3716 1240 3790 novumque
1294 3706 1534 3769 actum
1586 3695 1995 3771 redacturos
2046 3706 2427 3793 postquam

271 3812 406 3908 ipsi
462 3812 552 3885 ab
603 3814 850 3887 eodem
908 3812 1266 3890 Gubernio
1301 3838 1648 3913 congruas
1687 3818 2189 3891 instructiones
2225 3838 2429 3891 acce-

269 3928 570 4025 pissent.
628 3928 768 4003 Ubi
819 3943 1062 4005 autem
1115 3930 1599 4007 Consistoriali
1662 3932 1917 4008 Nostra
1990 3932 2427 4008 Allocutione

267 4048 385 4121 die
438 4051 484 4123 3
540 4048 698 4123 Iulii
750 4073 936 4125 anno
995 4056 1190 4126 1848
1244 4050 1488 4125 habita
1567 4051 2185 4127 manifestavimus
2244 4076 2427 4153 quae

265 4188 402 4261 pro
451 4164 836 4242 catholicae
886 4164 1242 4245 Ecclesiae
1295 4168 1600 4266 negotiis
1653 4169 1727 4243 in
1783 4165 2080 4245 Russico
2116 4167 2422 4266 Imperio
