3317 5267
2232 439 2283 506 5
2293 437 2385 508 23

284 517 544 642 stipem
597 547 906 644 undique
957 543 1360 642 petiturum.
1383 569 1510 642 pro
1559 547 1859 622 solemni
1896 549 2217 646 ejusdem
2253 547 2391 624 Ca·-

229 715 258 736 .,
285 663 762 752 nonizatione,
813 662 1196 738 dummodo
1259 663 1446 738 vitae
1523 667 1899 742 restitutus
1950 691 1992 740 a
2046 679 2195 741 tam
2272 669 2395 743 le·-

293 779 466 854 t'bali
515 783 764 859 morbo
835 783 1330 860 convaluisset.
1413 781 1757 858 Mirabilis
1812 807 1977 862 vere
2050 783 2241 861 Deus
2318 789 2393 860 in

285 899 556 972 sanctis
605 899 803 974 suis!
862 898 1150 974 Precem
1205 896 1518 972 nondum
1573 893 2027 976 inchoaverat
2094 927 2258 978 cum
2310 925 2387 978 se

287 1016 520 1091 morbi
573 1031 936 1115 expertem
989 1019 1236 1094 sensit.
1295 1015 1745 1093 Acerbissimi
1780 1024 2083 1118 pectoris
2114 1024 2389 1098 dolores

288 1133 614 1228 depulsi,
702 1135 1052 1208 anhelitus
1131 1133 1432 1215 remissi,
1511 1135 1745 1208 omnis
1822 1136 2048 1212 morbi
2124 1139 2391 1235 species

291 1252 580 1325 omnino
631 1251 945 1347 depulsa.
1004 1251 1392 1360 Festinans'
1425 1251 1683 1326 lectulo
1710 1256 2041 1351 assurgit,
2096 1279 2173 1330 se
2223 1279 2389 1352 pro-

290 1367 459 1461 priis
487 1367 802 1442 vestibus
839 1369 1092 1458 induit,
1123 1369 1212 1444 ad
1239 1370 1643 1464 proximum
1670 1372 2017 1468 templum
2053 1373 2279 1446 laetus
2312 1395 2391 1446 se

291 1483 587 1573 confert,
643 1501 808 1562 ante
859 1488 1050 1562 beati
1119 1486 1476 1562 Michaelis
1527 1510 1723 1561 aram
1778 1491 2215 1586 provolutus,
2280 1492 2389 1563 la-

291 1623 694 1698 crymarum
748 1605 893 1676 vim
947 1603 1308 1679 effundens
1355 1605 1760 1700 sospitatori
1810 1631 1941 1682 suo
1990 1629 2207 1704 quam
2244 1629 2389 1680 ma-

289 1719 520 1794 ximas
571 1721 719 1816 agit
768 1723 1054 1817 gratias.
1095 1719 1454 1796 Mirantur
1503 1723 1674 1796 socii
1735 1723 1908 1820 qui,
1964 1724 2391 1819 vespertinis

291 1837 558 1911 exactis
607 1840 696 1913 de
749 1861 946 1914 more
999 1839 1347 1936 precibus,
1399 1841 1618 1915 choro
1670 1841 2109 1937 egredientes
2138 1893 2161 1930 ‚
2227 1863 2390 1914 cum

292 1949 636 2027 Joannem
688 1953 1082 2051 Baptistam
1135 1956 1504 2045 vidissent,
1559 1981 1636 2030 se
1692 1959 1931 2052 potius
1968 1957 2395 2053 phantasma

289 2092 579 2144 cernere
631 2072 949 2147 arbitrati
1001 2085 1195 2146 sunt.
1226 2073 1362 2148 Sed
1390 2088 1640 2170 stupor
1668 2075 1900 2150 omnis
1936 2077 2174 2163 cessit,
2229 2097 2393 2173 cum

289 2197 494 2282 pater
545 2186 794 2263 Petrus
845 2214 888 2262 a
939 2191 1175 2264 divina
1227 2189 1697 2266 Misericordia
1732 2192 2048 2267 coenobii
2086 2215 2393 2288 praeses,

293 2325 434 2399 quo
483 2303 735 2379 clarius
785 2317 1064 2402 pateret
1098 2303 1442 2379 Jcannem
1495 2306 1885 2404 Baptistam
1925 2333 2077 2384 esse
2104 2311 2393 2384 omnino

295 2431 647 2510 sanatum,
697 2423 910 2518 jussit
959 2445 1038 2498 se
1089 2420 1406 2496 conferre
1443 2423 1529 2496 ad
1565 2424 2259 2498 medicamentariam
2284 2425 2396 2503 os·-

295 2533 574 2610 ficinam
626 2540 894 2636 templo
948 2541 1390 2636 adjacentem
1445 2539 1695 2615 beatae
1754 2541 2015 2616 Mariae
2093 2542 2399 2640 Virginis

297 2663 490 2728 trans
545 2654 818 2730 Aelium
870 2669 1188 2753 pontem,
1245 2679 1427 2754 quae
1487 2657 1696 2755 longo
1750 2659 1998 2732 itinere
2084 2659 2303 2736 distat
2352 2683 2395 2734 a

293 2771 598 2849 claustro
637 2825 660 2864 ,
723 2773 960 2871 ibique
1038 2775 1312 2848 medico
1389 2797 1464 2847 se
1541 2775 2112 2870 conspiciendum
2200 2775 2393 2852 dare.

295 2889 640 2968 Omnibus
709 2893 934 2968 morbi
1011 2893 1362 2988 adjunctis
1440 2893 2126 2990 circumstantiisque
2213 2893 2397 2969 bene

296 3011 684 3104 perpensis,
733 3010 1150 3106 infirmoque
1199 3010 1420 3081 semel
1481 3009 1881 3105 iterumque
1934 3010 2391 3107 interrogato,

297 3129 581 3202 caelesti
631 3141 960 3228 portento
1011 3130 1080 3202 id
1133 3129 1572 3203 solummodo
1635 3127 2161 3202 attribuendum
2238 3152 2393 3204 esse

297 3247 609 3322 medicus
659 3249 956 3322 censuit.
1018 3245 1218 3320 Tunc
1268 3245 1576 3320 Joannes
1628 3243 1950 3340 Baptista
2002 3247 2397 3320 vaticanam

296 3359 654 3436 basilicam
681 3365 1035 3460 ingressus
1073 3361 1584 3459 aliquantulum
1625 3370 1805 3448 orat,
1835 3361 2123 3435 domum
2156 3385 2397 3436 rever-

299 3503 420 3554 sus
473 3483 544 3553 in
597 3482 881 3556 claustri
935 3483 1142 3557 horto
1194 3479 1663 3577 perambulat,
1720 3478 2047 3553 omnibus
2100 3502 2177 3552 se
2226 3483 2397 3555 cer-‘—

299 3600 612 3674 nendum
665 3600 978 3696 praebet,
1037 3621 1305 3696 suoque
1357 3598 1661 3696 praesidi
1712 3595 2019 3670 affirmat
2046 3649 2069 3684 ,
2148 3621 2225 3672 se
2298 3599 2397 3673 ita

301 3730 789 3812 comparatum
839 3739 1022 3804 esse,
1051 3728 1136 3790 ut
1185 3718 1472 3814 longum
1509 3717 1669 3802 iter,
1700 3737 2089 3812 gravesque
2126 3714 2397 3792 labores

299 3834 480 3910 ultro
533 3836 885 3931 suscipere
937 3836 1182 3932 possit.
1240 3835 1382 3910 Nec
1435 3857 1681 3908 mora:
1738 3833 1825 3908 ad
1877 3834 2245 3930 pristinam
2301 3835 2401 3907 vi·-

305 3963 419 4025 tae
469 3953 1050 4028 consuetudinem
1101 3949 1333 4039 rediit,
1389 3963 1466 4026 et
1514 3951 1787 4027 duobus
1833 3972 1913 4022 ac
1951 3947 2235 4045 triginta
2264 3950 2399 4024 ela-

299 4073 445 4168 psis
495 4073 700 4148 annis
753 4073 826 4146 in
881 4071 1058 4146 vivis
1111 4071 1338 4144 adhuc
1389 4085 1733 4156 moratur,
1788 4068 2113 4164 bonaque
2174 4068 2399 4141 utitur

223 4176 230 4182 ’
301 4187 724 4262 valetudine.
786 4185 1054 4277 Quibus
1105 4187 1438 4284 prodigiis
1491 4188 1759 4283 integre
1786 4183 2290 4258 animadversis
2320 4186 2393 4260 in
