3317 5267
805 416 951 487 318

801 530 1089 603 clesiam
1143 526 1372 618 ipsam
1411 525 1679 600 viduari
1715 528 2114 623 contigerit,
2154 528 2399 603 statim
2432 528 2637 626 juxta
2662 531 2923 608 Sacro-

805 669 966 721 rum
1020 643 1388 719 canonum
1441 647 1955 741 praescriptum
1994 648 2043 719 ii
2079 645 2449 745 Dignitarii
2482 660 2559 721 et
2584 646 2925 725 Canonici

805 765 1114 839 debeant
1143 761 1498 835 vicarium
1525 760 2005 860 Capitularem
2044 765 2299 862 eligere
2326 766 2415 839 ad
2442 766 2626 839 illius
2652 764 2925 841 Cathe-

802 877 1018 951 dralis
1049 899 1132 949 ac
1163 872 1520 951 Dioecesis
1551 880 1861 973 regimen
1892 880 2717 977 administrationemque
2744 882 2929 955 ordi-

805 994 1082 1069 nariam
1135 992 1424 1065 interim
1488 994 1707 1088 probe
1761 994 2165 1093 utiliterque
2218 996 2646 1069 navandam.
2712 994 2930 1084 Quod.

807 1110 868 1183 si
905 1110 1180 1183 vacatio
1218 1108 1622 1219 hujirsmodi
1659 1110 1855 1207 prius
1892 1111 2221 1185 acciderit
2256 1132 2471 1208 quam
2512 1110 2925 1209 Capitulum

807 1223 1228 1301 Cathedrale
1289 1227 1768 1301 constitutum·
1822 1225 2059 1313 fuerit,
2125 1226 2261 1301 hoc
2322 1228 2397 1299 in
2448 1250 2641 1315 casu,
2682 1226 2929 1301 habita

809 1343 1096 1439 quidem
1147 1343 1781 1417 ecclesiasticarum
1820 1364 2055 1417 rerum
2092 1344 2647 1439 peragendarum
2678 1355 2755 1418 et
2788 1344 2931 1439 spi-

809 1461 1170 1535 ritualium
1221 1482 1504 1559 quoque
1556 1462 2063 1535 necessitatum
2101 1461 2374 1536 ratione
2410 1460 2749 1535 illiusmet
2780 1458 2929 1535 Ec-

812 1579 1064 1653 clesiae
1117 1588 1330 1674 atque
1369 1575 1723 1651 Dioecesis
1760 1579 2103 1673 regimine
2136 1589 2213 1651 et
2248 1578 2597 1654 ordinaria
2624 1578 2933 1652 admini-

814 1694 1159 1769 stratione
1196 1693 1310 1767 ille
1347 1692 1837 1790 perfungatur,
1874 1694 1995 1791 qui
2034 1705 2189 1769 tum
2217 1694 2288 1769 in
2323 1693 2577 1770 Vicarii
2614 1693 2935 1771 Genera·

815 1814 902 1887 lis
939 1812 1276 1887 exercitio
1309 1814 1812 1907 comperiatur,
1867 1813 2383 1908 praecipiendo,
2430 1814 2619 1911 quod
2670 1814 2733 1887 si
2770 1812 2933 1910 plu-

811 1953 924 2005 res
978 1954 1063 2005 eo
1116 1931 1192 2003 in
1241 1929 1466 2005 officio
1520 1926 1691 2004 t'unc
1740 1953 1869 2027 per
1921 1927 2313 2005 Dioecesim
2366 1932 2765 2006 habeantur
2814 1932 2931 2005 ille

811 2050 1184 2145 praecipue
1221 2047 1356 2121 hoc
1395 2046 1611 2121 veluti
1651 2046 1902 2121 Vicarii
1942 2044 2359 2143 Capitularis
2412 2071 2669 2137 munus
2721 2070 2935 2145 pera-

815 2169 1122 2265 gendum
1175 2166 1519 2254 obtineat,
1575 2166 1697 2263 qui
1750 2165 1840 2239 ab
1889 2165 2241 2264 Episcopo
2304 2164 2686 2265 Cayesensi
2718 2166 2939 2242 fuerit

811 2286 888 2357 in
923 2286 992 2358 id
1028 2285 1396 2382 speciatim
1422 2288 1833 2382 deputatus3
1864 2284 1973 2357 sin
2000 2298 2241 2359 autem
2278 2284 2421 2373 ille,
2450 2287 2573 2382 qui
2611 2298 2935 2381 tempore

819 2398 1032 2474 fuerit
1083 2402 1316 2497 potior
1351 2404 1423 2475 in
1463 2401 1867 2498 hujusmodi
1910 2398 2297 2475 vicariatus
2335 2398 2697 2477 Generalis
2722 2424 2937 2477 exer-

818 2518 1012 2607 citio,
1051 2520 1163 2593 cui
1199 2519 1486 2616 quidem
1529 2517 1805 2593 Vicario
1844 2530 2211 2615 tamquam
2246 2516 2560 2593 Praesuli
2582 2518 2939 2595 ordinario

821 2638 1038 2711 ceteri
1073 2637 1289 2711 etiam
1337 2635 1586 2711 Vicat-ii
1639 2637 1846 2731 plane
1882 2635 2175 2711 subesse
2210 2633 2521 2709 debeant
2554 2648 2631 2710 et
2656 2658 2931 2731 parere,

823 2754 1050 2829 donec
1100 2752 1475 2851 Cayesensi
1530 2754 1626 2827 illi
1666 2752 2063 2829 Cathedrali
2100 2776 2330 2829 novus
2358 2752 2748 2851 Episcopus
2774 2752 2933 2827 suf-

821 2870 1050 2945 fectus
1103 2894 1244 2947 non
1297 2870 1532 2945 suerit.
1594 2868 1733 2943 Pro
1791 2894 1979 2945 nunc
2030 2892 2197 2947 vero
2235 2868 2681 2967 infrascripto
2718 2891 2937 2967 prae-

825 2989 1136 3063 sentium
1163 2986 1600 3084 Exequutori
1623 2984 2031 3083 Apostolico
2074 2987 2352 3064 veniam
2392 2998 2469 3062 et
2504 2997 2943 3084 potestatem

825 3104 1150 3192 facimus,
1187 3117 1272 3181 ut
1307 3103 1885 3179 Ecclesiasticum
1924 3104 2151 3179 virum
2190 3128 2407 3202 quem
2444 3108 2751 3203 ipsemet
2783 3104 2943 3179 ido-

826 3246 1042 3297 neum
1095 3224 1530 3320 dignumque
1569 3223 1927 3300 censuerit
1964 3224 2037 3295 in
2079 3220 2435 3299 Vicarium
2476 3223 2693 3299 veluti
2730 3220 2947 3319 Capi-

831 3342 1130 3417 tularem
1187 3342 1401 3438 eligat
1449 3354 1522 3417 et
1563 3342 1884 3439 deputet,
1938 3342 2061 3438 qui
2114 3364 2273 3415 eam
2319 3343 2791 3440 (layesensem
2818 3340 2947 3415 Di-

825 3459 1132 3535 oecesim
1167 3468 1370 3553 regat
1403 3472 1480 3531 et
1505 3460 1979 3545 administret,
2008 3460 2272 3557 quique
2300 3461 2461 3535 ideo
2496 3461 2583 3533 iis
2610 3460 2947 3535 omnibus

827 3580 1091 3677 polleat
1122 3576 1578 3651 facultatibus
1614 3577 1907 3653 Vicat-iis
1950 3576 2467 3674 Capitularibus
2500 3580 2589 3655 de
2619 3578 2777 3673 jure
2812 3580 2947 3653 de-

825 3721 964 3796 que
997 3693 1312 3790 legitima
1361 3696 1869 3769 consuetudine
1918 3694 2513 3789 competentibus,
2550 3696 2703 3793 loge
2738 3697 2943 3771 insu·-

827 3838 956 3912 per
1005 3810 1310 3907 adjecta,
1349 3822 1432 3885 ut
1467 3812 1747 3909 quoties
1782 3822 1859 3885 et
1905 3813 2249 3908 quamdiu
2283 3812 2619 3887 eaSedes
2656 3814 2945 3909 proprio

833 3931 1137 4007 caruerit
1162 3927 1514 4026 Episcopo
1552 3930 1767 4004 annui
1804 3930 2117 4005 redditus
2146 3930 2329 4005 illius
2366 3952 2680 4015 mensae,
2718 3929 2947 4003 dedu-

835 4050 972 4123 ctis
1025 4048 1268 4144 utique
1321 4046 1650 4123 oneribus
1702 4057 1917 4142 atque
1954 4046 2325 4142 impendiis
2362 4072 2491 4143 pro
2527 4045 2947 4144 Cayesensis

831 4166 1298 4261 Episcopatus
1351 4164 1961 4241 administratione
2014 4166 2405 4241 necessario
2456 4164 2825 4251 obeundis,
2868 4163 2943 4237 in
