3317 5267
918 484 1014 553 44

917 596 1344 695 tropolitano
1399 592 1854 668 Rhodonensi
1895 593 2259 683 Antistite,
2314 606 2397 669 ut
2443 594 2697 669 deinde
2741 594 3037 690 possint

915 716 1272 790 efficacem
1299 714 1472 811 legis
1499 714 1646 785 vim
1674 710 2024 809 praeferre
2050 738 2133 789 ac
2174 714 2552 801 vindicare,
2580 710 3038 810 approbanda

917 835 1133 908 etiam
1187 856 1278 905 ex
1329 833 1604 927 integro
1659 830 2008 918 conficiat,
2062 829 2357 905 liberam
2420 842 2499 904 et
2548 831 3041 905 omnimodam
3108 876 3113 885 ·

908 960 1342 1048 potestatem
1393 946 1547 1045 pari
1598 945 1999 1043 Apostolica
2055 950 2477 1024 auctoritate
2528 948 2910 1023 tribuimus
2964 958 3045 1021 et

913 1066 1394 1161 impertimur.
2182 1129 2202 1145 ,

923 1218 931 1225 ·
1062 1178 1510 1277 Quamquam
1537 1190 1777 1254 autem
1804 1182 2121 1276 superior
2156 1180 2473 1255 eiusdem
2512 1118 2818 1279 Capituli
2854 1204 3037 1278 sup-

909 1299 1205 1395 pressio,
1245 1298 1536 1395 eiusque
1571 1308 1646 1371 et
1682 1320 1867 1371 nova
1900 1310 1975 1372 et
2010 1296 2467 1373 excellentior
2491 1297 2843 1372 institutio
2866 1322 3037 1373 suc-

909 1415 1226 1501 cesserit,
1268 1426 1586 1489 attamen
1647 1412 2165 1510 Capitularium
2193 1414 2407 1489 modo
2450 1416 2891 1489 exstantium
2924 1414 3041 1487 in-

906 1531 1300 1605 columitati
1335 1533 1864 1629 prospiciendo,
1898 1532 2111 1605 simili
2152 1530 2555 1629 Apostoliea
2593 1533 3039 1608 Auctoritate

909 1648 1352 1750 mandamus,
1394 1660 1474 1720 ut
1509 1650 1998 1746 unusquisque
2038 1650 2112 1722 in
2148 1650 2401 1724 eodem
2474 1648 2799 1747 Capitulo
2858 1650 3043 1748 legi-

907 1767 1126 1839 timus
1155 1766 1471 1863 ipsorum
1497 1765 2065 1840 Canonicatuum
2097 1790 2285 1841 nunc
2310 1789 2674 1864 possessor
2698 1764 3035 1864 deinceps

907 1906 1188 1983 quoque
1223 1894 1476 1981 pergat
1509 1906 1717 1957 suam
1754 1884 2149 1980 respective
2186 1882 2661 1981 praebendam
2700 1886 3037 1960 oenonioe

906 2005 1238 2089 retinere,
1295 2004 1466 2100 quin
1521 2002 1821 2077 alteram
1859 2004 2450 2092 nominationem,
2504 2004 2656 2079 sive
2711 2004 2885 2080 alios
2920 2006 3035 2077 in·-

908 2120 1298 2194 stitutionis
1353 2131 1556 2194 actus
1607 2118 1744 2211 bac
1798 2120 1951 2193 vice
2002 2116 2197 2195 obire
2253 2132 2604 2208 teneatur,
2670 2120 2921 2195 iisdem
2960 2121 3035 2193 in

907 2235 1137 2311 Choro
1174 2235 1422 2323 stallis,
1454 2238 1848 2333 ceterisque
1874 2232 2395 2331 capitularibus
2424 2236 2705 2312 Ordinis
2730 2237 2906 2312 locis
2930 2238 3037 2311 uti

909 2356 1127 2451 prius,
1163 2355 1579 2441 adservatis,
1611 2367 1915 2454 excepto
1950 2356 2328 2428 dumtaxat
2376 2378 2570 2443 casu,
2602 2378 2743 2453 quo
2782 2357 3037 2454 aliquis

906 2472 1254 2568 posterior
1284 2468 1683 2545 Canonicus
1713 2483 2215 2568 promoveatur
2252 2472 2337 2545 ad
2366 2472 2675 2571 aliquam
2704 2496 2791 2547 ex
2838 2496 3037 2570 prae-

907 2588 1303 2661 enunciatis
1331 2587 1824 2685 dignitatibus,
1856 2610 2161 2686 quarum
2194 2588 2513 2663 titulares
2540 2590 2889 2686 gradatim
2920 2590 3035 2663 in-

906 2716 1016 2777 ter
1067 2728 1142 2779 se
1191 2704 1446 2778 ceteris
1507 2728 1652 2779 non
1708 2702 2119 2801 Dignitariis
2172 2728 2455 2803 semper
2481 2704 2975 2801 praestabunt.

1059 2824 1332 2915 Quibus
1385 2826 1717 2902 omnibus
1772 2828 1871 2899 ita
1922 2826 2365 2922 compositis,
2431 2825 2597 2901 freti
2658 2852 2847 2903 nunc
2881 2829 3033 2903 zelo

904 2956 980 3018 et
1028 2945 1512 3019 munificentia
1567 2944 2049 3019 commendati
2080 2943 2505 3041 Napoleonis
2544 2944 3027 3042 ImperatoriS,

901 3082 1115 3157 quem
1141 3084 1319 3157 opus
1345 3062 1480 3135 hoc
1505 3084 1763 3159 ea‚qua
1798 3062 2028 3150 decet,
2068 3058 2487 3137 liberalitate
2516 3061 3015 3137 coadiuturum

904 3200 1298 3274 speramus,
1357 3180 1588 3253 eidem
1627 3178 2015 3275 Napoleoni
2070 3178 2501 3254 Francorum
2578 3178 3025 3277 Imperatori,

900 3306 975 3368 et
1025 3298 1278 3393 cuique
1334 3297 1554 3393 ipsius
1606 3297 1679 3369 in
1717 3306 2087 3392 posterum
2130 3298 2519 3372 successori
2564 3297 2883 3395 legitimo
2918 3296 3033 3372 fa-

902 3416 1240 3489 cultatem
1296 3427 1371 3490 et
1423 3426 1857 3513 potestatem
1910 3417 2407 3514 praesentandi
2478 3416 2641 3491 huic
2718 3414 3025 3491 Sanctae

899 3530 1063 3607 Sedi
1118 3532 1558 3630 Apostolicae
1600 3588 1620 3623 ,
1678 3533 1865 3609 infra
1916 3528 2201 3631 tempus
2251 3559 2379 3632 per
2428 3558 2665 3611 sacros
2716 3558 3027 3611 canones

893 3652 1368 3748 praefinitum,
1425 3652 1749 3727 idoneam
1802 3654 2257 3752 dignamque,
2316 3654 2419 3729 uti
2450 3654 2625 3729 alias
2662 3652 3024 3751 praescri-

898 3778 1104 3865 ptum
1189 3768 1648 3865 comperitur,
1706 3792 2082 3865 personam
2171 3768 2795 3869 Metrowlitanae,
2878 3764 3027 3845 Ee-

893 3888 1143 3961 clesiae
1183 3886 1663 3975 Rhedonensi‚
1704 3890 1983 3987 quoties
2018 3889 2351 3987 deinceps
2378 3890 2761 3975 vacaverit,
2790 3912 2834 3962 a
2870 3888 3021 3965 Ro-

890 4028 1102 4079 mano
1143 4003 1482 4081 Pontifice
1509 4030 1638 4103 pro
1668 4017 1989 4106 tempore
2017 4007 2371 4083 existente
2408 4008 2542 4081 rite
2600 4006 3019 4106 praeficien-

886 4122 1050 4193 dam
1104 4123 1288 4197 dicta
1349 4121 1749 4221 Apostolica
1788 4126 2222 4200 auctoritate
2286 4149 2819 4212 conservamus,
2884 4149 3011 4201 seu

891 4243 1123 4317 denuo
1152 4244 1368 4317 etiam
1421 4246 1893 4344 indulgemuS,
1934 4248 2237 4321 servatis
2282 4251 2696 4345 ceteroquin
2734 4247 2889 4321 aliis
2930 4272 3017 4323 o-

901 4359 1213 4451 mnibus,
1270 4386 1454 4461 quae
1503 4365 1592 4439 de
1645 4366 1797 4439 iure
1846 4387 2184 4463 moreque
2235 4366 2575 4441 servanda
2626 4376 2821 4441 sunt.
