3317 5267
283 531 784 606 concessimus
809 555 814 560 ·
839 529 1150 602 villulam
1201 553 1242 601 a
1293 526 1508 600 Nobis
1562 539 1907 622 emptam,
1982 550 2161 626 quae
2214 541 2421 602 extra

310 663 588 746 portam
645 649 1186 724 Franciscalium
1243 646 1769 744 Capulatorum,
1830 649 2038 746 vulgo
2078 647 2423 746 cappac-

311 766 486 852 cim',
517 767 652 840 sita
671 766 868 840 mille
905 788 1240 862 passuum
1277 764 1554 838 circiter
1589 761 1677 833 ab
1714 762 1885 836 urbe
1922 764 2421 863 Senogalliensi

311 881 553 968 distat,
620 893 700 956 et
750 882 918 956 olim
969 883 1058 956 ad
1109 881 1396 955 Sodales
1453 877 2033 974 Congregationis
2111 881 2423 956 Oratorii

311 997 552 1072 Sancti
605 997 910 1095 Philippi
963 999 1152 1073 Nerii
1215 996 1638 1094 pertinebat.
1698 997 1931 1094 Atque
1966 999 2231 1074 eisdem
2267 999 2423 1074 Lit-

314 1115 487 1188 teris
539 1116 920 1190 statuimus
973 1138 1154 1212 quae
1205 1115 1612 1210 disciplinae
1668 1114 1759 1186 ab
1808 1115 1981 1210 ipsis
2052 1117 2423 1192 Societatis

313 1231 474 1306 Iesu
525 1229 892 1308 Sodalibus
946 1243 1188 1306 essent
1239 1233 1312 1305 in
1393 1230 1779 1328 Gymnasio
1829 1233 2211 1308 tradendae
2250 1285 2271 1321 ,
2352 1245 2427 1321 et

313 1350 667 1446 quomodo
717 1349 996 1424 externi
1048 1347 1388 1424 Doctores
1441 1346 1620 1421 Iuris
1672 1347 1900 1421 civilis
1936 1357 2011 1422 et
2045 1350 2425 1424 criminalis

313 1489 402 1540 ex
431 1467 678 1564 ,ipsius
714 1465 1080 1562 Gymnasii
1114 1465 1516 1562 sumptibus
1552 1465 1987 1561 stipendium
2024 1467 2427 1566 percipien-

313 1594 421 1658 tes
475 1595 718 1658 essent
768 1583 1096 1678 eligendi.

473 1703 580 1776 Ad
631 1703 804 1776 haee
854 1725 982 1798 per
1036 1702 1204 1776 alias
1257 1700 1546 1776 Nostras
1603 1702 2043 1798 Apostolicas
2122 1702 2427 1777 Litteras

313 1820 729 1894 duodecimo
781 1818 1122 1892 Kalendas
1159 1819 1378 1894 Maias
1431 1843 1616 1894 anno
1653 1821 2031 1896 millesimo
2060 1823 2429 1918 octingen-

315 1938 572 2024 tesimo
625 1938 1206 2034 quinquagesimo
1243 1937 1550 2032 septimo
1601 1939 1864 2031 pariter
1916 1939 2047 2012 sub
2128 1939 2427 2014 Plumbo

315 2057 707 2153 expeditas,
763 2076 1063 2152 quarum
1097 2055 1396 2128 [initium
1459 2052 1693 2129 «Cum
1744 2055 1839 2126 ad
1890 2058 2329 2130 christianae
2386 2084 2421 2125 n

309 2174 814 2270 Senogalliensi
863 2173 1262 2270 Episcopali
1317 2175 1707 2248 Seminario
1759 2197 1847 2246 ex
1911 2174 2185 2248 Nostris
2263 2173 2429 2248 fun-

309 2292 422 2366 dis
447 2313 752 2366 annuam
779 2313 1134 2364 summam
1163 2303 1582 2364 sexcentum
1621 2302 2065 2364 scutatorum
2106 2293 2195 2365 ab
2232 2293 2425 2366 omni

317 2411 574 2506 quovis
625 2433 838 2484 onere
917 2409 1250 2504 imposito
1335 2409 1444 2482 vel
1521 2411 1953 2505 imponendo
2032 2411 2421 2484 immunem

312 2537 658 2624 perpetuo
709 2527 1188 2608 attribuimus,
1262 2529 1452 2600 utin
1515 2529 1763 2630 eodem
1830 2527 2221 2602 Seminario
2255 2529 2422 2606 duo·

310 2645 545 2720 decim
597 2645 1140 2741 Senogalliensis
1193 2646 1504 2719 civita-tis
1555 2670 1636 2718 ac
1688 2643 2057 2719 Dioeeesis-
2080 2667 2429 2741 pauperes

311 2759 564 2836 Clerici
639 2762 794 2836 sine
871 2761 1010 2837 ulla
1081 2786 1326 2838 eorum
1400 2764 1723 2858 impensa
1785 2763 2145 2836 alerentur
2180 2815 2201 2849 ,
2258 2787 2427 2838 san-

311 2891 568 2976 eteque
622 2880 1112 2964 educarentur,
1177 2878 1608 2974 optimisque
1678 2879 1935 2954 studiis
2011 2880 2431 2973 praesertim

311 3002 532 3092 sacris
581 2995 830 3069 sedulo
883 2995 1352 3068 erudirentur.
1418 2992 1650 3088 Atque
1709 2993 1927 3064 etiam
1966 2992 2425 3088 praescripsi-

311 3135 483 3185 mus
529 3136 672 3209 quo
724 3112 938 3185 modo
989 3119 1064 3184 et
1117 3111 1418 3195 ratione,
1481 3122 1556 3182 et
1617 3131 1661 3180 a
1733 3106 1989 3205 quibus
2044 3109 2119 3181 hi
2159 3109 2431 3183 dnode-

312 3230 456 3304 cim
509 3227 760 3304 Clerici
809 3241 1051 3302 essent
1097 3225 1514 3302 nominandi
1567 3236 1783 3321 atque
1838 3225 2167 3322 eligendi.
2324 3214 2327 3218 ’

383 3369 391 3376 ·
475 3344 848 3420 Praeterea
875 3366 1324 3441 summopere
1354 3344 1769 3416 miserantes
1800 3343 2281 3416 tristissimam
2312 3367 2430 3417 sa-

316 3485 408 3538 ne
444 3463 946 3548 conditionem,
1003 3465 1077 3534 in
1136 3473 1274 3558 qua
1315 3471 1687 3535 versantur
1720 3471 1871 3533 tum
1912 3460 1958 3530 ii
1998 3461 2117 3558 qui
2148 3461 2429 3536 assidua

315 3582 1358 3667 conflictanturinvaletudine,
1417 3581 1626 3676 vulgo
1658 3579 1981 3667 Grenici,
2058 3592 2212 3656 tum
2243 3583 2436 3677 puel·

315 3701 454 3790 lae,
524 3723 741 3799 quae·
788 3711 1164 3796 parentum
1242 3698 1526 3772 orbatae
1561 3751 1580 3784 ‚
1658 3719 2045 3794 eorumque
2107 3698 2373 3771 incuria
2404 3749 2425 3784 ‚

311 3828 443 3892 aut
495 3827 910 3914 paupertate
963 3818 1116 3891 sine
1167 3815 1310 3889 ulla
1363 3815 1801 3890 educationis
1856 3839 2023 3888 cura
2076 3820 2243 3888 sunt
2308 3814 2433 3888 -de—

317 3935 629 4023 relictae,
684 3945 844 4008 tum
908 3935 1208 4008 miserae
1261 3933 1618 4020 mulieres,
1676 3941 1857 4030 quae
1888 3955 2105 4027 opere
2156 3940 2425 4018 carent,

318 4053 694 4128 consilium
749 4053 1188 4150 suscepimus
1249 4053 1695 4128 succurrendi
1754 4051 1979 4126 tribus
2043 4050 2247 4124 hisce
2307 4053 2427 4123 'can

327 4171 670 4248 lamitosis
723 4170 1160 4266 senogalliae
1211 4170 1502 4264 eiusque
1537 4167 2033 4244 suburbiorum
2052 4165 2427 4243 elassibus.
