3317 5267
835 393 982 464 266

825 503 1192 601 rogativis,
1247 502 1542 589 iuribuS,
1575 504 1985 602 privilegiis,
2026 504 2301 601 gratiis,
2340 504 2629 579 indultis
2684 514 2761 579 et
2796 506 2973 601 qui-

825 620 1100 717 busque
1153 618 1408 693 eeteris
1440 670 1461 707 ‚
1515 620 1775 717 quibus
1826 621 2003 695 aliae
2056 623 2127 694 in
2180 619 2681 718 Hispaniarum
2734 621 2965 717 Regia

827 737 1110 811 Ditione
1169 738 1492 813 civitates
1555 738 1955 836 Episcopali
2019 738 2373 813 Cathedra
2432 753 2509 815 et
2579 740 2971 813 residentia

823 855 1326 931 condecoratas
1378 856 1466 929 de
1519 858 1879 931 communi
1929 858 2087 954 jure
2138 867 2443 931 utuntur
2494 868 2571 931 et
2624 858 2969 953 gaudent,

829 974 1076 1047 eadem
1105 970 1506 1068 Apostolica
1541 974 1967 1049 auctoritate
1996 986 2343 1071 perpetuo
2374 996 2664 1071 quoque
2714 974 2969 1049 evehi-

837 1112 1026 1163 mus.
1557 1152 1560 1155 ,

981 1206 1218 1299 Quum
1254 1218 1494 1282 autem
1533 1208 1881 1304 templum
1922 1209 2111 1305 quod
2146 1208 2321 1283 inibi
2358 1207 2497 1283 sub
2534 1208 2743 1283 titulo
2794 1208 2977 1283 Bea-

830 1326 1145 1400 tissimae
1199 1323 1508 1421 Virginis
1541 1325 1801 1399 Mariae
1836 1325 2193 1421 collegiale
2228 1326 2501 1412 existit,
2540 1328 2767 1423 magis
2804 1328 2971 1401 ido-

829 1468 1044 1519 neum
1097 1438 1578 1541 decorumque
1625 1444 2102 1533 existimetur,
2134 1470 2217 1521 ac
2260 1446 2661 1521 Sacrarinm
2706 1446 2973 1521 habeat

831 1584 1034 1635 sacra
1085 1560 1518 1658 supellectile
1571 1562 1661 1635 ad
1714 1560 1862 1635 Pon
1871 1562 2147 1637 tificalia
2210 1586 2493 1659 quoque
2568 1566 2973 1660 peragenda

827 1678 1258 1775 praeditum,
1315 1679 1500 1753 hanc
1549 1678 1815 1774 quippe
1866 1678 2259 1757 Ecclesiam
2310 1704 2355 1753 e
2390 1682 2693 1775 vestigio
2732 1678 2983 1775 (prae-

833 1797 949 1869 via
983 1795 1136 1891 ejus
1171 1795 1362 1869 tituli
1397 1794 1793 1892 Collegialis
1831 1808 2173 1893 perpetua
2206 1798 2707 1894 suppressione
2742 1809 2819 1871 et
2854 1822 2983 1871 ex·-

833 1911 1228 2013 tinctione)
1279 1914 1368 1987 ad
1423 1911 1863 1988 Cathedralis
1918 1913 2273 1989 Ecclesiae
2327 1915 2675 1991 honorem
2728 1927 2807 1989 et
2858 1914 2973 1987 di-

831 2034 1180 2131 gnitatem
1231 2034 1384 2130 pari
1437 2032 1839 2129 Apostolica
1893 2034 2317 2109 auctoritate
2354 2044 2707 2130 perpetuo
2745 2032 2975 2106 etiam

835 2152 1247 2239 attollimus,
1303 2153 1402 2225 ita
1453 2163 1535 2227 ut
1585 2148 1907 2225 Ecclesia
1944 2152 2095 2246 ipsa
2140 2152 2449 2247 priscam
2484 2153 2641 2227 eius
2680 2152 2981 2226 invoca-

837 2271 1102 2345 tionem
1155 2282 1654 2345 conservatura
1708 2270 1829 2355 sit,
1882 2290 1967 2343 ac
2018 2268 2091 2340 in
2146 2291 2231 2342 ea
2266 2280 2623 2365 perpetua
2662 2269 2983 2365 erigatur

841 2388 1088 2474 Sedes,
1143 2384 1488 2463 Cathedra
1519 2400 1592 2461 et
1617 2388 1925 2483 dignitas
1952 2384 2401 2482 Episcopalis
2429 2410 2561 2483 pro
2594 2411 2725 2461 suo
2770 2385 2979 2459 Anti-

837 2508 1008 2581 stite
1035 2506 1458 2585 Victoriensi
1495 2507 1993 2602 nuncupando,
2029 2506 2153 2603 qui
2180 2506 2410 2579 eidem
2439 2504 2831 2593 Ecclesiae,
2866 2504 2983 2579 Ci-

845 2628 1079 2713 vitati,
1135 2624 1366 2713 Clero,
1421 2640 1494 2701 et
1533 2626 1843 2724 Populo,
1870 2627 2385 2723 universaeque
2438 2624 2759 2701 Dioecesi
2796 2650 2985 2701 cun-

841 2748 1120 2841 ctisque
1153 2746 1536 2843 utriusque
1591 2768 1807 2820 sexus
1862 2746 2110 2821 incolis
2160 2746 2273 2844 (iis
2328 2756 2569 2819 tamen
2620 2748 2969 2843 exceptis,

841 2866 964 2965 qui
1001 2866 1206 2940 hodie
1239 2866 1412 2940 dum
1467 2867 1809 2963 peculiari
1860 2867 2179 2964 gaudent
2234 2867 2710 2963 exemptionis
2765 2868 2983 2964 privi-

841 2979 1048 3081 legio)
1067 2980 1466 3079 Episcopali
1493 3006 1667 3057 cum
1691 2984 2183 3079 jurisdictione
2210 2994 2287 3056 et
2314 2985 2737 3058 auctoritate
2768 3007 2987 3079 prae-

843 3108 968 3191 sit;
993 3103 1430 3179 Pastoralem
1453 3104 1943 3181 visitationem
1974 3106 2267 3179 statutis
2294 3126 2429 3199 per
2452 3105 2712 3179 Sacros
2742 3104 2985 3180 Cano-

843 3246 972 3297 nes
1005 3222 1442 3318 temporibus
1477 3222 1673 3297 obire
1708 3234 2015 3319 satagat,
2064 3222 2442 3319 Synodum
2470 3222 2981 3297 Dioecesanam

841 3342 1260 3439 quandoque
1293 3355 1661 3427 convocet,
1716 3342 2097 3439 omniaque
2152 3352 2229 3413 et
2282 3340 2554 3435 singula
2614 3340 2845 3415 officia
2902 3353 2975 3416 et

843 3455 1562 3558 muniaNEpiseopalia
1593 3462 1798 3555 juxta
1838 3484 2071 3535 sacros
2124 3456 2449 3534 Canones
2506 3459 2983 3557 legittimam-

845 3599 982 3673 que
1015 3578 1595 3651 consuetudinem
1649 3589 1725 3650 et
1778 3576 2305 3652 conventiones
2343 3578 2537 3672 ipsas
2574 3578 2795 3674 plane
2846 3602 2973 3649 as·-

841 3708 1178 3794 sequatur
1225 3708 1302 3770 et
1351 3708 1707 3781 exerceat,
1764 3718 1975 3771 suum
2032 3699 2317 3793 insuper
2366 3708 2651 3792 praesto
2712 3698 2973 3773 habeat

849 3812 1264 3889 Cathedrale
1315 3811 1715 3909 Capitulum
1754 3866 1775 3901 ,
1834 3815 1939 3888 uti
1994 3812 2287 3889 inferius
2346 3817 2921 3890 constituendum
2950 3868 2970 3901 ,

845 3955 1008 4006 cum
1059 3934 1206 4007 suis
1257 3930 1524 4019 Mensa,
1591 3932 1797 4020 Ama,
1838 3944 1911 4006 et
1954 3932 2195 4029 Sigillo
2248 3936 2645 4031 ceterisque
2718 3932 2977 4007 Cathe-

845 4052 1162 4128 dralihus
1199 4066 1274 4127 et
1309 4050 1839 4129 Pontificalibus
1878 4054 2225 4149 insigniis,
2260 4054 2793 4150 praerogativis,
2852 4056 2979 4129 ho-

848 4168 1158 4255 noribus,
1213 4172 1815 4267 praeeminentiis,
1870 4173 2142 4267 gratiis,
2198 4170 2591 4259 favorihuS,
2660 4173 2971 4257 indultis,

851 4288 1162 4387 itemque
1199 4312 1360 4364 cum
1394 4291 1665 4386 juribus
1702 4290 2003 4364 realibus
2040 4300 2113 4363 et
2146 4290 2629 4387 personalibus
2674 4314 2758 4401 ae
2808 4290 2959 4361 mix
