3317 5267
847 391 995 467 392

845 508 1367 595 constituendo,
1442 518 1567 582 aut
1634 508 1692 582 si
1767 530 1946 604 opus
2019 502 2231 581 fuerit
2299 501 2749 583 dimittendo.
2827 498 2970 595 Qui

848 628 1137 722 quidem
1189 625 1581 725 Episcopus
1633 630 1708 700 in
1763 650 1893 703 suo
1927 625 2252 702 obeundo
2305 628 2532 702 officio
2583 648 2799 723 super
2847 650 2972 701 ora

852 738 1205 819 thodoxae
1256 744 1415 820 fidei
1466 744 1788 822 doctrina
1861 768 2288 845 morumque
2337 746 2706 843 disciplina
2759 757 2974 841 atque

846 858 1221 939 honestate
1274 867 1696 963 advigilandi
1747 890 1892 941 non
1947 867 2176 943 solum
2231 868 2302 941 in
2358 865 2776 941 dioecesano
2829 864 2975 937 Se·-

848 982 1177 1067 minario,
1232 983 1355 1057 sed
1412 985 1483 1056 in
1538 982 1870 1059 omnibus
1924 978 2076 1059 slve
2138 982 2764 1068 UniversitatihuS‚
2821 982 2976 1053 sive

854 1096 1247 1172 Academiis
1286 1150 1306 1184 ‚
1372 1102 1526 1174 sive
1590 1082 1994 1197 Gymnasiis
2033 1154 2055 1187 ‚
2121 1102 2292 1175 sive·
2333 1099 2486 1174 aliis
2555 1099 2972 1194 cujuscum-

848 1232 989 1311 que
1043 1216 1319 1311 generis
1372 1216 1631 1292 scholis
1671 1218 1854 1291 intra
1891 1240 2062 1293 suae
2101 1216 2460 1293 Dioecesis
2498 1215 2792 1301 limites,
2821 1214 2980 1287 sive

848 1333 1292 1422 introductis,
1322 1336 1474 1409 sive
1500 1354 1948 1434 quocumque
1976 1336 2188 1411 modo
2223 1326 2752 1409 introducendis
2783 1330 2982 1403 nullo

856 1449 1067 1522 modo
1118 1450 1257 1525 erit
1306 1452 1820 1550 impediendus.

1014 1562 1257 1639 Eidem
1300 1567 1585 1666 insuper
1599 1568 1976 1665 ⁴Episcopo
2030 1561 2444 1639 facultatem
2495 1566 2980 1662 impertimur,

852 1683 1099 1755 statim
1151 1706 1233 1757 ac
1284 1686 1355 1757 in
1410 1667 1734 1760 futurum
1779 1682 2198 1757 Cathedrale
2235 1681 2669 1779 Capitulum,
2711 1682 2816 1757 uti
2851 1706 2981 1756 su·-

848 1804 1085 1899 perius
1136 1805 1473 1894 diximuS,
1530 1808 2004 1881 constitutum
2041 1818 2258 1902 atque
2313 1803 2762 1879 efformatum
2823 1802 2981 1875 fue-

851 1921 970 2006 rit,
1004 1922 1329 2016 prudenti
1358 1946 1487 1997 suo
1514 1923 1805 1998 arbitrio
1841 1924 2252 1997 nominandi
2282 1934 2498 2021 atque
2525 1922 2970 2007 instituendi,

850 2060 1003 2125 seu,
1080 2040 1182 2114 uti
1256 2054 1539 2129 vocant,
1614 2042 2116 2115 investituram
2185 2042 2398 2116 dandi
2487 2042 2578 2115 ad
2663 2038 2979 2138 singulos

851 2156 1167 2251 ejusdem
1234 2157 1537 2255 Capituli
1602 2144 2044 2234 Cathedralis
2109 2158 2580 2235 canonicatus
2645 2170 2796 2233 tam
2866 2157 2978 2231 di·-

852 2274 1219 2368 gnitarioS,
1274 2296 1488 2372 quam
1527 2296 1668 2351 non
1707 2278 2148 2373 dignitarioS,
2191 2274 2658 2373 Cappellanos
2691 2296 2820 2350 seu
2851 2272 2979 2346 Be·

724 2428 736 2441 ·
854 2388 1239 2477 neflciatos,
1281 2390 1788 2469 Mansionarios
1827 2396 2420 2491 quandocumque
2457 2393 2624 2467 inibi
2661 2392 2972 2467 instituti

852 2505 1141 2593 suerint,
1200 2530 1331 2582 nec
1382 2532 1523 2585 non
1576 2513 1666 2586 ad
1721 2510 2158 2587 parochialia
2209 2534 2336 2608 per
2391 2522 2618 2585 totam
2670 2504 2978 2585 Punien-

850 2646 1004 2699 sem
1070 2624 1481 2699 Dioecesim·
1526 2626 1910 2703 obtinenda
1975 2642 2194 2726 atque
2257 2628 2622 2703 retinenda
2683 2623 2984 2703 Benefi-

849 2744 985 2829 cia,
1040 2745 1473 2842 proindeque
1526 2745 1615 2821 ad
1673 2744 2112 2821 parochiales
2168 2769 2452 2845 quoque
2510 2745 2819 2821 Vicat-ias
2848 2768 2973 2819 seu

850 2858 1364 2956 Coadjutorias,
1419 2865 1766 2962 quaeve}
1816 2864 1964 2961 jam
2022 2865 2133 2938 vel
2187 2866 2402 2937 etiam
2469 2864 2540 2936 in
2602 2876 2974 2960 posterum

848 2980 1249 3069 extiterint3
1300 2984 1629 3077 prudenti
1685 2985 1972 3079 insuper
2021 3006 2152 3057 suo
2201 2982 2427 3083 lubitu
2481 2981 2782 3080 eligendi
2833 2980 2966 3053 sibi

852 3116 1073 3170 unum
1102 3109 1229 3171 aut
1260 3097 1501 3194 plures
1527 3098 1885 3195 generales
1925 3097 2263 3185 VicarioS‚
2293 3101 2354 3171 si
2383 3100 2481 3171 ita
2511 3098 2824 3174 locorum
2853 3096 2982 3171 dis*

852 3212 1153 3306 ficultas,
1194 3230 1409 3315 atque
1446 3216 1792 3292 distantia
1853 3218 2194 3315 requirat,
2247 3228 2324 3291 et
2375 3216 2974 3315 quemadmodum
3048 3312 3060 3325 .

852 3332 926 3405 in
982 3331 1287 3411 Domino
1338 3338 1672 3432 expedire
1718 3336 2170 3432 judicaverit,
2233 3336 2624 3412 dummodo
2675 3335 2748 3408 in
2803 3330 2978 3407 Pne-

852 3450 1265 3548 sbyteratus
1312 3456 1557 3530 ordine
1610 3458 1708 3529 sit
1756 3455 2192 3531 constitutus
2233 3506 2254 3543 ‚
2311 3478 2536 3552 eaque
2589 3454 2856 3527 virtute
2909 3464 2982 3527 et

854 3568 1211 3666 probitate
1252 3574 1639 3670 praeditus,
1679 3596 1862 3675 quae
1897 3576 1971 3648 in
2008 3585 2156 3647 tam
2197 3572 2395 3671 gravi
2449 3594 2746 3647 munere
2783 3594 2981 3646 exer-

853 3687 1077 3764 cendo
1130 3692 1521 3767 necessaria
1576 3715 1734 3765 esse
1787 3690 2345 3787 comperiuntur.

1010 3806 1383 3883 Praeterea
1437 3808 1878 3883 declaramus
1931 3820 2007 3881 et
2052 3808 2412 3905 jubemus,
2465 3808 2656 3907 quod
2701 3805 2979 3903 quoties

852 3924 1289 4023 Episcopalis
1338 3925 1656 4001 Ecclesia
1712 3924 2080 4002 Puniensis
2135 3928 2496 4003 vacaverit
2528 3978 2548 4013 ‚
2633 3924 2790 4019 ejus
2844 3920 2985 3995 Ca·-

860 4043 1161 4119 thedrali
1210 4042 1539 4141 capitulo
1588 4044 1696 4117 fas
1749 4047 1844 4118 sit
1894 4068 1984 4118 ex
2061 4068 2420 4121 sacrorum
2477 4042 2848 4119 Canonum
2901 4052 2978 4113 et

862 4162 1279 4257 praesertim
1334 4160 1625 4239 concilii
1665 4162 2056 4237 Tridentini
2092 4163 2398 4237 decretis
2431 4162 2790 4237 vicarium
2851 4159 2980 4233 Ca·-
