3317 5267
864 411 1177 621 ?e‘l'ringi,
1232 542 1397 597 cum
1440 519 1597 595 illae
1650 540 1950 595 numero
1999 540 2268 615 paucae
2317 540 2563 595 eorum
2615 517 2840 595 furori
2919 532 3000 593 et

860 642 1193 717 audaciae
1246 639 1577 713 resistere
1626 637 1926 709 minime
1979 644 2300 730 possent.
2357 631 2704 723 Quocirca
2741 636 2816 709 in
2853 637 3006 711 eis-

862 760 1029 832 dem
1082 754 1491 831 civitatibus
1542 776 1585 826 a
1633 752 2114 850 perduellibus
2168 753 2492 825 omnium
2563 754 3000 841 divinarum,

864 875 1478 969 humanarumque
1528 870 1766 967 legum
1819 870 2224 945 conculcata
2279 870 2690 958 auctoritas,
2745 883 2822 945 et
2869 896 3006 945 su·-

866 1014 1115 1089 prema
1164 989 1389 1065 civilis
1440 988 1696 1063 Nostra
1748 998 1964 1083 atque
2000 987 2212 1061 huius
2265 986 2570 1063 Sanctae
2609 988 2812 1062 Sedis
2863 1012 3005 1085 op—

864 1122 1179 1209 pugnata
1246 1119 1565 1206 potestas
1595 1159 1617 1195 ‚
1673 1118 1750 1181 et
1799 1104 2214 1180 defectionis
2263 1116 2502 1179 erecta
2553 1107 2816 1187 vexilla
2845 1159 2867 1191 ‚
2925 1118 3006 1179 et

864 1228 1263 1323 legitimum
1290 1224 1742 1301 Pontificium
1753 1220 2192 1295 Gubernium
2220 1222 2308 1295 de
2339 1222 2575 1297 medio
2601 1222 3000 1310 sublatum,

863 1355 941 1417 et
990 1344 1351 1419 Sardiniae
1405 1342 1621 1439 Regis
1674 1337 2038 1413 Dictatura
2093 1338 2348 1433 petita,
2405 1350 2482 1413 et
2532 1338 2774 1417 Nostri
2853 1339 3006 1415 De·-

862 1463 1076 1559 legati
1128 1461 1407 1559 publica
1460 1461 1722 1535 emissa
1771 1459 2288 1555 protestatione
2337 1460 2428 1533 ad
2479 1457 3004 1556 profectionem

865 1580 979 1655 vel
1030 1578 1351 1676 impulsi,
1402 1578 1513 1651 vel
1554 1577 1812 1663 coacti,
1849 1586 1926 1649 et
1977 1574 2116 1647 alia
2147 1574 2376 1649 multa
2425 1575 2828 1653 rebellionis
2865 1579 3006 1653 ad·-

860 1701 1079 1775 missa
1132 1696 1473 1772 facinora.

1014 1821 1245 1896 Nemo
1294 1843 1465 1894 vero
1514 1820 1796 1915 ignorat
1847 1842 1988 1915 quo
2041 1819 2164 1893 isti
2235 1817 2466 1893 civilis
2542 1817 3004 1915 Apostolicae

862 1940 1063 2015 Sedis
1092 1940 1529 2037 principatus
1557 1960 1800 2013 osores
1827 1959 2112 2033 semper
2137 1937 2589 2033 potissimum
2631 1950 3002 2034 spectent,

860 2072 937 2133 ct
987 2059 1153 2157 quid
1212 2057 1345 2155 ipsi
1400 2056 1619 2131 velint
1647 2105 1669 2142 ,
1741 2055 1912 2151 quid
1963 2056 2256 2151 cupiant
2285 2107 2306 2142 ,
2361 2056 2534 2152 quid
2611 2068 2994 2153 exoptent.

860 2176 1128 2250 Omnes
1162 2176 1451 2272 quidem
1478 2187 1744 2248 norunt
1769 2173 2108 2268 singulari
2149 2170 2451 2248 Divinae
2489 2172 2998 2251 Providentiae

860 2291 1153 2365 consilio
1206 2292 1472 2365 factum
1526 2314 1710 2377 esse,
1751 2301 1836 2365 ut
1874 2290 1946 2361 in
1989 2299 2188 2363 tanta
2225 2290 2727 2386 temporalium
2783 2290 3000 2365 Prin-

860 2411 1121 2505 cipum*
1152 2410 1605 2483 multitudine
1642 2418 1719 2481 et
1747 2408 2096 2481 varietate
2151 2407 2474 2481 Romana
2509 2434 2794 2509 quoque
2847 2412 2998 2487 Ec-

860 2528 1071 2601 clesia
1126 2526 1589 2623 temporalem
1640 2524 2198 2599 dominationem
2233 2529 2498 2600 nemini
2527 2552 2818 2625 prorsus
2855 2532 2998 2606 ob-

859 2645 1149 2721 noxiam
1201 2644 1499 2717 haberet
1536 2697 1557 2732 ,
1612 2667 1758 2740 quo
1813 2642 2182 2719 Romanus
2249 2642 2584 2720 Pontifex
2661 2672 2994 2725 summus

860 2764 1081 2839 totius
1130 2762 1489 2837 Ecclesiae
1546 2758 1806 2837 Pastor
1853 2761 2028 2835 nulli
2081 2786 2404 2859 unquam
2441 2762 2748 2863 Principi
2803 2768 2994 2843 sub-

858 2883 1085 2962 iectus
1135 2904 1545 2978 supremam
1578 2882 1896 2957 universi
1951 2879 2302 2957 Dominici
2353 2886 2988 2983 gregis-pascendi,

860 3000 1289 3095 regendique
1314 3008 1750 3095 potestatem
1773 2998 2415 3095 auctoritatemque
2459 3000 2552 3073 ab
2587 3002 2742 3098 ipso
2780 3003 3002 3079 Chri-

860 3128 975 3191 sto
1027 3114 1332 3194 Domino
1382 3126 1748 3212 acceptam
1783 3138 1912 3211 per
1963 3114 2414 3205 universum,
2463 3142 2608 3215 qua
2657 3119 2802 3195 late
2855 3146 2996 3219 pa-

862 3244 995 3320 tet,
1050 3231 1297 3305 orbem
1350 3232 1760 3329 plenissima
1811 3230 2144 3304 libertate
2191 3254 2516 3307 exercere
2553 3286 2574 3322 ‚
2639 3259 2720 3309 ac
2773 3239 2988 3314 simul

859 3348 1133 3430 facilius
1168 3351 1483 3425 divinam
1536 3350 1954 3446 religionem
1991 3352 2219 3445 magis
2255 3351 2330 3423 in
2365 3353 2518 3427 dies
2559 3377 2990 3453 propagare,

858 3478 935 3541 et
984 3469 1197 3543 variis
1246 3470 1557 3545 fidelium
1595 3470 2010 3567 indigentiis
2061 3492 2460 3559 occurrere,
2501 3483 2578 3547 et
2627 3490 2988 3571 opportu—

858 3608 949 3659 na
1001 3586 1483 3683 flagitantibus
1559 3589 1824 3662 auxilia
1874 3588 2064 3661 ferre
2090 3640 2112 3675 ‚
2169 3600 2246 3661 et
2293 3588 2430 3661 alia
2479 3592 2720 3665 omnia
2795 3594 2988 3669 bona

856 3728 1195 3804 peragere
1246 3718 1519 3805 posset,
1570 3732 1754 3805 quae
1804 3732 1935 3806 pro
1988 3731 2064 3783 re
2117 3730 2198 3783 ac
2254 3720 2576 3805 tempore
2611 3714 2702 3787 ad
2751 3716 2984 3789 maio-

856 3848 1013 3899 rem
1068 3826 1289 3901 totius
1338 3826 1766 3901 christianae
1817 3826 2244 3923 reipublicae
2295 3828 2680 3905 utilitatem
2759 3836 2988 3927 perti-

858 3966 1030 4017 nere
1082 3944 1233 4041 ipse
1282 3957 1766 4042 cognosceret.
1825 3942 2272 4019 Infestissimi
2325 3947 2544 4043 igitur
2618 3947 2986 4026 Romanae

856 4058 1213 4136 Ecclesiae
1267 4063 1678 4161 temporalis
1731 4064 2026 4139 dominii
2060 4064 2304 4139 hostes
2339 4066 2624 4139 civilem
2661 4069 2984 4145 eiusdem

858 4174 1245 4268 Ecclesiae,
1301 4180 1746 4279 Romanique
1802 4178 2159 4257 Pontificis
2211 4183 2688 4278 principatum
2749 4188 2986 4263 caele-
