3317 5267
2288 440 2438 515 377

332 552 703 652 reptioniS,
734 564 859 629 aut
895 550 1237 630 nullitatis
1276 551 1551 649 alioque
1586 570 2030 651 quocumque
2070 552 2266 641 vitio,
2305 581 2432 633 seu

333 672 749 748 intentionis
774 670 1075 747 Nostrae
1102 681 1223 745 aut
1252 668 1565 767 quolibet
1592 669 1730 747 alio
1751 670 2036 746 defectu
2057 684 2434 767 quantum-

334 789 443 863 vis
472 791 773 888 juridico
798 804 875 865 et
898 791 1371 878 substantiali,
1400 790 1616 863 etiam
1647 812 1741 863 ex
1763 814 1850 864 eo
1884 792 2070 887 quod
2105 792 2434 888 quicum-

334 930 473 1003 que
524 910 595 981 in
650 911 1053 1005 praemissis
1116 906 1445 983 omnibus
1506 916 1581 981 et
1640 907 1932 1005 singulis
1991 912 2431 1006 quomodoli-

332 1022 457 1097 bet
508 1026 855 1100 interesse
908 1026 1279 1113 habentes,
1317 1026 1433 1099 vel
1466 1024 1728 1100 habere
1764 1038 2094 1122 putantes
2127 1040 2202 1101 et
2223 1051 2434 1124 pree-

334 1142 709 1217 tendentes
759 1143 1265 1240 cujuscumque
1330 1143 1718 1241 qualitatis,
1757 1154 2013 1231 status,
2049 1146 2304 1241 gradus
2357 1159 2434 1220 et

328 1258 749 1333 conditionis
800 1272 877 1333 et
926 1261 1297 1357 dignitatis
1348 1260 1662 1333 existant
1687 1260 1773 1334 ed
1801 1261 1874 1334 id
1907 1262 2166 1349 vocati,
2203 1262 2427 1348 citati,

328 1392 407 1451 et
466 1380 684 1453 auditi
748 1402 889 1455 non
952 1379 1245 1466 fuerint,
1300 1402 1385 1453 ae
1440 1379 1698 1453 iisdem
1747 1380 2240 1474 praesentibus
2289 1404 2430 1456 non

330 1497 814 1569 consenserint
851 1547 874 1583 ,
958 1516 1041 1568 ac
1102 1516 1357 1571 causae
1396 1546 1419 1582 ‚
1472 1507 1764 1591 propter
1814 1518 1990 1593 quas
2041 1499 2432 1593 ptaemissa

332 1613 567 1687 omnia
627 1625 702 1687 et
760 1614 1039 1710 singula
1110 1614 1623 1700 emanaverint,
1679 1614 1974 1687 minime
2025 1614 2140 1687 vel
2189 1615 2430 1693 minus

326 1730 757 1804 sufficienter
816 1733 1261 1804 examinatae
1323 1728 1587 1803 fuerint
1620 1782 1645 1817 ,
1701 1743 1778 1803 et
1829 1754 1922 1803 ex
1983 1752 2430 1830 quacumque

328 1848 463 1921 alia
514 1870 725 1923 eausa
787 1850 1239 1947 quantumvis
1273 1848 1585 1945 legitima
1639 1851 1784 1946 pia,
1839 1850 2308 1947 privilegiata,
2347 1872 2430 1928 ae

332 1966 617 2062 speciali
678 1978 847 2042 note
906 1968 1115 2065 digna
1150 1967 1573 2063 impugnari,
1615 1966 2006 2054 invalidari,
2063 1968 2427 2058 retardari,

328 2084 611 2183 infringi
662 2099 788 2161 aut
822 2088 1079 2164 irritari
1119 2139 1142 2174 ,
1197 2110 1323 2161 seu
1384 2087 1472 2159 ad
1538 2086 1726 2159 viam
1788 2096 1862 2160 et
1925 2087 2262 2161 terminos
2309 2088 2430 2185 ju-

327 2203 425 2275 ris
460 2205 727 2293 reduci,
770 2207 1105 2279 adversus
1157 2205 1311 2277 illas
1360 2204 1503 2279 oris
1554 2204 2044 2301 aperitionem,
2085 2217 2208 2281 aut
2239 2206 2433 2283 aliud

326 2322 822 2419 quodcumque
866 2322 1044 2419 juris
1126 2312 1236 2397 vel
1291 2320 1459 2396 faeti
1536 2321 1926 2397 remedium
1968 2373 1988 2409 ,
2069 2324 2286 2397 etiam
2337 2346 2429 2397 ex

330 2441 567 2537 capite
618 2441 945 2518 laesionis
996 2444 1457 2539 quantumvis
1528 2440 1838 2515 enormis
1897 2441 2008 2515 vel
2069 2444 2429 2517 enormis—-

328 2558 549 2633 simae
608 2558 997 2655 impetrari,
1056 2581 1139 2632 ao
1198 2559 1416 2633 etiam
1468 2568 1674 2632 motu
1725 2566 1800 2629 et
1852 2560 2226 2652 potestatis
2287 2560 2430 2655 ple-

328 2677 647 2755 nitudine
698 2679 987 2775 peribus
1044 2702 1174 2777 per
1235 2698 1718 2777 quoscumque
1789 2676 2154 2753 Romanos
2225 2676 2428 2753 Pon-

328 2794 547 2871 tifices
596 2794 1179 2873 Preedeeessores
1231 2796 1523 2871 Nostros
1586 2794 2120 2891 quomodolibet
2181 2808 2430 2897 eontra

328 2914 713 3009 praemissa
764 2936 1177 2989 conoessum
1232 2912 1607 3010 acceptari,
1648 2933 1734 2985 ae
1769 2910 1842 2983 in
1887 2911 2150 3009 judicio
2186 2922 2264 2985 et
2297 2934 2430 2987 ex-

334 3040 441 3102 tra
492 3029 662 3106 illud
698 3031 1002 3129 allegari,
1036 3029 1313 3117 deduci,
1352 3041 1478 3105 aut
1512 3028 1684 3101 alias
1719 3027 1836 3103 illo
1873 3029 2434 3125 quomodocum-

330 3171 469 3246 que
506 3152 781 3225 utinen
809 3174 1041 3247 posse,
1082 3150 1253 3249 quin
1289 3148 1511 3223 immo
1540 3147 1780 3222 omnia
1815 3158 1888 3220 et
1921 3145 2192 3241 singula
2228 3170 2436 3243 prae-

328 3266 545 3341 missa
596 3287 880 3364 semper
930 3261 1005 3342 et'
1058 3278 1430 3364 perpetuo,
1465 3262 1698 3348 firma,
1739 3261 1964 3336 valida
2015 3277 2092 3337 et
2125 3262 2429 3337 efficacia

324 3383 629 3457 existere
676 3407 983 3481 suosque
1034 3383 1386 3480 plenarios
1412 3391 1491 3454 et
1524 3380 1836 3475 integros
1873 3376 2164 3453 effectus
2191 3379 2426 3453 sortiri

325 3512 402 3574 et
450 3500 793 3591 obtinere,
834 3503 1089 3600 illaque
1138 3500 1275 3575 sub
1329 3498 1892 3597 quibuscumque
1929 3496 2264 3572 similium
2316 3496 2426 3571 vel

324 3618 768 3695 dissimilium
804 3621 1192 3717 gratiarum
1254 3616 1818 3692 revocationibus
1860 3666 1880 3701 ,
1944 3614 2432 3711 suspensioni-.-

324 3732 483 3824 bus,
514 3736 1076 3823 limitationibus,
1104 3736 1363 3832 deroga
1374 3732 1708 3821 tionibus,
1721 3743 1846 3805 aut
1869 3731 2024 3806 aliis
2057 3732 2424 3805 contrariis

320 3853 897 3951 dispositionibus
926 3856 1145 3931 etiam
1202 3847 1830 3928 Consistorialibns
1877 3848 2174 3925 minime
2226 3867 2432 3921 eom·

322 3974 687 4070 prehendi,
724 3997 857 4048 nee
890 3971 1403 4069 comprehensa
1440 3970 1674 4067 aliquo
1713 3968 1930 4043 modo
1964 3966 2268 4050 censeri,
2307 3964 2433 4039 sed

322 4114 605 4190 semper
622 4093 711 4166 ab
739 4092 871 4167 illis
900 4092 1237 4189 exeipi,et
1262 4091 1539 4188 quoties
1567 4087 1724 4161 illae
1751 4082 2426 4171 emanebunt,toties

322 4208 393 4285 in
414 4208 791 4311 pristinum
821 4222 895 4286 et
929 4209 1436 4284 validissimum
1463 4216 1730 4280 statum
1758 4199 2424 4303 restituta‚reposita
