3317 5267
957 588 1205 681 PIUS
1264 590 1566 679 PAPA
1626 582 1784 679 lx.
2283 482 2366 553 Η
2387 483 2429 553 ⁷

887 972 961 1017 u)
1002 973 1333 1021 runnu!
1374 974 1465 1019 RB!
1506 972 1818 1019 uuonan

296 1310 470 1471 Ad
534 1394 951 1475 universalis
1013 1392 1372 1471 Ecclesiae
1435 1398 1782 1495 regimen,
1841 1392 1990 1469 Deo
2043 1394 2143 1469 sic
2200 1395 2430 1495 dispo-

288 1524 533 1599 nente,
589 1512 850 1601 vocati,
908 1534 1040 1609 pro
1089 1514 1453 1609 pastorali,
1522 1538 1666 1613 qua
1727 1534 2089 1611 urgemur,
2153 1511 2428 1588 sollici-

290 1630 535 1705 tudine
595 1630 787 1705 haud
856 1632 1471 1727 praetermisimus
1542 1633 1630 1707 ad
1700 1632 2064 1729 religiosas
2139 1654 2421 1729 quoque

289 1746 591 1824 familias
646 1751 909 1825 mentis
960 1751 1213 1839 aciem,
1268 1752 1627 1848 animique
1666 1772 1874 1824 curas
1910 1748 2302 1837 intendere,
2343 1760 2422 1823 ut

287 1888 438 1952 eae,
468 1866 557 1941 de
583 1866 961 1943 christiana
1016 1881 1091 1943 et
1140 1869 1329 1943 civili
1386 1867 1744 1965 republica
1797 1866 2068 1963 optime
2097 1868 2418 1953 meritae,

285 1982 372 2056 ad
446 1984 829 2079 pristinum
899 1986 1347 2083 splendorem
1422 1997 1960 2073 revocarentur,
2032 1996 2108 2059 et
2176 1985 2422 2059 incre-

282 2112 609 2175 mentum
662 2104 1099 2200 acciperent.
1158 2102 1387 2179 Probe
1440 2117 1682 2177 autem
1721 2102 2141 2201 agnovimus
2171 2102 2424 2177 tristis-

282 2219 483 2293 simis
536 2220 731 2295 hisce
784 2220 1255 2318 temporibus,
1312 2220 1576 2319 quibus
1626 2221 1893 2295 inimici
1933 2218 2175 2295 Crucis
2213 2218 2422 2294 Chri-

283 2337 377 2411 sti
428 2337 741 2413 humana
790 2339 1170 2437 divinaque
1225 2341 1465 2414 omnia
1518 2339 2007 2437 pessumdare,
2066 2362 2148 2413 ac
2183 2360 2422 2414 mores

280 2468 683 2553 pervertere
734 2458 1053 2547 student,
1112 2460 1503 2533 maximam
1556 2457 2026 2533 adhibendam
2081 2481 2238 2533 esse
2290 2481 2419 2531 cu-

278 2596 431 2647 ram
474 2628 493 2663 ,
559 2574 1103 2652 sollicitudinem
1150 2628 1173 2663 ,
1238 2576 1678 2673 diligentiam
1742 2574 1831 2648 ad
1884 2598 2132 2649 eorum
2191 2575 2416 2671 spiri—

280 2702 463 2779 tum,
528 2692 633 2766 uti
696 2716 823 2788 par
882 2705 1018 2780 cst,
1084 2692 1559 2789 probandum,
1624 2692 1748 2795 qui
1825 2704 1994 2767 vota
2065 2692 2412 2767 solemnia

280 2805 429 2885 Deo
481 2833 887 2909 nuncupare
940 2810 1333 2907 postulant,
1389 2835 1479 2885 ne
1542 2812 1702 2908 quis
1769 2811 2224 2899 admittatur,
2290 2813 2414 2909 qui

276 2928 535 3014 saeculi
588 2929 1006 3024 contagione
1060 2925 1370 3023 pollutus
1424 2928 1732 3001 electum
1802 2924 2066 3000 Christi
2127 2950 2415 3027 gregem

278 3042 570 3132 inficiat3
626 3044 737 3119 vel
786 3064 995 3117 verae
1050 3042 1443 3115 vocationis
1495 3064 1778 3138 expers,
1819 3044 2272 3142 susceptique
2301 3044 2412 3117 ln·-

272 3160 505 3234 stituti
560 3172 927 3257 pertaesus
980 3178 1273 3255 gravem
1340 3158 1696 3233 sodalibus
1762 3160 2166 3234 molestiam
2232 3160 2415 3235 infe-

274 3290 389 3349 rat
440 3300 603 3351 cum
655 3277 1066 3373 disciplinae
1121 3272 1688 3372 perturbatione,
1746 3288 1822 3351 et
1875 3276 2219 3373 regularis
2282 3276 2414 3353 ob-

274 3398 669 3471 servantiae
720 3397 1149 3471 discrimine.
1209 3394 1496 3485 IccircO,
1552 3397 1794 3472 audito
1848 3414 2018 3472 voto
2057 3394 2208 3471 VV.
2268 3398 2406 3473 FF.

274 3512 421 3587 NN.
500 3512 573 3589 S.
655 3512 743 3587 R.
822 3512 909 3589 E.
988 3512 1467 3589 Cal-dinalium
1540 3510 2126 3611 Congregationis
2198 3538 2412 3612 super

274 3643 467 3705 statu
525 3630 979 3729 Regularium
1039 3631 1373 3705 nonnulla
1424 3631 1556 3705 hac
1618 3654 1836 3727 super
1896 3652 1972 3705 rc
2037 3632 2408 3707 mandavi-

274 3772 433 3823 mus
508 3750 618 3824 edi
690 3750 998 3837 decreta,
1078 3752 1261 3824 inter
1331 3773 1510 3849 quae
1585 3748 1752 3822 illud
1825 3750 2241 3844 praesertim
2333 3752 2406 3825 in

271 3889 607 3962 praesens
680 3868 1385 3945 commemorandum
1462 3879 1597 3957 est,
1677 3868 1862 3964 quod
1925 3890 2050 3963 per
2102 3864 2406 3943 Litteras

272 3983 659 4080 encyclicas
711 3986 823 4058 die
882 3982 1043 4059 XIX
1100 3982 1329 4059 Martii
1386 3980 1885 4057 MDcchvn
1941 4006 1980 4055 a
2024 3980 2199 4056 Ven.
2241 3982 2404 4057 Fra-

273 4114 383 4175 tre
458 4100 1001 4203 Archiepiscopo
1081 4102 1515 4201 Philippensi
1588 4112 2028 4175 memoratae
2105 4100 2400 4177 Nostrae

272 4220 848 4321 Congregationis
917 4224 1310 4299 Secretario
1372 4224 1686 4319 signatas
1748 4216 2181 4317 publicatum
2256 4232 2391 4295 est.
