3317 5267
2302 430 2449 501 209

333 554 578 622 auctor
629 542 1004 641 congessit,
1059 551 1140 615 ut
1195 536 1632 637 respuendus
1670 540 1919 637 potius
1954 551 2171 639 atque
2204 564 2451 641 asper-

331 663 632 749 nandus,
671 682 887 757 quam
921 657 1334 733 refutandus
1383 656 1586 731 videa
1597 669 1749 731 tur.
1806 657 1983 733 illud
2036 670 2277 735 tamen
2314 683 2459 736 nou

329 794 446 855 est
497 780 888 866 ferendum,
943 777 1148 874 quod·
1173 798 1258 851 eo
1294 775 1624 851 audaciae
1666 788 1881 874 atque
1922 777 2309 874 impietatis
2333 779 2450 855 de-

333 896 634 983 venerit,
689 906 772 971 ut
822 905 1286 992 posteaquam
1323 914 1604 969 sacrum
1639 894 2066 991 civilemque
2094 878 2451 971 Ecclesiae

328 1012 700 1091 Romanae
752 1012 1226 1109 principatum
1279 1010 1620 1106 impetere
1674 1033 1815 1087 non
1850 1013 1947 1084 sit
1987 1012 2282 1099 veritus,
2319 1034 2451 1108 pe-

328 1132 666 1225 culiarem
721 1127 1102 1227 quamdam
1129 1126 1436 1225 novique
1469 1128 1747 1223 generis
1784 1126 1920 1199 sibi
1953 1126 2173 1223 fingat
2200 1127 2453 1203 Eccle-

331 1246 508 1321 siam
561 1247 633 1319 in
687 1243 1072 1321 Galliarum
1119 1243 1422 1341 Imperio
1477 1266 1566 1315 ex
1619 1243 1805 1318 illius
1857 1244 2215 1317 sententia
2250 1246 2446 1321 exci-

333 1366 648 1455 tandam,
686 1386 868 1463 quae
893 1364 984 1439 ah
1010 1364 1432 1441 auctoritate
1465 1362 1767 1435 Romani
1795 1358 2160 1439 Pontificis
2182 1362 2452 1439 suhdu-

329 1498 447 1560 cta
499 1485 594 1558 sit
626 1484 974 1582 planeque
1004 1481 1254 1557 divisa.
1295 1480 1372 1555 ld
1405 1503 1616 1577 porro
1653 1480 1825 1577 quid
1858 1490 1973 1555 est
2008 1479 2195 1557 aliud
2230 1502 2446 1579 quam

331 1602 720 1680 distrahere
773 1624 856 1677 ac
909 1598 1356 1699 proscindere
1405 1595 1813 1673 Catholicae
1864 1597 2224 1693 Ecclesiae
2276 1600 2452 1675 uni-

332 1719 610 1815 tatem?
639 1720 912 1819 Deque
937 1714 1224 1816 quidem
1250 1717 1642 1793 necessaria
1678 1717 1953 1793 unitate
1988 1719 2089 1792 ita
2126 1716 2449 1793 Christus

326 1838 690 1915 Dominus
743 1838 832 1911 ad
886 1834 1172 1913 Patrem
1211 1860 1230 1907 ε
1295 1860 1329 1906 ι(
1361 1833 1521 1910 Non
1573 1857 1703 1930 pro
1755 1834 1859 1907 eis
1910 1856 2083 1929 rogo
2134 1844 2444 1924 tantum,

337 1981 374 2027 n
437 1956 564 2031 sed
601 1978 729 2052 pro
765 1954 870 2028 eis
905 1954 1152 2041 etiam,
1197 1952 1322 2050 qui
1373 1950 1703 2027 credituri
1758 1960 1929 2025 sunt
1977 1973 2105 2046 per
2148 1951 2447 2027 verbum

337 2100 376 2145 i»
435 2096 680 2152 eorum
718 2074 792 2164 in
825 2094 970 2163 me,
1009 2082 1092 2147 ut
1127 2094 1378 2147 omnes
1430 2092 1652 2145 unum
1690 2069 1863 2157 sint,
1902 2070 2089 2145 sicut
2124 2080 2203 2145 tu
2238 2070 2451 2147 Pater

341 2218 378 2265 »
436 2194 508 2268 in
541 2216 660 2269 me
693 2218 772 2270 es
807 2204 882 2266 et
915 2216 1048 2290 ego
1075 2192 1146 2265 in
1186 2203 1258 2265 te
1293 2218 1360 2261 ».
1405 2187 1618 2287 Atqui
1651 2189 1865 2265 huius
1900 2190 2199 2266 unitatis
2238 2191 2345 2265 vis
2376 2201 2451 2269 et

329 2313 511 2389 ratio
545 2312 836 2400 omnino
873 2310 1212 2407 postulat,
1253 2320 1338 2383 ut
1373 2319 1745 2403 tamquam
1780 2305 2103 2381 membra
2138 2330 2307 2383 cum
2324 2332 2449 2387 ca-

331 2430 506 2527 pite,
533 2431 636 2505 sic
663 2430 977 2505 universi
1002 2450 1128 2525 per
1153 2425 1401 2505 orbem
1434 2424 1675 2499 fideles
1708 2444 1873 2499 cum
1906 2422 2233 2503 Romano
2268 2424 2447 2503 Pon·

333 2548 546 2637 tifice,
599 2549 734 2645 qui,
773 2546 1038 2623 Christi
1093 2546 1164 2622 iu
1220 2546 1424 2621 terris
1463 2543 1779 2619 vicarius
1814 2554 1951 2633 est,
1992 2546 2448 2642 coniungan-

321 2680 446 2743 tur
493 2676 570 2740 et
617 2666 1046 2744 coalescant.
1105 2662 1584 2755 Quamobrem
1664 2662 1751 2735 ad
1824 2658 2449 2741 Praedecessorem

327 2783 670 2861 Nostrum
695 2794 982 2861 sanetae
1009 2782 1394 2857 memoriae
1423 2779 1815 2855 Damasum
1840 2779 2198 2856 scribebat
2216 2778 2453 2857 Eccle-

323 2902 476 2977 siae
509 2902 756 2977 doctor
791 2900 1266 2997 Hieronymus
1301 2924 1336 2969 α
1371 2897 1809 2973 Beatitudini
1836 2909 2001 2973 tuae
2028 2895 2163 2973 hoc
2188 2911 2301 2974 est
2328 2899 2453 2973 Pe-

339 3042 376 3089 »
438 3020 528 3093 tri
583 3016 970 3093 Cathedrae
1021 3014 1522 3093 communione
1576 3014 1971 3101 consocior,
2008 3036 2223 3111 supra
2258 3014 2450 3089 illam

337 3163 374 3207 x
433 3136 716 3214 Petram
755 3135 1194 3217 aedificatam
1220 3133 1620 3211 Ecclesiam
1653 3134 1831 3220 scio,
1865 3134 2297 3232 quicumque
2332 3158 2453 3208 ex-

347 3279 384 3325 »
443 3266 550 3330 tra
600 3256 782 3327 hanc
817 3253 1110 3337 domum
1145 3272 1406 3346 agnum
1441 3250 1833 3329 comederit
1870 3249 2205 3345 profanus
2229 3262 2345 3323 cst
2376 3276 2443 3321 ».

336 3369 702 3461 Quantam.
721 3392 900 3450 ,vero
935 3368 1310 3445 memorati
1339 3366 1558 3443 libelli
1591 3376 1839 3443 auctor
1876 3365 2089 3441 infert
2126 3367 2451 3441 iniuriam

336 3493 713 3590 perillustri
767 3490 1173 3587 Galliarum·
1204 3490 1424 3586 genti,
1482 3498 1731 3584 utpote
1782 3509 2001 3584 quam
2054 3485 2453 3568 Catholicae

339 3611 634 3685 unitatis
681 3609 1312 3686 retinentissimam
1355 3606 1825 3681 schismaticis
1856 3612 2070 3702 'putat
2100 3606 2455 3682 erroribus

337 3752 550 3825 posse
589 3723 982 3824 implicari!
1021 3723 1301 3813 Quanta
1338 3724 1524 3798 illius
1560 3722 1925 3797 temeritas
1963 3731 2098 3808 est,
2138 3722 2327 3817 quod
2364 3720 2453 3795 ab

341 3848 680 3946 obsequio
733 3868 814 3921 ac
846 3844 984 3919 fide
1014 3860 1184 3939 erga
1223 3842 1705 3939 Apostolicam
1742 3842 1995 3915 Sedem
2035 3838 2457 3911 abstrahen-

341 3964 512 4041 dum
564 3963 714 4041 fore
766 3960 1074 4040 confidat
1126 3956 1408 4035 Clerum
1483 3958 1683 4033 illum
1750 3968 1827 4031 et
1896 3955 2455 4050 spectatissimos

341 4082 756 4179 praesertim
813 4080 1210 4165 Antistites‚
1263 4080 1386 4176 qui
1438 4077 2013 4175 praedecessores
2068 4074 2253 4147 inter
2286 4095 2451 4150 suos

343 4199 716 4275 irenaeum
767 4209 1182 4275 recenseant
1233 4194 1721 4293 Lugdunensis
1782 4190 2137 4269 Ecclesiae
2188 4189 2457 4271 Pasto—
