<?xml version="1.0" encoding="UTF-8"?>
<!DOCTYPE html PUBLIC "-//W3C//DTD XHTML 1.0 Transitional//EN"
    "http://www.w3.org/TR/xhtml1/DTD/xhtml1-transitional.dtd">
<html xmlns="http://www.w3.org/1999/xhtml" xml:lang="en" lang="en">
 <head>
  <title>
</title>
<meta http-equiv="Content-Type" content="text/html;charset=utf-8" />
  <meta name='ocr-system' content='tesseract 3.04.00' />
  <meta name='ocr-capabilities' content='ocr_page ocr_carea ocr_par ocr_line ocrx_word'/>
</head>
<body>
  <div class='ocr_page' id='page_1' title='image "./piiixpontificis00ixgoog_0738.png"; bbox 0 0 3317 5267; ppageno 0'>
   <div class='ocr_carea' id='block_1_1' title="bbox 870 411 1043 480">
    <p class='ocr_par' dir='ltr' id='par_1_1' title="bbox 870 411 1043 480">
     <span class='ocr_line' id='line_1_1' title="bbox 870 411 1043 480; baseline 0 0"><span class='ocrx_word' id='word_1_1' title='bbox 870 411 1043 480; x_wconf 83' lang='lat'>728·</span> 
     </span>
    </p>
   </div>
   <div class='ocr_carea' id='block_1_2' title="bbox 817 517 2997 3448">
    <p class='ocr_par' dir='ltr' id='par_1_2' title="bbox 817 517 2997 3448">
     <span class='ocr_line' id='line_1_2' title="bbox 949 517 2831 589; baseline 0.001 -5"><span class='ocrx_word' id='word_1_2' title='bbox 949 518 1292 589; x_wconf 83' lang='lat' dir='ltr'>Sanctorum</span> <span class='ocrx_word' id='word_1_3' title='bbox 1333 517 1843 586; x_wconf 78' lang='lat' dir='ltr'>canonizationem</span> <span class='ocrx_word' id='word_1_4' title='bbox 1890 517 1965 589; x_wconf 86' lang='lat' dir='ltr'>Vl</span> <span class='ocrx_word' id='word_1_5' title='bbox 2005 517 2093 588; x_wconf 83' lang='lat' dir='ltr'>ld.</span> <span class='ocrx_word' id='word_1_6' title='bbox 2140 521 2285 588; x_wconf 88' lang='lat' dir='ltr'>iunii</span> <span class='ocrx_word' id='word_1_7' title='bbox 2356 519 2583 588; x_wconf 85' lang='lat' dir='ltr'>Romae</span> <span class='ocrx_word' id='word_1_8' title='bbox 2650 520 2831 588; x_wconf 86' lang='lat' dir='ltr'>cele-</span> 
     </span>
     <span class='ocr_line' id='line_1_3' title="bbox 951 612 2985 684; baseline 0.001 -6"><span class='ocrx_word' id='word_1_9' title='bbox 951 612 1202 678; x_wconf 87' lang='lat' dir='ltr'>bratam.</span> <span class='ocrx_word' id='word_1_10' title='bbox 1307 663 1322 678; x_wconf 88' lang='lat'>.</span> <span class='ocrx_word' id='word_1_11' title='bbox 2604 667 2618 684; x_wconf 92' lang='lat'><strong>.</strong></span> <span class='ocrx_word' id='word_1_12' title='bbox 2792 640 2823 679; x_wconf 66' lang='lat' dir='ltr'><strong>n</strong></span> <span class='ocrx_word' id='word_1_13' title='bbox 2870 615 2985 684; x_wconf 74' lang='lat'>463</span> 
     </span>
     <span class='ocr_line' id='line_1_4' title="bbox 870 679 2861 800; baseline 0.002 -23"><span class='ocrx_word' id='word_1_14' title='bbox 870 713 1126 780; x_wconf 77' lang='lat' dir='ltr'>Litterae</span> <span class='ocrx_word' id='word_1_15' title='bbox 1164 716 1542 796; x_wconf 73' lang='lat' dir='ltr'>apostolicae</span> <span class='ocrx_word' id='word_1_16' title='bbox 1579 679 1691 782; x_wconf 84' lang='lat' dir='ltr'>sub</span> <span class='ocrx_word' id='word_1_17' title='bbox 1732 716 1973 797; x_wconf 81' lang='lat' dir='ltr'>plumbo</span> <span class='ocrx_word' id='word_1_18' title='bbox 2016 715 2095 782; x_wconf 84' lang='lat' dir='ltr'>vt</span> <span class='ocrx_word' id='word_1_19' title='bbox 2133 716 2223 782; x_wconf 86' lang='lat' dir='ltr'>Id.</span> <span class='ocrx_word' id='word_1_20' title='bbox 2276 716 2517 782; x_wconf 85' lang='lat' dir='ltr'>lulias-</span> <span class='ocrx_word' id='word_1_21' title='bbox 2540 717 2861 800; x_wconf 73' lang='lat' dir='ltr'>[nfinitus</span> 
     </span>
     <span class='ocr_line' id='line_1_5' title="bbox 949 813 2833 924; baseline 0.001 -48"><span class='ocrx_word' id='word_1_22' title='bbox 949 827 1210 894; x_wconf 76' lang='lat' dir='ltr'>acpene</span> <span class='ocrx_word' id='word_1_23' title='bbox 1221 813 1640 893; x_wconf 66' lang='lat' dir='ltr'>incredibilis:-</span> <span class='ocrx_word' id='word_1_24' title='bbox 1680 813 1897 896; x_wconf 79' lang='lat' dir='ltr'>quibus</span> <span class='ocrx_word' id='word_1_25' title='bbox 1936 813 2280 894; x_wconf 80' lang='lat' dir='ltr'>vigintitres</span> <span class='ocrx_word' id='word_1_26' title='bbox 2322 815 2618 898; x_wconf 76' lang='lat' dir='ltr'>Martyres</span> <span class='ocrx_word' id='word_1_27' title='bbox 2658 815 2833 924; x_wconf 73' lang='lat' dir='ltr'>lnpo-</span> 
     </span>
     <span class='ocr_line' id='line_1_6' title="bbox 947 913 2831 995; baseline -0.001 -15"><span class='ocrx_word' id='word_1_28' title='bbox 947 929 1166 980; x_wconf 87' lang='lat' dir='ltr'>neuses</span> <span class='ocrx_word' id='word_1_29' title='bbox 1207 929 1280 980; x_wconf 85' lang='lat' dir='ltr'>ex</span> <span class='ocrx_word' id='word_1_30' title='bbox 1321 913 1545 982; x_wconf 80' lang='lat' dir='ltr'>Ordine</span> <span class='ocrx_word' id='word_1_31' title='bbox 1585 913 1897 995; x_wconf 77' lang='lat' dir='ltr'>seraphion</span> <span class='ocrx_word' id='word_1_32' title='bbox 1936 913 1999 978; x_wconf 89' lang='lat' dir='ltr'>S.</span> <span class='ocrx_word' id='word_1_33' title='bbox 2044 913 2335 980; x_wconf 74' lang='lat' dir='ltr'>Francisci</span> <span class='ocrx_word' id='word_1_34' title='bbox 2378 913 2693 980; x_wconf 80' lang='lat' dir='ltr'>Asisinatis</span> <span class='ocrx_word' id='word_1_35' title='bbox 2724 913 2831 980; x_wconf 90' lang='lat' dir='ltr'>in-</span> 
     </span>
     <span class='ocr_line' id='line_1_7' title="bbox 953 1006 2981 1082; baseline -0.001 -10"><span class='ocrx_word' id='word_1_36' title='bbox 953 1018 1044 1073; x_wconf 87' lang='lat' dir='ltr'>ter</span> <span class='ocrx_word' id='word_1_37' title='bbox 1079 1017 1319 1078; x_wconf 81' lang='lat' dir='ltr'>sanctos</span> <span class='ocrx_word' id='word_1_38' title='bbox 1359 1011 1604 1082; x_wconf 80' lang='lat' dir='ltr'>caelites</span> <span class='ocrx_word' id='word_1_39' title='bbox 1640 1011 1997 1080; x_wconf 80' lang='lat' dir='ltr'>referuntur.</span> <span class='ocrx_word' id='word_1_40' title='bbox 2049 1059 2062 1073; x_wconf 93' lang='lat'><strong>.</strong></span> <span class='ocrx_word' id='word_1_41' title='bbox 2232 1059 2247 1073; x_wconf 91' lang='lat'><strong>.</strong></span> <span class='ocrx_word' id='word_1_42' title='bbox 2416 1057 2432 1074; x_wconf 92' lang='lat'>.</span> <span class='ocrx_word' id='word_1_43' title='bbox 2600 1057 2615 1074; x_wconf 95' lang='lat'><strong><em>.</em></strong></span> <span class='ocrx_word' id='word_1_44' title='bbox 2782 1031 2812 1068; x_wconf 66' lang='grc' dir='ltr'>ι</span> <span class='ocrx_word' id='word_1_45' title='bbox 2862 1006 2981 1072; x_wconf 70' lang='lat' dir='ltr'>mo</span> 
     </span>
     <span class='ocr_line' id='line_1_8' title="bbox 872 1109 2829 1193; baseline -0.001 -19"><span class='ocrx_word' id='word_1_46' title='bbox 872 1109 1103 1174; x_wconf 82' lang='lat' dir='ltr'>Similes</span> <span class='ocrx_word' id='word_1_47' title='bbox 1131 1145 1156 1160; x_wconf 91' lang='lat'>-</span> <span class='ocrx_word' id='word_1_48' title='bbox 1181 1111 1464 1178; x_wconf 73' lang='lat' dir='ltr'>Societas</span> <span class='ocrx_word' id='word_1_49' title='bbox 1486 1112 1632 1178; x_wconf 73' lang='lat' dir='ltr'>losa</span> <span class='ocrx_word' id='word_1_50' title='bbox 1657 1147 1683 1162; x_wconf 87' lang='lat'><strong>·</strong></span> <span class='ocrx_word' id='word_1_51' title='bbox 1700 1113 1791 1180; x_wconf 88' lang='lat' dir='ltr'>De</span> <span class='ocrx_word' id='word_1_52' title='bbox 1810 1112 2267 1180; x_wconf 60' lang='lat' dir='ltr'>canonizatione</span> <span class='ocrx_word' id='word_1_53' title='bbox 2298 1111 2470 1178; x_wconf 87' lang='lat' dir='ltr'>trium</span> <span class='ocrx_word' id='word_1_54' title='bbox 2502 1111 2829 1193; x_wconf 70' lang='lat' dir='ltr'>Martyrum</span> 
     </span>
     <span class='ocr_line' id='line_1_9' title="bbox 949 1205 2987 1292; baseline -0.002 -14"><span class='ocrx_word' id='word_1_55' title='bbox 949 1207 1364 1292; x_wconf 67' lang='lat' dir='ltr'>lovenensium</span> <span class='ocrx_word' id='word_1_56' title='bbox 1407 1230 1444 1278; x_wconf 88' lang='lat' dir='ltr'>e</span> <span class='ocrx_word' id='word_1_57' title='bbox 1482 1213 1783 1281; x_wconf 84' lang='lat' dir='ltr'>societate</span> <span class='ocrx_word' id='word_1_58' title='bbox 1818 1212 1975 1280; x_wconf 86' lang='lat' dir='ltr'>lesu.</span> <span class='ocrx_word' id='word_1_59' title='bbox 2065 1259 2081 1276; x_wconf 90' lang='lat'><strong>.</strong></span> <span class='ocrx_word' id='word_1_60' title='bbox 2250 1257 2265 1280; x_wconf 82' lang='grc'><strong>,</strong></span> <span class='ocrx_word' id='word_1_61' title='bbox 2436 1255 2451 1273; x_wconf 92' lang='grc'><strong>.</strong></span> <span class='ocrx_word' id='word_1_62' title='bbox 2618 1255 2636 1274; x_wconf 93' lang='grc'><strong>.</strong></span> <span class='ocrx_word' id='word_1_63' title='bbox 2804 1235 2833 1266; x_wconf 71' lang='grc' dir='ltr'><strong><em>υ</em></strong></span> <span class='ocrx_word' id='word_1_64' title='bbox 2876 1205 2987 1270; x_wconf 77' lang='grc'>501</span> 
     </span>
     <span class='ocr_line' id='line_1_10' title="bbox 875 1303 2833 1393; baseline 0.001 -26"><span class='ocrx_word' id='word_1_65' title='bbox 875 1303 1173 1373; x_wconf 78' lang='lat' dir='ltr'>Similes-</span> <span class='ocrx_word' id='word_1_66' title='bbox 1203 1307 1280 1372; x_wconf 77' lang='lat' dir='ltr'>In</span> <span class='ocrx_word' id='word_1_67' title='bbox 1305 1309 1424 1376; x_wconf 79' lang='lat' dir='ltr'>Dei</span> <span class='ocrx_word' id='word_1_68' title='bbox 1441 1311 1825 1393; x_wconf 63' lang='lat' dir='ltr'>proximique</span> <span class='ocrx_word' id='word_1_69' title='bbox 1850 1329 2103 1378; x_wconf 77' lang='lat' dir='ltr'>amoro-</span> <span class='ocrx_word' id='word_1_70' title='bbox 2076 1309 2207 1377; x_wconf 88' lang='lat' dir='ltr'>-De</span> <span class='ocrx_word' id='word_1_71' title='bbox 2232 1307 2690 1376; x_wconf 75' lang='lat' dir='ltr'>canonizatione</span> <span class='ocrx_word' id='word_1_72' title='bbox 2714 1304 2833 1372; x_wconf 72' lang='lat' dir='ltr'>Mi-</span> 
     </span>
     <span class='ocr_line' id='line_1_11' title="bbox 951 1399 2837 1486; baseline 0 -22"><span class='ocrx_word' id='word_1_73' title='bbox 951 1399 1176 1468; x_wconf 82' lang='lat' dir='ltr'>chaelis</span> <span class='ocrx_word' id='word_1_74' title='bbox 1213 1403 1304 1470; x_wconf 88' lang='lat' dir='ltr'>De</span> <span class='ocrx_word' id='word_1_75' title='bbox 1341 1406 1574 1473; x_wconf 84' lang='lat' dir='ltr'>Sanctis</span> <span class='ocrx_word' id='word_1_76' title='bbox 1617 1405 1763 1473; x_wconf 88' lang='lat' dir='ltr'>Ord.</span> <span class='ocrx_word' id='word_1_77' title='bbox 1808 1407 1911 1472; x_wconf 84' lang='lat' dir='ltr'>SS.</span> <span class='ocrx_word' id='word_1_78' title='bbox 1945 1404 2259 1472; x_wconf 77' lang='lat' dir='ltr'>Trinitatis</span> <span class='ocrx_word' id='word_1_79' title='bbox 2292 1401 2592 1486; x_wconf 81' lang='lat' dir='ltr'>rigidioris</span> <span class='ocrx_word' id='word_1_80' title='bbox 2620 1401 2837 1468; x_wconf 85' lang='lat' dir='ltr'>Obser-</span> 
     </span>
     <span class='ocr_line' id='line_1_12' title="bbox 951 1492 2987 1583; baseline 0 -23"><span class='ocrx_word' id='word_1_81' title='bbox 951 1498 1195 1567; x_wconf 80' lang='lat' dir='ltr'>vantiae</span> <span class='ocrx_word' id='word_1_82' title='bbox 1233 1517 1344 1581; x_wconf 89' lang='lat' dir='ltr'>pro</span> <span class='ocrx_word' id='word_1_83' title='bbox 1379 1501 1640 1583; x_wconf 78' lang='lat' dir='ltr'>captivis</span> <span class='ocrx_word' id='word_1_84' title='bbox 1670 1502 2261 1583; x_wconf 80' lang='lat' dir='ltr'>recuperandis..</span> <span class='ocrx_word' id='word_1_85' title='bbox 2430 1545 2447 1560; x_wconf 90' lang='lat'><strong>.</strong></span> <span class='ocrx_word' id='word_1_86' title='bbox 2798 1523 2827 1552; x_wconf 75' lang='grc' dir='ltr'>ι</span> <span class='ocrx_word' id='word_1_87' title='bbox 2870 1492 2987 1556; x_wconf 77' lang='lat'>516</span> 
     </span>
     <span class='ocr_line' id='line_1_13' title="bbox 873 1593 2823 1681; baseline 0.004 -25"><span class='ocrx_word' id='word_1_88' title='bbox 873 1593 1140 1676; x_wconf 79' lang='lat' dir='ltr'>Epistola</span> <span class='ocrx_word' id='word_1_89' title='bbox 1179 1597 1258 1662; x_wconf 84' lang='lat' dir='ltr'>ad</span> <span class='ocrx_word' id='word_1_90' title='bbox 1317 1598 1811 1681; x_wconf 75' lang='lat' dir='ltr'>archiepiscopos</span> <span class='ocrx_word' id='word_1_91' title='bbox 1853 1599 2015 1666; x_wconf 87' lang='lat' dir='ltr'>Neo·</span> <span class='ocrx_word' id='word_1_92' title='bbox 2016 1597 2453 1665; x_wconf 84' lang='lat' dir='ltr'>Eboracensem</span> <span class='ocrx_word' id='word_1_93' title='bbox 2514 1601 2577 1660; x_wconf 89' lang='lat' dir='ltr'>et</span> <span class='ocrx_word' id='word_1_94' title='bbox 2614 1593 2823 1662; x_wconf 73' lang='lat' dir='ltr'>Novae</span> 
     </span>
     <span class='ocr_line' id='line_1_14' title="bbox 949 1690 2825 1764; baseline 0 -8"><span class='ocrx_word' id='word_1_95' title='bbox 949 1693 1284 1762; x_wconf 75' lang='lat' dir='ltr'>Aureliae·</span> <span class='ocrx_word' id='word_1_96' title='bbox 1315 1695 1727 1764; x_wconf 55' lang='lat' dir='ltr'>Grauissima</span> <span class='ocrx_word' id='word_1_97' title='bbox 1766 1697 1990 1762; x_wconf 72' lang='lat' dir='ltr'>inter-</span> <span class='ocrx_word' id='word_1_98' title='bbox 2016 1696 2117 1764; x_wconf 84' lang='lat' dir='ltr'>die</span> <span class='ocrx_word' id='word_1_99' title='bbox 2158 1693 2233 1764; x_wconf 83' lang='lat'>18</span> <span class='ocrx_word' id='word_1_100' title='bbox 2262 1693 2547 1758; x_wconf 79' lang='lat' dir='ltr'>octobris.</span> <span class='ocrx_word' id='word_1_101' title='bbox 2580 1690 2701 1758; x_wconf 81' lang='lat' dir='ltr'>Eos</span> <span class='ocrx_word' id='word_1_102' title='bbox 2728 1709 2825 1756; x_wconf 73' lang='lat' dir='ltr'>ex·</span> 
     </span>
     <span class='ocr_line' id='line_1_15' title="bbox 951 1787 2827 1878; baseline 0 -24"><span class='ocrx_word' id='word_1_103' title='bbox 951 1787 1115 1866; x_wconf 84' lang='lat' dir='ltr'>citat,</span> <span class='ocrx_word' id='word_1_104' title='bbox 1161 1801 1226 1856; x_wconf 92' lang='lat' dir='ltr'>ut</span> <span class='ocrx_word' id='word_1_105' title='bbox 1267 1810 1373 1874; x_wconf 88' lang='lat' dir='ltr'>pro</span> <span class='ocrx_word' id='word_1_106' title='bbox 1413 1795 1741 1878; x_wconf 83' lang='lat' dir='ltr'>episcopali</span> <span class='ocrx_word' id='word_1_107' title='bbox 1782 1791 2035 1876; x_wconf 81' lang='lat' dir='ltr'>quisque</span> <span class='ocrx_word' id='word_1_108' title='bbox 2072 1809 2181 1864; x_wconf 88' lang='lat' dir='ltr'>suo</span> <span class='ocrx_word' id='word_1_109' title='bbox 2224 1791 2423 1856; x_wconf 88' lang='lat' dir='ltr'>studio</span> <span class='ocrx_word' id='word_1_110' title='bbox 2452 1791 2691 1857; x_wconf 82' lang='lat' dir='ltr'>clerum</span> <span class='ocrx_word' id='word_1_111' title='bbox 2714 1807 2827 1871; x_wconf 90' lang='lat' dir='ltr'>po-</span> 
     </span>
     <span class='ocr_line' id='line_1_16' title="bbox 951 1891 2833 1976; baseline 0.001 -20"><span class='ocrx_word' id='word_1_112' title='bbox 951 1891 1278 1976; x_wconf 84' lang='lat' dir='ltr'>pulumque</span> <span class='ocrx_word' id='word_1_113' title='bbox 1317 1895 1550 1966; x_wconf 78' lang='lat' dir='ltr'>fidelem</span> <span class='ocrx_word' id='word_1_114' title='bbox 1591 1898 1669 1966; x_wconf 73' lang='lat' dir='ltr'>ad</span> <span class='ocrx_word' id='word_1_115' title='bbox 1710 1893 2101 1968; x_wconf 69' lang='lat' dir='ltr'>effundendas</span> <span class='ocrx_word' id='word_1_116' title='bbox 2142 1911 2349 1976; x_wconf 81' lang='lat' dir='ltr'>preces</span> <span class='ocrx_word' id='word_1_117' title='bbox 2416 1894 2639 1958; x_wconf 83' lang='lat' dir='ltr'>excitet</span> <span class='ocrx_word' id='word_1_118' title='bbox 2660 1939 2677 1964; x_wconf 82' lang='lat'><strong>.</strong></span> <span class='ocrx_word' id='word_1_119' title='bbox 2753 1909 2833 1958; x_wconf 85' lang='lat' dir='ltr'>o·-</span> 
     </span>
     <span class='ocr_line' id='line_1_17' title="bbox 952 1986 2843 2098; baseline -0.001 -48"><span class='ocrx_word' id='word_1_120' title='bbox 952 2005 1270 2070; x_wconf 86' lang='lat' dir='ltr'>mnemque</span> <span class='ocrx_word' id='word_1_121' title='bbox 1297 2005 1540 2073; x_wconf 85' lang='lat' dir='ltr'>operam</span> <span class='ocrx_word' id='word_1_122' title='bbox 1571 1999 1761 2073; x_wconf 82' lang='lat' dir='ltr'>ponat</span> <span class='ocrx_word' id='word_1_123' title='bbox 1788 2007 1975 2073; x_wconf 87' lang='lat' dir='ltr'>penes</span> <span class='ocrx_word' id='word_1_124' title='bbox 2000 2005 2311 2098; x_wconf 83' lang='lat' dir='ltr'>supremos</span> <span class='ocrx_word' id='word_1_125' title='bbox 2352 1986 2759 2056; x_wconf 77' lang='lat' dir='ltr'>moderatores</span> <span class='ocrx_word' id='word_1_126' title='bbox 2778 1997 2843 2051; x_wconf 88' lang='lat' dir='ltr'>et</span> 
     </span>
     <span class='ocr_line' id='line_1_18' title="bbox 955 2084 2833 2171; baseline -0.001 -23"><span class='ocrx_word' id='word_1_127' title='bbox 955 2084 1230 2166; x_wconf 87' lang='lat' dir='ltr'>populos,</span> <span class='ocrx_word' id='word_1_128' title='bbox 1277 2093 1342 2152; x_wconf 83' lang='lat' dir='ltr'>ut</span> <span class='ocrx_word' id='word_1_129' title='bbox 1381 2105 1498 2171; x_wconf 84' lang='lat' dir='ltr'>pax</span> <span class='ocrx_word' id='word_1_130' title='bbox 1539 2096 1602 2156; x_wconf 90' lang='lat' dir='ltr'>et</span> <span class='ocrx_word' id='word_1_131' title='bbox 1643 2088 2041 2171; x_wconf 83' lang='lat' dir='ltr'>tranquillitas</span> <span class='ocrx_word' id='word_1_132' title='bbox 2084 2086 2157 2150; x_wconf 88' lang='lat' dir='ltr'>iis</span> <span class='ocrx_word' id='word_1_133' title='bbox 2198 2085 2260 2152; x_wconf 91' lang='lat' dir='ltr'>in</span> <span class='ocrx_word' id='word_1_134' title='bbox 2280 2084 2627 2167; x_wconf 81' lang='lat' dir='ltr'>regionibus</span> <span class='ocrx_word' id='word_1_135' title='bbox 2656 2084 2833 2148; x_wconf 88' lang='lat' dir='ltr'>resti-</span> 
     </span>
     <span class='ocr_line' id='line_1_19' title="bbox 955 2182 2996 2252; baseline -0.001 -5"><span class='ocrx_word' id='word_1_136' title='bbox 955 2191 1173 2250; x_wconf 86' lang='lat' dir='ltr'>tuatur.</span> <span class='ocrx_word' id='word_1_137' title='bbox 1332 2233 1348 2250; x_wconf 90' lang='lat'><strong>.</strong></span> <span class='ocrx_word' id='word_1_138' title='bbox 1516 2236 1532 2252; x_wconf 91' lang='lat'><strong>.</strong></span> <span class='ocrx_word' id='word_1_139' title='bbox 2436 2231 2451 2246; x_wconf 94' lang='lat'><em>.</em></span> <span class='ocrx_word' id='word_1_140' title='bbox 2621 2231 2636 2246; x_wconf 92' lang='lat'>.</span> <span class='ocrx_word' id='word_1_141' title='bbox 2803 2205 2833 2242; x_wconf 72' lang='grc' dir='ltr'>ι</span> <span class='ocrx_word' id='word_1_142' title='bbox 2878 2182 2996 2248; x_wconf 79' lang='grc'>530</span> 
     </span>
     <span class='ocr_line' id='line_1_20' title="bbox 875 2279 2844 2369; baseline 0.001 -24"><span class='ocrx_word' id='word_1_143' title='bbox 875 2281 1134 2348; x_wconf 84' lang='lat' dir='ltr'>Litterae</span> <span class='ocrx_word' id='word_1_144' title='bbox 1173 2285 1554 2366; x_wconf 77' lang='lat' dir='ltr'>Apostolicae</span> <span class='ocrx_word' id='word_1_145' title='bbox 1573 2287 1687 2352; x_wconf 86' lang='lat' dir='ltr'>sub</span> <span class='ocrx_word' id='word_1_146' title='bbox 1718 2287 2011 2369; x_wconf 80' lang='lat' dir='ltr'>plumbo·</span> <span class='ocrx_word' id='word_1_147' title='bbox 2034 2283 2275 2350; x_wconf 76' lang='lat' dir='ltr'>Maiori</span> <span class='ocrx_word' id='word_1_148' title='bbox 2306 2279 2844 2364; x_wconf 64' lang='lat' dir='ltr'>senogalliensis-</span> 
     </span>
     <span class='ocr_line' id='line_1_21' title="bbox 955 2377 2843 2464; baseline 0.001 -24"><span class='ocrx_word' id='word_1_149' title='bbox 955 2377 1005 2440; x_wconf 83' lang='lat'>11</span> <span class='ocrx_word' id='word_1_150' title='bbox 1048 2378 1164 2446; x_wconf 86' lang='lat' dir='ltr'>kal.</span> <span class='ocrx_word' id='word_1_151' title='bbox 1209 2380 1526 2448; x_wconf 88' lang='lat' dir='ltr'>Decembr.</span> <span class='ocrx_word' id='word_1_152' title='bbox 1566 2383 1797 2460; x_wconf 84' lang='lat' dir='ltr'>Quibus</span> <span class='ocrx_word' id='word_1_153' title='bbox 1854 2383 2223 2464; x_wconf 73' lang='lat' dir='ltr'>abrogentur</span> <span class='ocrx_word' id='word_1_154' title='bbox 2264 2379 2469 2444; x_wconf 87' lang='lat' dir='ltr'>omnia</span> <span class='ocrx_word' id='word_1_155' title='bbox 2520 2396 2629 2460; x_wconf 89' lang='lat' dir='ltr'>per</span> <span class='ocrx_word' id='word_1_156' title='bbox 2696 2395 2843 2450; x_wconf 86' lang='lat' dir='ltr'>non·</span> 
     </span>
     <span class='ocr_line' id='line_1_22' title="bbox 955 2475 2835 2566; baseline -0.001 -26"><span class='ocrx_word' id='word_1_157' title='bbox 955 2475 1149 2540; x_wconf 86' lang='lat' dir='ltr'>nullas</span> <span class='ocrx_word' id='word_1_158' title='bbox 1187 2480 1562 2566; x_wconf 79' lang='lat' dir='ltr'>Apostolicas</span> <span class='ocrx_word' id='word_1_159' title='bbox 1599 2481 1858 2546; x_wconf 85' lang='lat' dir='ltr'>Litteras</span> <span class='ocrx_word' id='word_1_160' title='bbox 1902 2490 1963 2546; x_wconf 93' lang='lat' dir='ltr'>et</span> <span class='ocrx_word' id='word_1_161' title='bbox 2000 2477 2476 2562; x_wconf 82' lang='lat' dir='ltr'>Chirographum</span> <span class='ocrx_word' id='word_1_162' title='bbox 2517 2493 2553 2540; x_wconf 84' lang='lat' dir='ltr'>a</span> <span class='ocrx_word' id='word_1_163' title='bbox 2598 2475 2835 2540; x_wconf 86' lang='lat' dir='ltr'>Sancti-</span> 
     </span>
     <span class='ocr_line' id='line_1_23' title="bbox 957 2576 2837 2662; baseline 0.001 -25"><span class='ocrx_word' id='word_1_164' title='bbox 957 2582 1080 2640; x_wconf 83' lang='lat' dir='ltr'>tate</span> <span class='ocrx_word' id='word_1_165' title='bbox 1107 2579 1224 2642; x_wconf 87' lang='lat' dir='ltr'>Sua</span> <span class='ocrx_word' id='word_1_166' title='bbox 1271 2580 1526 2662; x_wconf 86' lang='lat' dir='ltr'>propriis</span> <span class='ocrx_word' id='word_1_167' title='bbox 1565 2580 1900 2661; x_wconf 86' lang='lat' dir='ltr'>sumptibus</span> <span class='ocrx_word' id='word_1_168' title='bbox 1924 2578 2299 2660; x_wconf 80' lang='lat' dir='ltr'>Senogalliae</span> <span class='ocrx_word' id='word_1_169' title='bbox 2326 2577 2651 2642; x_wconf 87' lang='lat' dir='ltr'>constituta</span> <span class='ocrx_word' id='word_1_170' title='bbox 2678 2576 2837 2642; x_wconf 86' lang='lat' dir='ltr'>circa</span> 
     </span>
     <span class='ocr_line' id='line_1_24' title="bbox 955 2675 2838 2758; baseline 0.002 -18"><span class='ocrx_word' id='word_1_171' title='bbox 955 2675 1342 2758; x_wconf 81' lang='lat' dir='ltr'>Gymnasium</span> <span class='ocrx_word' id='word_1_172' title='bbox 1384 2688 1448 2743; x_wconf 86' lang='lat' dir='ltr'>et</span> <span class='ocrx_word' id='word_1_173' title='bbox 1487 2680 1656 2746; x_wconf 85' lang='lat' dir='ltr'>Pium</span> <span class='ocrx_word' id='word_1_174' title='bbox 1698 2678 2063 2754; x_wconf 82' lang='lat' dir='ltr'>Institutum,</span> <span class='ocrx_word' id='word_1_175' title='bbox 2106 2686 2169 2744; x_wconf 87' lang='lat' dir='ltr'>et</span> <span class='ocrx_word' id='word_1_176' title='bbox 2210 2675 2475 2745; x_wconf 88' lang='lat' dir='ltr'>Clericus</span> <span class='ocrx_word' id='word_1_177' title='bbox 2518 2676 2621 2744; x_wconf 88' lang='lat' dir='ltr'>illo</span> <span class='ocrx_word' id='word_1_178' title='bbox 2666 2677 2727 2740; x_wconf 90' lang='lat' dir='ltr'>in</span> <span class='ocrx_word' id='word_1_179' title='bbox 2766 2675 2838 2743; x_wconf 84' lang='lat' dir='ltr'>E·</span> 
     </span>
     <span class='ocr_line' id='line_1_25' title="bbox 957 2775 2997 2862; baseline 0 -23"><span class='ocrx_word' id='word_1_180' title='bbox 957 2776 1250 2861; x_wconf 86' lang='lat' dir='ltr'>piscopali</span> <span class='ocrx_word' id='word_1_181' title='bbox 1288 2779 1617 2845; x_wconf 85' lang='lat' dir='ltr'>Seminario</span> <span class='ocrx_word' id='word_1_182' title='bbox 1657 2780 1846 2862; x_wconf 79' lang='lat' dir='ltr'>gratis</span> <span class='ocrx_word' id='word_1_183' title='bbox 1888 2777 2307 2846; x_wconf 89' lang='lat' dir='ltr'>instituendos.</span> <span class='ocrx_word' id='word_1_184' title='bbox 2433 2822 2452 2838; x_wconf 91' lang='lat'><strong>.</strong></span> <span class='ocrx_word' id='word_1_185' title='bbox 2622 2821 2640 2840; x_wconf 90' lang='lat'><strong>.</strong></span> <span class='ocrx_word' id='word_1_186' title='bbox 2808 2801 2831 2830; x_wconf 75' lang='grc' dir='ltr'>ι</span> <span class='ocrx_word' id='word_1_187' title='bbox 2876 2775 2997 2840; x_wconf 76' lang='grc' dir='ltr'>ΰ33</span> 
     </span>
     <span class='ocr_line' id='line_1_26' title="bbox 875 2869 2834 2957; baseline -0.002 -22"><span class='ocrx_word' id='word_1_188' title='bbox 875 2869 1140 2953; x_wconf 88' lang='lat' dir='ltr'>Epistola</span> <span class='ocrx_word' id='word_1_189' title='bbox 1171 2871 1246 2936; x_wconf 89' lang='lat' dir='ltr'>ad</span> <span class='ocrx_word' id='word_1_190' title='bbox 1273 2873 1795 2957; x_wconf 68' lang='lat' dir='ltr'>Archiepiscopum</span> <span class='ocrx_word' id='word_1_191' title='bbox 1838 2875 2257 2940; x_wconf 69' lang='lat' dir='ltr'>monacensem</span> <span class='ocrx_word' id='word_1_192' title='bbox 2288 2882 2349 2938; x_wconf 89' lang='lat' dir='ltr'>et</span> <span class='ocrx_word' id='word_1_193' title='bbox 2376 2871 2834 2953; x_wconf 85' lang='lat' dir='ltr'>Frisingensem.</span> 
     </span>
     <span class='ocr_line' id='line_1_27' title="bbox 817 2952 2847 3062; baseline -0 -28"><span class='ocrx_word' id='word_1_194' title='bbox 817 2952 824 2976; x_wconf 77' lang='grc'><strong>’</strong></span> <span class='ocrx_word' id='word_1_195' title='bbox 961 2967 1378 3036; x_wconf 76' lang='lat' dir='ltr'>Gravissimas</span> <span class='ocrx_word' id='word_1_196' title='bbox 1419 2972 1575 3035; x_wconf 76' lang='lat' dir='ltr'>inter</span> <span class='ocrx_word' id='word_1_197' title='bbox 1603 3007 1632 3020; x_wconf 90' lang='lat'><strong>·</strong></span> <span class='ocrx_word' id='word_1_198' title='bbox 1672 2973 1770 3040; x_wconf 88' lang='lat' dir='ltr'>die</span> <span class='ocrx_word' id='word_1_199' title='bbox 1812 2973 1883 3040; x_wconf 90' lang='lat'>11</span> <span class='ocrx_word' id='word_1_200' title='bbox 1930 2971 2286 3062; x_wconf 78' lang='lat' dir='ltr'>decembriS,</span> <span class='ocrx_word' id='word_1_201' title='bbox 2333 2990 2451 3056; x_wconf 86' lang='lat' dir='ltr'>qua</span> <span class='ocrx_word' id='word_1_202' title='bbox 2492 2971 2847 3036; x_wconf 84' lang='lat' dir='ltr'>damnantur</span> 
     </span>
     <span class='ocr_line' id='line_1_28' title="bbox 955 3067 2841 3154; baseline 0.001 -24"><span class='ocrx_word' id='word_1_203' title='bbox 955 3067 1241 3132; x_wconf 88' lang='lat' dir='ltr'>nonnulla</span> <span class='ocrx_word' id='word_1_204' title='bbox 1283 3085 1470 3151; x_wconf 80' lang='lat' dir='ltr'>opera</span> <span class='ocrx_word' id='word_1_205' title='bbox 1512 3071 1671 3152; x_wconf 84' lang='lat' dir='ltr'>typis</span> <span class='ocrx_word' id='word_1_206' title='bbox 1712 3071 1875 3136; x_wconf 87' lang='lat' dir='ltr'>edita</span> <span class='ocrx_word' id='word_1_207' title='bbox 1917 3089 1955 3142; x_wconf 79' lang='lat' dir='ltr'>a</span> <span class='ocrx_word' id='word_1_208' title='bbox 1994 3071 2358 3154; x_wconf 73' lang='lat' dir='ltr'>Presbytero</span> <span class='ocrx_word' id='word_1_209' title='bbox 2400 3069 2618 3134; x_wconf 81' lang='lat' dir='ltr'>Iacobo</span> <span class='ocrx_word' id='word_1_210' title='bbox 2660 3067 2841 3132; x_wconf 84' lang='lat' dir='ltr'>Froh-</span> 
     </span>
     <span class='ocr_line' id='line_1_29' title="bbox 958 3166 2837 3252; baseline 0.002 -23"><span class='ocrx_word' id='word_1_211' title='bbox 958 3167 1290 3231; x_wconf 81' lang='lat' dir='ltr'>sehammer</span> <span class='ocrx_word' id='word_1_212' title='bbox 1331 3166 1392 3230; x_wconf 90' lang='lat' dir='ltr'>in</span> <span class='ocrx_word' id='word_1_213' title='bbox 1433 3167 1779 3238; x_wconf 75' lang='lat' dir='ltr'>Monacensi</span> <span class='ocrx_word' id='word_1_214' title='bbox 1816 3169 2139 3236; x_wconf 79' lang='lat' dir='ltr'>Academia</span> <span class='ocrx_word' id='word_1_215' title='bbox 2178 3168 2595 3252; x_wconf 80' lang='lat' dir='ltr'>philosophiae</span> <span class='ocrx_word' id='word_1_216' title='bbox 2636 3167 2837 3232; x_wconf 88' lang='lat' dir='ltr'>docto·</span> 
     </span>
     <span class='ocr_line' id='line_1_30' title="bbox 954 3260 2829 3349; baseline 0 -25"><span class='ocrx_word' id='word_1_217' title='bbox 954 3279 1040 3326; x_wconf 90' lang='lat' dir='ltr'>re.</span> <span class='ocrx_word' id='word_1_218' title='bbox 1085 3261 1345 3348; x_wconf 83' lang='lat' dir='ltr'>Exoptat</span> <span class='ocrx_word' id='word_1_219' title='bbox 1383 3274 1584 3332; x_wconf 86' lang='lat' dir='ltr'>autem</span> <span class='ocrx_word' id='word_1_220' title='bbox 1625 3275 1691 3330; x_wconf 94' lang='lat' dir='ltr'>ut</span> <span class='ocrx_word' id='word_1_221' title='bbox 1730 3264 2224 3349; x_wconf 59' lang='lat' dir='ltr'>archiepiscopus</span> <span class='ocrx_word' id='word_1_222' title='bbox 2267 3264 2461 3348; x_wconf 88' lang='lat' dir='ltr'>ipsum</span> <span class='ocrx_word' id='word_1_223' title='bbox 2514 3260 2829 3334; x_wconf 77' lang='lat' dir='ltr'>saluberri-</span> 
     </span>
     <span class='ocr_line' id='line_1_31' title="bbox 957 3359 2995 3448; baseline 0 -24"><span class='ocrx_word' id='word_1_224' title='bbox 957 3361 1067 3426; x_wconf 89' lang='lat' dir='ltr'>mis</span> <span class='ocrx_word' id='word_1_225' title='bbox 1109 3362 1350 3432; x_wconf 86' lang='lat' dir='ltr'>mouitis</span> <span class='ocrx_word' id='word_1_226' title='bbox 1392 3363 1681 3441; x_wconf 86' lang='lat' dir='ltr'>hortetur,</span> <span class='ocrx_word' id='word_1_227' title='bbox 1727 3373 1793 3430; x_wconf 91' lang='lat' dir='ltr'>ut</span> <span class='ocrx_word' id='word_1_228' title='bbox 1837 3365 2171 3448; x_wconf 85' lang='lat' dir='ltr'>resipiscat.</span> <span class='ocrx_word' id='word_1_229' title='bbox 2248 3411 2263 3428; x_wconf 92' lang='lat'><strong>.</strong></span> <span class='ocrx_word' id='word_1_230' title='bbox 2434 3411 2448 3426; x_wconf 90' lang='lat'><strong>.</strong></span> <span class='ocrx_word' id='word_1_231' title='bbox 2616 3411 2631 3424; x_wconf 92' lang='lat'><strong>.</strong></span> <span class='ocrx_word' id='word_1_232' title='bbox 2803 3391 2825 3418; x_wconf 84' lang='lat'><strong>·</strong></span> <span class='ocrx_word' id='word_1_233' title='bbox 2872 3359 2995 3426; x_wconf 75' lang='lat'>548</span> 
     </span>
    </p>
   </div>
   <div class='ocr_carea' id='block_1_3' title="bbox 1708 3559 2146 3630">
    <p class='ocr_par' dir='ltr' id='par_1_3' title="bbox 1708 3559 2146 3630">
     <span class='ocr_line' id='line_1_32' title="bbox 1708 3559 2146 3630; baseline -0.014 0"><span class='ocrx_word' id='word_1_234' title='bbox 1708 3559 2146 3630; x_wconf 73' lang='lat' dir='ltr'>MDCCCLXnt</span> 
     </span>
    </p>
   </div>
   <div class='ocr_carea' id='block_1_4' title="bbox 878 3775 2843 4268">
    <p class='ocr_par' dir='ltr' id='par_1_4' title="bbox 878 3775 2843 4268">
     <span class='ocr_line' id='line_1_33' title="bbox 878 3775 2843 3848; baseline 0 -10"><span class='ocrx_word' id='word_1_235' title='bbox 878 3775 1167 3842; x_wconf 65' lang='lat' dir='ltr'>allocutio</span> <span class='ocrx_word' id='word_1_236' title='bbox 1199 3777 1402 3844; x_wconf 85' lang='lat' dir='ltr'>habita</span> <span class='ocrx_word' id='word_1_237' title='bbox 1442 3779 1502 3846; x_wconf 85' lang='lat' dir='ltr'>in</span> <span class='ocrx_word' id='word_1_238' title='bbox 1545 3778 1914 3847; x_wconf 83' lang='lat' dir='ltr'>consistorio</span> <span class='ocrx_word' id='word_1_239' title='bbox 1954 3785 2187 3848; x_wconf 83' lang='lat' dir='ltr'>secreto</span> <span class='ocrx_word' id='word_1_240' title='bbox 2230 3777 2305 3842; x_wconf 83' lang='grc'>16</span> <span class='ocrx_word' id='word_1_241' title='bbox 2350 3775 2547 3842; x_wconf 89' lang='lat' dir='ltr'>martii</span> <span class='ocrx_word' id='word_1_242' title='bbox 2576 3810 2603 3826; x_wconf 84' lang='lat'><strong>·</strong></span> <span class='ocrx_word' id='word_1_243' title='bbox 2638 3775 2843 3842; x_wconf 74' lang='lat' dir='ltr'>Omni-</span> 
     </span>
     <span class='ocr_line' id='line_1_34' title="bbox 965 3881 2841 3968; baseline -0.002 -22"><span class='ocrx_word' id='word_1_244' title='bbox 965 3883 1076 3948; x_wconf 75' lang='lat' dir='ltr'>bus</span> <span class='ocrx_word' id='word_1_245' title='bbox 1107 3893 1316 3952; x_wconf 73' lang='lat' dir='ltr'>notum</span> <span class='ocrx_word' id='word_1_246' title='bbox 1376 3919 1406 3934; x_wconf 89' lang='lat'><strong>·</strong></span> <span class='ocrx_word' id='word_1_247' title='bbox 1457 3885 1807 3954; x_wconf 66' lang='lat' dir='ltr'>mexicanos</span> <span class='ocrx_word' id='word_1_248' title='bbox 1866 3883 2097 3968; x_wconf 79' lang='lat' dir='ltr'>regioni</span> <span class='ocrx_word' id='word_1_249' title='bbox 2166 3899 2203 3946; x_wconf 85' lang='lat' dir='ltr'>a</span> <span class='ocrx_word' id='word_1_250' title='bbox 2272 3897 2471 3946; x_wconf 86' lang='lat' dir='ltr'>rerum</span> <span class='ocrx_word' id='word_1_251' title='bbox 2528 3881 2841 3960; x_wconf 86' lang='lat' dir='ltr'>perturba·</span> 
     </span>
     <span class='ocr_line' id='line_1_35' title="bbox 955 3982 2837 4070; baseline -0.001 -22"><span class='ocrx_word' id='word_1_252' title='bbox 955 3987 1122 4052; x_wconf 84' lang='lat' dir='ltr'>tione</span> <span class='ocrx_word' id='word_1_253' title='bbox 1163 3989 1478 4070; x_wconf 87' lang='lat' dir='ltr'>perculsae</span> <span class='ocrx_word' id='word_1_254' title='bbox 1517 4005 1679 4054; x_wconf 80' lang='lat' dir='ltr'>nova</span> <span class='ocrx_word' id='word_1_255' title='bbox 1708 3987 2079 4054; x_wconf 86' lang='lat' dir='ltr'>Dioecesium</span> <span class='ocrx_word' id='word_1_256' title='bbox 2107 3982 2661 4066; x_wconf 81' lang='lat' dir='ltr'>circumscriptione</span> <span class='ocrx_word' id='word_1_257' title='bbox 2698 3998 2837 4046; x_wconf 88' lang='lat' dir='ltr'>con-</span> 
     </span>
     <span class='ocr_line' id='line_1_36' title="bbox 953 4077 2843 4173; baseline -0.005 -23"><span class='ocrx_word' id='word_1_258' title='bbox 953 4086 1120 4151; x_wconf 86' lang='lat' dir='ltr'>sulit.</span> <span class='ocrx_word' id='word_1_259' title='bbox 1165 4087 1476 4166; x_wconf 82' lang='lat' dir='ltr'>Memorat,</span> <span class='ocrx_word' id='word_1_260' title='bbox 1501 4086 1905 4173; x_wconf 87' lang='lat' dir='ltr'>deplorandae</span> <span class='ocrx_word' id='word_1_261' title='bbox 1946 4085 2233 4152; x_wconf 86' lang='lat' dir='ltr'>Poloniae</span> <span class='ocrx_word' id='word_1_262' title='bbox 2270 4079 2631 4148; x_wconf 86' lang='lat' dir='ltr'>conditionis</span> <span class='ocrx_word' id='word_1_263' title='bbox 2680 4077 2843 4144; x_wconf 89' lang='lat' dir='ltr'>solli·</span> 
     </span>
     <span class='ocr_line' id='line_1_37' title="bbox 955 4183 2839 4268; baseline 0.002 -26"><span class='ocrx_word' id='word_1_264' title='bbox 955 4183 1134 4248; x_wconf 89' lang='lat' dir='ltr'>cltum</span> <span class='ocrx_word' id='word_1_265' title='bbox 1177 4183 1590 4254; x_wconf 87' lang='lat' dir='ltr'>nonnullarum</span> <span class='ocrx_word' id='word_1_266' title='bbox 1631 4184 1897 4254; x_wconf 80' lang='lat' dir='ltr'>eiusdem</span> <span class='ocrx_word' id='word_1_267' title='bbox 1940 4186 2107 4268; x_wconf 79' lang='lat' dir='ltr'>regni</span> <span class='ocrx_word' id='word_1_268' title='bbox 2146 4183 2507 4252; x_wconf 87' lang='lat' dir='ltr'>dioecesium</span> <span class='ocrx_word' id='word_1_269' title='bbox 2568 4183 2839 4250; x_wconf 84' lang='lat' dir='ltr'>viduitati</span> 
     </span>
    </p>
   </div>
  </div>
 </body>
</html>
