3317 5267
942 452 1091 662 1¹³³?
1122 562 1286 637 dote
1338 560 1651 635 eiusdem
1691 556 2320 653 Archiepiscopalis
2355 556 2712 633 Ecclesiae
2751 558 2894 631 iam
2951 570 3060 633 at-

942 680 1205 753 tributa
1256 689 1450 766 sunt,
1481 676 1593 751 vel
1644 677 1718 748 in
1769 685 2137 771 posterum
2171 672 2676 762 attribuentur,
2717 676 2872 751 sine
2909 673 3070 751 Gu-

938 798 1165 873 bernii
1216 818 1569 871 consensu
1619 816 1752 867 nec
1802 792 2144 878 alienari,
2197 814 2332 867 nec
2365 791 2490 865 ulli
2541 794 2738 867 oneri
2811 793 3072 868 subiici

940 924 1301 1012 poterunt.
1358 912 1547 985 Nihil
1600 933 1770 983 vero
1823 908 2064 983 obstat
2093 960 2116 995 ,
2172 907 2552 1003 quominus
2605 909 2840 1005 ipsum
2925 908 3070 983 Gu-

936 1032 1265 1107 bernium
1346 1030 1729 1105 identidem
1807 1050 2096 1103 noscere
2177 1025 2402 1121 possit
2439 1076 2462 1109 ,
2545 1037 2790 1100 utrum
2837 1026 3062 1102 ’bona

944 1154 1097 1248 ipsa
1147 1161 1339 1226 sarta
1397 1160 1726 1243 tectaque
1779 1148 1948 1220 sint.

1000 1286 1039 1360 s
1803 1380 1974 1455 Ακτ.
2039 1379 2192 1455 XV.

1088 1620 1285 1696 Bona
1334 1630 1603 1706 autem,
1642 1640 1826 1715 quae
1877 1615 2201 1713 capitula
2251 1616 2506 1693 ruralia
2531 1616 2632 1691 sic
2655 1616 2844 1693 dieta
2875 1640 3062 1715 poe-

936 1742 1172 1817 sident
1196 1738 1409 1813 libere
1460 1746 1672 1811 erunt
1731 1735 2288 1811 administranda
2311 1734 2446 1811 sub
2499 1735 2706 1814 unius
2768 1746 3062 1811 tantum

941 1860 1457 1957 Archiepiscopi
1488 1856 1951 1953 inspectione.

1623 2202 1645 2231 θ
1785 2088 1958 2163 Ant.
2021 2086 2207 2163 XVI.

1088 2327 1317 2402 Fundi
1368 2338 1442 2401 et
1490 2326 1679 2402 bona
1713 2324 1978 2413 omnia,
2017 2346 2200 2421 quae
2247 2336 2402 2399 tum
2445 2326 2536 2399 ad
2571 2324 3053 2403 Ecclesiarum

922 2444 1257 2533 fabricas,
1312 2456 1469 2517 tum
1522 2444 1611 2517 ad
1664 2442 2175 2517 ecclesiasticas
2208 2442 2548 2539 cuiusque
2602 2443 2740 2521 loci
2791 2444 3053 2521 fimda-

924 2562 1151 2637 tiones
1208 2562 1595 2658 pertinent,
1648 2580 1776 2653 per
1826 2557 2118 2654 collegia
2172 2558 2260 2632 ad
2322 2561 2734 2635 eorumdem
2819 2561 3054 2638 bono-

917 2700 1077 2751 rum
1130 2674 1826 2752 administrationem
1883 2674 2264 2760 destinata,
2316 2676 2389 2747 in
2445 2676 2740 2773 singulis
2799 2678 3048 2753 catho-

916 2800 1071 2873 licis
1123 2793 1760 2873 communitatibus
1795 2792 2276 2866 administrari
2301 2807 2640 2891 poterunt
2675 2819 2762 2871 eo
2795 2798 3038 2886 modo,

900 2917 1024 3014 qui
1078 2914 1409 3001 invaluit,
1460 2912 1848 2987 dummodo
1878 2922 2120 2985 tamen
2171 2910 2528 2988 Ecclesiae
2565 2915 2856 2989 nomine
2906 2916 3038 2989 ad-

908 3038 1435 3121 ministrentur,
1490 3044 1567 3107 et
1617 3029 1914 3107 Pal-ochi
1953 3031 2210 3129 aliique
2277 3032 2700 3110 Sacerdotes
2737 3058 3040 3124 munus,

904 3159 1051 3254 qud
1100 3156 1172 3227 in
1226 3153 1385 3228 istis
1461 3150 1776 3249 collegiis
1827 3148 2224 3247 funguntur
2253 3203 2273 3239 ,
2355 3176 2447 3228 ex
2502 3150 3030 3253 Archiepiscopi

905 3276 1331 3357 auctoritate
1376 3285 1455 3348 et
1503 3272 1846 3347 mandato
1891 3282 2292 3347 exerceant.

1050 3396 1433 3473 Praeterea
1484 3396 1533 3471 ii
1586 3418 1837 3470 omnes
1869 3446 1892 3481 ,
1947 3394 2070 3491 qui
2121 3394 2628 3470 catholicorum
2687 3397 3030 3497 cuiusque

896 3516 1033 3591 loci
1084 3516 1437 3614 suffragiis
1490 3518 1565 3589 in
1614 3516 1756 3589 hoc
1807 3525 2237 3610 cooptantur
2286 3514 2658 3612 collegium
2689 3568 2716 3603 ,
2767 3527 2846 3592 et
2907 3540 3036 3590 ra-

894 3634 1273 3710 tiocinator
1317 3634 1413 3709 ab
1462 3636 1619 3731 ipso
1671 3631 1964 3729 collegio
1991 3630 2350 3728 eligendus
2385 3642 2535 3706 tam
2571 3654 2614 3706 a
2667 3630 3024 3709 Gubernio

900 3774 1115 3853 quam
1166 3752 1259 3825 ab
1337 3751 1882 3850 Archiepiscopo
1911 3802 1936 3838 ,
1995 3750 2105 3825 vel
2167 3750 2260 3823 ab
2336 3774 2582 3826 eorum
2663 3752 3024 3850 deputatis

894 3881 1111 3945 erunt
1162 3868 1662 3946 confirmandi.
1711 3868 1982 3945 Eorum
2036 3890 2206 3944 vero
2265 3868 2783 3945 administratio
2863 3882 3016 3943 tum

896 4011 936 4062 a
991 3988 1350 4084 deputatis
1402 3984 1495 4061 ab
1549 3984 2091 4083 Archiepiscopo
2169 3984 2466 4061 Decanis
2493 4040 2520 4075 ,
2573 3999 2730 4061 tum
2785 4010 2830 4061 a
2881 4010 3020 4084 pu-

890 4102 1091 4179 hlicis
1128 4103 1465 4179 Gubernii
1504 4106 1846 4179 ministris
1899 4128 2038 4179 una
2091 4105 2302 4179 simul
2353 4106 2492 4180 erit
2539 4104 3002 4203 inspicienda.
