3317 5267
881 433 1026 506 654
1269 495 1272 500 .

873 545 1290 623 educatione
1343 543 1581 620 locum
1612 541 1903 630 habere,
1944 564 2027 616 ac
2078 541 2429 620 dominari
2466 535 2705 624 debet,
2748 550 2827 612 ut
2860 539 3026 614 alia-

873 685 1036 738 rum
1087 662 1550 758 cognitiones,
1583 659 1844 756 quibus
1880 659 2219 734 iuventus
2238 658 2338 732 ihi
2378 655 2751 754 imbuitur,
2810 657 3027 732 veluti

875 782 1312 856 adventiciae
1363 788 1779 876 appareant.
1836 775 2283 875 Quapropter
2315 777 2651 850 iuventus
2686 776 3025 850 maximis

874 899 1258 996 exponitur
1310 895 1667 992 perieulis,
1722 895 1859 968 nisi
1912 894 2063 968 eius
2116 895 2187 968 in
2272 893 2687 968 memoratis
2766 891 3027 968 scholis

875 1016 1228 1092 institutio
1281 1013 1677 1088 arctissimo
1728 1035 1893 1086 cum
1944 1011 2275 1108 religiosa
2340 1011 2663 1086 doctrina
2740 1009 3025 1086 vinculo

875 1133 1340 1209 consocietur.
1401 1127 1581 1204 Cum
1635 1129 1852 1226 igitur
1905 1128 2291 1225 populares
2340 1126 2624 1202 scholae
2660 1126 2749 1200 ad
2804 1151 3025 1224 popu-

871 1251 1023 1327 lum
1077 1251 1398 1348 religiose
1449 1247 1943 1332 formandum,
1986 1247 2281 1344 eiusque
2318 1245 2689 1342 pietatem,
2728 1258 2805 1318 et
2828 1246 3025 1320 chri-

875 1371 1184 1444 stianam
1235 1390 1514 1442 morum
1567 1365 2007 1462 disciplinam
2061 1364 2442 1441 fovendam
2496 1364 2645 1440 sint
2705 1387 3025 1461 praeser-

875 1487 1008 1561 tim
1059 1491 1394 1572 statutae,
1425 1484 1675 1558 iccirco
1728 1505 2019 1558 omnem
2066 1481 2425 1558 Ecclesiae
2460 1503 2731 1568 curam,
2768 1479 3023 1556 sollici-

873 1605 1222 1690 tudinem,¹
1277 1613 1356 1676 et
1405 1599 1843 1698 vigilantiam
1894 1621 2063 1696 prae
2117 1601 2372 1674 ceteris
2422 1599 2857 1676 edoeationis
2894 1599 3019 1670 ln-

871 1719 1144 1792 stitutis
1193 1717 1329 1792 sibi
1379 1717 1670 1803 merito,
1720 1727 1940 1812 atque
1972 1715 2261 1811 ‚optimo
2314 1717 2463 1794 iure
2512 1738 2801 1813 semper
2850 1717 3015 1790 vin-

869 1837 1217 1911 dicarunt.
1277 1833 1378 1910 Ac
1431 1847 1804 1932 propterea
1842 1834 2147 1934 ‚censilia
2164 1886 2185 1924 ,
2236 1846 2677 1934 conatusque
2730 1836 3021 1910 arcendi

867 1979 912 2029 a
961 1953 1416 2052 popularibus
1473 1952 1737 2028 scholis
1790 1951 2157 2049 Ecclesiae
2218 1965 2653 2049 potestatem
2732 1952 3023 2049 profici-

869 2079 1178 2148 scuntur¹
1215 2094 1304 2144 ex
1357 2072 1602 2146 animo.
1645 2069 1879 2146 eidem
1918 2059 2291 2148 ⁴Ecclesiae
2344 2085 2799 2167 summopere
2888 2071 3019 2145 ad-

870 2225 1102 2292 verso,
1157 2213 1370 2300 atque
1423 2225 1514 2276 ex
1549 2202 1814 2277 studio·
1844 2199 2301 2296 extinguendi
2354 2203 2429 2274 in
2480 2201 2759 2297 populis
2824 2201 3013 2275 divi-

867 2341 1042 2396 num
1093 2321 1582 2395 sanctissimae
1635 2318 1803 2392 fidei
1858 2329 2143 2392 nostrae
2178 2318 2448 2391 lumen.
2486 2317 2832 2408 Quocirca
2882 2319 3013 2394 Ec-

868 2436 1106 2526 clesia,
1215 2459 1398 2534 quae
1449 2435 1734 2510 casdem
1766 2434 2113 2509 ›fundavit
2162 2435 2439 2510 scholas
2508 2457 2793 2509 summa
2838 2458 3007 2510 cura

867 2554 1240 2650 studioque
1296 2577 1418 2627 eas
1469 2573 1753 2650 semper
1776 2564 1919 2630 est
1964 2565 2425 2650 prosequuta,
2464 2552 2761 2651 illasque
2788 2553 3007 2628 veluti

865 2673 1214 2769 potiorem
1267 2669 1778 2746 ecclesiasticae
1830 2693 2003 2744 suae
2049 2672 2495 2747 auctoritatis
2530 2695 2615 2746 ac
2640 2671 3005 2768 regiminis

865 2804 1148 2890 partem
1197 2792 1697 2879 consideravit,
1758 2801 1831 2864 et
1870 2771 2401 2888 quaecumque‘
2424 2812 2670 2865 earum
2725 2791 2815 2864 ab
2868 2789 3007 2866 Ee-

863 2912 1077 2988 clesia
1129 2905 1480 2988 seiunctio
1533 2913 1933 2986 maximum
1986 2910 2219 2986 eidem
2272 2909 2655 3000 Ecclesiae,
2694 2911 3009 3010 ipsisque

866 3031 1123 3106 scholis
1179 3024 1381 3106 a‘ffert
1429 3033 1965 3107 detrimentum.
1998 3029 2057 3106 li
2094 3042 2335 3104 autem
2374 3053 2648 3118 omnes„
2676 3031 2799 3128 qui
2840 3055 3007 3127 per-

865 3135 1110 3242 peram
1137 3139 1602 3234 contendunt,
1659 3147 2049 3222 Ecclesiam
2082 3147 2345 3221 debere
2380 3149 2763 3222 salutarem
2800 3169 3007 3222 suam

863 3267 1402 3340 moderatricem
1464 3267 1608 3339 vim
1662 3283 1847 3365 erga‘
1882 3267 2259 3364 populares
2296 3265 2573 3341 scholas
2608 3267 2991 3362 deponere,

864 3393 990 3454 aut
1039 3383 1546 3471 intermittere,
1601 3383 1818 3457 iidem
1871 3383 2045 3456 nihil
2100 3381 2287 3457 aliud
2338 3381 2655 3480 profecto
2710 3383 2999 3472 vellent,

863 3518 1080 3598 quam
1137 3512 1216 3574 ut
1267 3499 1582 3574 Ecclesia
1617 3515 1867 3577 contra
1902 3502 2121 3576 divini
2158 3505 2266 3576 sui
2309 3501 2631 3577 Auctoris
2664 3504 3001 3578 mandata

865 3627 1132 3714 ageret,
1161 3628 1266 3691 ·et
1317 3619 1741 3714 gravissimo
1792 3619 2028 3706 officio,
2073 3621 2363 3694 curandi
2416 3620 2739 3695 omnium
2766 3621 2999 3695 homi-

865 3759 1038 3812 num
1114 3737 1448 3823 salutem,
1527 3735 1665 3810 sibi
1741 3737 2080 3810 divinitus
2160 3738 2555 3812 commisso
2595 3792 2616 3826 ,
2688 3741 2995 3813 deesset.

864 3852 1100 3928 Certe·
1127 3854 1410 3952 quidem
1467 3851 1588 3927 ubi
1642 3853 1715 3925 in
1766 3853 2167 3950 quibusque
2218 3855 2414 3941 locis,
2454 3855 2997 3952 regionibusque

863 3967 1540 4068 perniciosissimum
1591 3969 1949 4044 hiust’nodi
1998 3971 2114 4043 vel.
2160 3972 2659 4067 susciperetur,
2718 3973 2831 4046 vel
2906 3973 2995 4046 ad

863 4089 1138 4163 exitum
1225 4089 1725 4185 perduceretur
1792 4087 2161 4178 consilium
2192 4087 2581 4184 expellendi
2648 4113 2691 4162 a
2738 4088 2997 4164 scholis

863 4203 1219 4282 Ecclesiae
1268 4205 1797 4293 auctoritatem,
1854 4216 1929 4279 et
1980 4205 2316 4280 iuventus
2370 4206 2624 4281 misere
2678 4229 2999 4304 expone-
