3317 5267
909 428 1055 497 316

905 542 1112 615 sicuti
1149 541 1452 635 desuper
1487 538 1981 620 constitutum,
2020 560 2111 609 ex
2149 562 2335 613 nunc
2376 542 2651 613 veniam
2682 550 2759 611 et
2794 538 3027 615 facul-

907 672 1130 731 tatem
1185 657 1560 731 tribuimus
1595 669 1672 728 et
1710 658 2155 751 impertimur
2194 659 2605 733 conficiendi
2642 658 2779 730 sibi
2834 663 3037 755 capi-

907 776 1156 849 tularia
1207 788 1504 859 statuta,
1543 774 2017 847 ordinationes
2054 788 2129 847 et
2178 774 2459 849 decreta
2496 775 2715 849 sacris
2768 778 3037 871 quippe

903 890 1306 965 Canonibus
1343 889 1987 963 Constitutionibus
2038 892 2458 986 Apostolicis
2494 909 2577 963 ac
2617 888 3041 965 Tridentino

899 1010 1314 1106 praesertim
1347 1006 1655 1081 Concilio
1697 1004 2103 1081 nullatenus
2142 1007 2620 1094 adversantia,
2664 1007 2791 1080 sed
2820 1009 3037 1102 peni-

903 1138 1020 1199 tus
1071 1137 1554 1198 consentanea
1591 1146 1772 1219 quae
1828 1122 2161 1196 ordinarii
2222 1123 2581 1197 Antistiti's
2660 1123 3033 1220 approba-

903 1242 1096 1315 tione
1125 1244 1505 1339 indigeant,
1539 1255 1618 1313 ut
1643 1240 1943 1315 subinde
1974 1242 2335 1315 efficacem
2370 1242 2547 1339 legis
2586 1242 2731 1315 vim
2764 1241 3035 1317 babere

905 1372 1290 1575 quemque
1343 1492 1424 1551 ut
1475 1480 1679 1552 istius
1734 1478 2039 1574 Capituli
2084 1475 2520 1551 Cathsdralis
2562 1479 2883 1575 aliaeque
2912 1477 3033 1552 Di-

903 1618 1283 1669 oecesanae
1340 1594 1789 1671 Praebendae
1842 1621 1883 1669 a
1938 1596 2180 1691 probis
2214 1618 2501 1693 semper
2534 1596 2833 1671 eruditis
2870 1598 3033 1671 ido-

901 1719 1194 1814 neisque
1245 1729 1578 1813 regantur
1631 1717 2143 1791 Ecclesiasticis
2188 1719 2384 1805 viriS‚
2428 1729 2580 1791 tum
2640 1719 2905 1795 divinis
2956 1730 3031 1793 et

901 1833 1412 1908 Ecclesiasticis
1453 1833 1891 1919 munel-ihm,
1932 1844 2085 1906 turn
2124 1836 2521 1906 animarum
2554 1834 3028 1910 aedificationi

901 1950 1158 2045 pabulo
1209 1960 1679 2046 aeternaeque
1716 1950 1924 2023 saluti
1975 1972 2265 2044 operam
2305 1948 2663 2025 fructuose
2718 1964 3029 2026 navatu-

901 2068 1027 2153 ris3
1052 2067 1220 2141 hinc
1244 2069 1396 2163 pari
1429 2066 1826 2163 Apostolica
1848 2068 2269 2140 auctoritate
2298 2066 2801 2163 praecipimus,
2832 2071 3025 2165 quod

896 2186 1101 2259 sicuti
1155 2208 1279 2283 par
1328 2198 1441 2260 est
1493 2182 1841 2281 propensa
1879 2184 2068 2257 effati
2108 2182 2441 2258 Gubernii
2490 2182 2775 2260 Haitani
2826 2188 3023 2262 solli-

896 2306 1232 2390 citudine,
1272 2328 1354 2377 ac
1391 2314 1683 2399 sumptu
1728 2304 2258 2399 quamprimum
2286 2324 2417 2398 pro
2454 2302 2861 2377 cathedrali
2900 2305 3027 2378 Ca-

899 2424 1176 2517 yesensi
1229 2424 1538 2517 erigatur
1589 2435 1666 2495 et
1702 2433 2103 2518 opportuna
2156 2424 2379 2495 etiam
2434 2422 2873 2517 supellectile
2910 2424 3027 2497 in-

897 2538 1236 2611 stituatur
1271 2540 1743 2612 Seminarium
1768 2540 1973 2634 juxta
2007 2536 2398 2612 Canonicas
2432 2539 2625 2635 leges
2656 2551 2733 2613 et
2758 2540 3022 2615 formas

895 2657 963 2726 in
1003 2655 1330 2729 omnibus
1357 2657 1799 2752 dirigendum
1830 2668 1903 2729 et
1932 2656 2569 2731 administrandum
2606 2655 2695 2727 ab
2724 2655 3024 2753 Episco-

893 2769 988 2866 po
1041 2770 1414 2867 Cayesensi
1459 2825 1478 2856 ‚
1535 2772 1737 2867 cujus
1792 2774 1925 2845 erit
1986 2772 2324 2845 Rectores
2379 2768 2549 2843 inibi
2604 2782 2681 2845 et
2738 2770 3021 2847 Profes-

893 2914 1088 2965 sores
1142 2892 1531 2976 nominare,
1573 2906 1646 2963 et
1703 2892 1763 2962 si
1820 2893 2101 2987 quando
2158 2892 2483 2963 intererit
2520 2914 2911 2965 exonerare
2946 2904 3020 2967 et

889 3010 1270 3095 dimittere,
1315 3008 1550 3106 ibique
1587 3034 1709 3083 eos
1766 3009 2056 3083 alendos
2108 3011 2607 3106 docendosque
2638 3010 3018 3084 admittere

893 3128 1404 3213 adolescentes,
1427 3150 1604 3224 quos
1633 3130 1883 3223 dignos
1914 3128 2231 3212 idoneos,
2248 3128 2563 3223 adeoque
2594 3127 2855 3211 indole,
2874 3150 3019 3203 mo-

894 3246 1088 3319 ribus
1139 3258 1212 3321 et
1251 3247 1532 3343 ingenio
1569 3258 2018 3341 comparatos
2056 3247 2141 3321 ad
2180 3268 2348 3319 suae
2379 3241 2735 3319 Dioecesis
2770 3268 3019 3320 neces-

891 3365 1163 3448 sitates,
1219 3364 1515 3449 bonum,
1574 3374 1648 3436 et
1704 3361 2069 3457 spirituale
2124 3362 2579 3437 commodum
2616 3360 2841 3457 probe
2904 3386 3017 3435 re-

894 3502 1278 3573 sponsuros
1312 3480 1855 3566 existimaverit,
1888 3483 2011 3576 qui
2042 3480 2328 3576 quidem
2358 3476 2751 3575 Episcopus
2782 3480 2855 3550 in
2884 3502 3013 3553 suo

891 3596 1212 3671 obeundo
1265 3616 1556 3669 munere
1610 3619 1823 3691 super
1874 3598 2309 3671 orthodoxae
2362 3597 2519 3669 fidei
2578 3618 3005 3694 morumque

893 3716 1207 3789 doctrina
1247 3714 1654 3811 invigilandi
1698 3738 1787 3789 ne
1822 3717 1991 3789 dum
2032 3718 2261 3813 quoad
2301 3716 2467 3791 illud
2501 3716 3006 3801 Seminarium,

893 3856 1138 3907 verum
1192 3834 1406 3906 etiam
1459 3834 1689 3931 quoad
1746 3834 2247 3907 universitates
2304 3833 2420 3907 vel
2456 3834 2857 3908 academias
2896 3834 3005 3905 vel

887 3951 1252 4047 gymnasia
1311 3949 1418 4023 vel
1455 3932 1624 4024 alias
1662 3949 1937 4024 scholas
1976 3949 2290 4045 publicas
2328 3951 2785 4047 privatasque
2812 3948 3005 4023 nullo

888 4070 1098 4143 modo
1151 4070 1286 4142 erit
1338 4068 1851 4162 impediendus.

1042 4184 1367 4261 Profecto
1420 4206 1582 4259 cum
1639 4184 1953 4257 maxime
1994 4184 2272 4261 intersit
2308 4208 2651 4280 congruas
2689 4184 3003 4259 dotatio-
