3317 5267
259 622 586 698 suamque
643 596 1272 695 Congregationem
1326 599 1413 671 ad
1469 598 1707 672 ltaliae
1762 603 2058 697 populos
2134 496 2357 681 ἰηξῗίῗ

267 720 556 792 tuendos
611 717 868 802 vocari,
927 716 1206 790 divinae
1258 717 1612 813 acquievit
1666 718 2038 809 voluntati3
2085 724 2209 796 sed
2246 736 2359 797 ta-

259 864 412 915 men
467 865 604 916 non
661 841 1002 914 abstinuit
1036 840 1234 938 quin,
1275 842 1332 913 si
1373 840 1679 935 aliquam
1720 840 2108 917 infidelibus
2146 854 2355 942 opem

257 958 494 1033 afferre
524 970 791 1056 posset,
822 960 1280 1054 experiretur.
1313 958 1560 1055 Itaque
1596 958 1983 1035 clarissimo
2022 960 2355 1051 Praesuli,

254 1078 356 1151 cui
409 1099 834 1173 praenomen
891 1074 1130 1163 Vives,
1185 1078 1445 1173 quique
1499 1076 1649 1171 pari
1704 1078 1773 1148 in
1828 1099 1978 1149 rem
2034 1078 2361 1155 Catholi—

255 1218 402 1269 cam
454 1194 685 1270 studio
741 1208 1134 1291 raperetur,
1191 1218 1270 1267 se
1321 1194 1553 1267 libens
1603 1194 1973 1280 adiunxit,
2030 1197 2361 1295 initisque

258 1336 412 1389 cum
467 1338 554 1389 eo
605 1313 915 1388 consiliis
979 1324 1260 1386 coetum
1333 1311 1644 1385 instituit
1716 1311 2302 1410 Presbyterorum
2337 1368 2358 1402 ,

254 1430 498 1527 quibus
552 1432 617 1504 id
673 1452 894 1503 unum
951 1441 1142 1501 esset
1189 1429 1635 1523 propositum
1694 1428 2178 1503 adolescentes
2232 1456 2365 1527 op-

249 1558 540 1642 portune
591 1546 968 1621 informare
1017 1544 1530 1618 remotissimas
1568 1546 1638 1615 in
1692 1547 2011 1641 regiones
2065 1549 2363 1621 mitten-

252 1665 372 1738 dos
426 1666 510 1738 ad
565 1666 774 1738 fldem
828 1686 1357 1761 quaquaversus
1408 1661 1961 1758 propagandam.
2016 1662 2245 1761 Atque
2281 1688 2367 1738 ea

253 1784 516 1857 ratione
572 1782 1003 1856 Venerabilis
1058 1780 1185 1854 Dei
1239 1780 1542 1855 famulus
1595 1782 1940 1877 quaedam
1996 1784 2194 1878 quasi
2249 1804 2369 1855 se-

251 1900 440 1971 mina
490 1900 735 1973 iecisse
787 1900 1119 1973 dicendus
1173 1910 1284 1972 est
1337 1898 1673 1993 praeclari
1730 1899 1913 1971 illius
1986 1898 2299 1971 Instituti
2340 1952 2361 1986 ‚

247 2018 432 2113 quod
471 2016 952 2091 Romanorum
991 2014 1410 2090 Pontificum
1448 2013 1912 2089 Decessorum
1942 2014 2361 2090 Nostrorum

251 2133 565 2228 impensa
617 2135 938 2230 curisque
975 2133 1506 2229 amplificatum,
1547 2131 2002 2228 proferendae
2040 2156 2169 2228 per
2206 2133 2365 2205 uni-

251 2271 532 2323 versum
588 2262 930 2324 terrarum
986 2250 1236 2325 orbem·
1284 2248 1684 2323 Catholicae
1735 2248 1893 2322 fidei
1950 2248 2364 2323 mirabiliter

249 2366 564 2438 inservit.
623 2366 833 2440 Plura
885 2370 1102 2441 etiam
1157 2390 1368 2462 opera
1421 2368 1509 2439 de
1563 2388 1640 2438 re
1692 2388 1891 2438 sacra
1924 2420 1943 2453 ,
2001 2390 2081 2440 ac
2118 2368 2363 2441 morali

251 2485 561 2580 scripsit,
619 2508 922 2582 quorum
976 2486 1206 2582 aliqua
1259 2506 1400 2559 non
1453 2484 1606 2557 sine
1659 2506 1917 2581 magna
1968 2486 2359 2559 animarum

249 2600 551 2675 utilitate
607 2603 676 2675 in
731 2605 980 2699 vulgus
1009 2603 1196 2675 edita
1233 2613 1425 2674 sunt.
1470 2600 1789 2699 Denique
1824 2624 1985 2674 cum
2040 2603 2365 2675 insacris

251 2720 617 2792 ministerii
669 2719 984 2815 partibus
1037 2720 1426 2814 explendis,
1484 2718 1747 2791 nullam
1802 2716 1953 2792 fere
1988 2718 2122 2793 sibi
2158 2720 2363 2815 quie-

253 2836 344 2907 tis
395 2848 672 2933 partem
725 2860 954 2933 neque
1004 2838 1295 2925 diurnae
1351 2859 1580 2932 neque
1633 2847 2021 2910 nocturnae
2058 2837 2367 2931 permit—-

252 2964 460 3042 teret,
499 2956 733 3032 labore
771 2959 1020 3055 magiS,
1061 2979 1275 3055 quam
1315 2968 1548 3030 aetate
1585 2956 1851 3030 fractus
1882 2956 2151 3030 Romae
2186 2978 2373 3028 mor-

251 3084 396 3144 tem
435 3073 611 3147 obiit
645 3076 833 3148 vitae
872 3086 1020 3147 tam
1057 3086 1300 3147 sancte
1337 3087 1536 3147 actae
1563 3086 2138 3149 consentaneam.
2175 3070 2371 3161 Quae

247 3190 336 3263 de
390 3192 608 3287 ipsius
659 3193 993 3291 singulari
1047 3194 1310 3267 virtute
1361 3191 1763 3287 percrebuit
1815 3193 2053 3287 opinio
2085 3243 2105 3277 ,
2163 3204 2368 3263 aucta

249 3310 480 3385 multo
533 3314 755 3407 magis
810 3324 922 3386 est
971 3324 1434 3409 posteaquam
1492 3308 1681 3383 Ven:
1742 3308 1868 3383 Dei
1922 3309 2229 3381 famulus
2281 3328 2373 3381 ex

248 3427 385 3502 hac
437 3431 720 3503 mortali
771 3430 1076 3504 statione
1128 3432 1477 3517 discessit,
1521 3428 2015 3502 accedentibus
2050 3450 2374 3523 praeser-

249 3548 386 3619 tim
439 3548 856 3644 prodigiosis
912 3549 1315 3624 morborum
1367 3548 1880 3633 sanationibus,
1936 3545 2191 3643 quibus
2242 3570 2375 3618 re·-

246 3684 412 3735 rum
500 3668 819 3741 omnium
897 3664 1241 3741 Dominus
1315 3677 1650 3739 testatam
1709 3667 1933 3739 voluit
2000 3664 2201 3737 Servi
2263 3664 2373 3735 sui

247 3781 735 3855 sanctitatem.
793 3780 1267 3872 Quamobrem
1339 3784 1522 3878 apud
1603 3782 1974 3856 consilium
2047 3778 2375 3851 Venera-

241 3894 500 3970 bilium
553 3898 883 3973 Fratrum
946 3900 1360 3975 Nostrorum
1438 3900 1514 3973 S.
1593 3900 1679 3971 R.
1739 3899 1825 3971 E.
1903 3894 2374 3970 Cardinalium

241 4012 506 4087 ritibus
544 4017 821 4089 tuendis
857 4019 1419 4113 praepositorum
1461 4018 1787 4089 instituta
1822 4016 2131 4111 primum
2160 4034 2379 4110 quae·

244 4130 396 4203 stio
459 4144 568 4204 est
627 4134 714 4205 de
783 4134 1184 4219 virtutibus,
1249 4136 1510 4232 quibus
1582 4132 1761 4206 Ven:
1829 4131 2125 4205 loannes
2196 4130 2377 4202 emi-

243 4248 550 4337 cuisset,
609 4262 826 4348 atque
875 4252 1397 4325 accuratissima
1439 4250 2030 4349 pervestigatione
2068 4243 2381 4329 adhibita
