<?xml version="1.0" encoding="UTF-8"?>
<!DOCTYPE html PUBLIC "-//W3C//DTD XHTML 1.0 Transitional//EN"
    "http://www.w3.org/TR/xhtml1/DTD/xhtml1-transitional.dtd">
<html xmlns="http://www.w3.org/1999/xhtml" xml:lang="en" lang="en">
 <head>
  <title>
</title>
<meta http-equiv="Content-Type" content="text/html;charset=utf-8" />
  <meta name='ocr-system' content='tesseract 3.04.00' />
  <meta name='ocr-capabilities' content='ocr_page ocr_carea ocr_par ocr_line ocrx_word'/>
</head>
<body>
  <div class='ocr_page' id='page_1' title='image "./piiixpontificis00ixgoog_0699.png"; bbox 0 0 3317 5267; ppageno 0'>
   <div class='ocr_carea' id='block_1_1' title="bbox 2307 432 2444 506">
    <p class='ocr_par' dir='ltr' id='par_1_1' title="bbox 2307 432 2444 506">
     <span class='ocr_line' id='line_1_1' title="bbox 2307 432 2444 506; baseline -0.022 0"><span class='ocrx_word' id='word_1_1' title='bbox 2307 432 2444 506; x_wconf 74' lang='lat'><strong><em>691</em></strong></span> 
     </span>
    </p>
   </div>
   <div class='ocr_carea' id='block_1_2' title="bbox 319 551 2562 3942">
    <p class='ocr_par' dir='ltr' id='par_1_2' title="bbox 319 551 2458 1472">
     <span class='ocr_line' id='line_1_2' title="bbox 319 551 2451 659; baseline -0.003 -27"><span class='ocrx_word' id='word_1_2' title='bbox 319 574 458 635; x_wconf 85' lang='lat' dir='ltr'><strong><em>tem</em></strong></span> <span class='ocrx_word' id='word_1_3' title='bbox 505 553 932 659; x_wconf 76' lang='lat' dir='ltr'><strong><em>perditionis</em></strong></span> <span class='ocrx_word' id='word_1_4' title='bbox 988 554 1092 656; x_wconf 80' lang='lat'><strong><em>(1)</em></strong></span> <span class='ocrx_word' id='word_1_5' title='bbox 1117 555 1549 654; x_wconf 84' lang='lat' dir='ltr'><strong><em>praedicant,</em></strong></span> <span class='ocrx_word' id='word_1_6' title='bbox 1605 567 1679 630; x_wconf 90' lang='lat' dir='ltr'><strong><em>et</em></strong></span> <span class='ocrx_word' id='word_1_7' title='bbox 1714 555 1902 654; x_wconf 88' lang='lat' dir='ltr'><strong><em>quod</em></strong></span> <span class='ocrx_word' id='word_1_8' title='bbox 1948 581 1981 626; x_wconf 75' lang='grc' dir='ltr'><strong>α</strong></span> <span class='ocrx_word' id='word_1_9' title='bbox 2026 556 2087 628; x_wconf 85' lang='lat' dir='ltr'><strong><em>si</em></strong></span> <span class='ocrx_word' id='word_1_10' title='bbox 2120 551 2451 627; x_wconf 89' lang='lat' dir='ltr'><strong><em>humanis</em></strong></span> 
     </span>
     <span class='ocr_line' id='line_1_3' title="bbox 327 672 2451 775; baseline -0.003 -27"><span class='ocrx_word' id='word_1_11' title='bbox 327 703 366 748; x_wconf 70' lang='lat' dir='ltr'><strong><em>n</em></strong></span> <span class='ocrx_word' id='word_1_12' title='bbox 427 675 996 775; x_wconf 87' lang='lat' dir='ltr'><strong><em>persuasionibus</em></strong></span> <span class='ocrx_word' id='word_1_13' title='bbox 1031 697 1313 771; x_wconf 86' lang='lat' dir='ltr'><strong><em>semper</em></strong></span> <span class='ocrx_word' id='word_1_14' title='bbox 1347 675 1738 770; x_wconf 85' lang='lat' dir='ltr'><strong><em>disceptare</em></strong></span> <span class='ocrx_word' id='word_1_15' title='bbox 1788 675 1883 748; x_wconf 87' lang='lat' dir='ltr'><strong><em>sit</em></strong></span> <span class='ocrx_word' id='word_1_16' title='bbox 1904 672 2233 758; x_wconf 86' lang='lat' dir='ltr'><strong><em>liberum,</em></strong></span> <span class='ocrx_word' id='word_1_17' title='bbox 2274 693 2451 746; x_wconf 88' lang='lat' dir='ltr'><strong><em>nun-</em></strong></span> 
     </span>
     <span class='ocr_line' id='line_1_4' title="bbox 334 789 2451 892; baseline -0.003 -27"><span class='ocrx_word' id='word_1_18' title='bbox 334 819 368 864; x_wconf 73' lang='lat' dir='ltr'><strong><em>n</em></strong></span> <span class='ocrx_word' id='word_1_19' title='bbox 428 817 642 892; x_wconf 88' lang='lat' dir='ltr'><strong><em>quam</em></strong></span> <span class='ocrx_word' id='word_1_20' title='bbox 697 794 942 867; x_wconf 88' lang='lat' dir='ltr'><strong><em>deesse</em></strong></span> <span class='ocrx_word' id='word_1_21' title='bbox 994 801 1353 888; x_wconf 83' lang='lat' dir='ltr'><strong><em>poterunt,</em></strong></span> <span class='ocrx_word' id='word_1_22' title='bbox 1408 791 1530 887; x_wconf 89' lang='lat' dir='ltr'><strong><em>qui</em></strong></span> <span class='ocrx_word' id='word_1_23' title='bbox 1587 791 1865 864; x_wconf 83' lang='lat' dir='ltr'><strong><em>veritati</em></strong></span> <span class='ocrx_word' id='word_1_24' title='bbox 1955 789 2260 862; x_wconf 81' lang='lat' dir='ltr'><strong>audeant</strong></span> <span class='ocrx_word' id='word_1_25' title='bbox 2334 811 2451 859; x_wconf 89' lang='lat' dir='ltr'><strong><em>re·-</em></strong></span> 
     </span>
     <span class='ocr_line' id='line_1_5' title="bbox 331 907 2457 1004; baseline -0.002 -24"><span class='ocrx_word' id='word_1_26' title='bbox 331 935 366 980; x_wconf 74' lang='grc'>»</span> <span class='ocrx_word' id='word_1_27' title='bbox 427 911 716 998; x_wconf 81' lang='lat' dir='ltr'><strong><em>sultare,</em></strong></span> <span class='ocrx_word' id='word_1_28' title='bbox 756 919 831 983; x_wconf 89' lang='lat' dir='ltr'><strong><em>et</em></strong></span> <span class='ocrx_word' id='word_1_29' title='bbox 864 910 952 982; x_wconf 88' lang='lat' dir='ltr'><strong><em>de</em></strong></span> <span class='ocrx_word' id='word_1_30' title='bbox 1001 908 1352 982; x_wconf 88' lang='lat' dir='ltr'><strong><em>humanae</em></strong></span> <span class='ocrx_word' id='word_1_31' title='bbox 1405 908 1790 1004; x_wconf 77' lang='lat' dir='ltr'><strong><em>sapientiae</em></strong></span> <span class='ocrx_word' id='word_1_32' title='bbox 1824 907 2249 1004; x_wconf 80' lang='lat' dir='ltr'>loquacitate</span> <span class='ocrx_word' id='word_1_33' title='bbox 2284 928 2457 979; x_wconf 89' lang='lat' dir='ltr'><strong><em>con-</em></strong></span> 
     </span>
     <span class='ocr_line' id='line_1_6' title="bbox 337 1024 2458 1120; baseline -0.002 -21"><span class='ocrx_word' id='word_1_34' title='bbox 337 1053 374 1099; x_wconf 83' lang='lat'>»</span> <span class='ocrx_word' id='word_1_35' title='bbox 429 1027 668 1114; x_wconf 83' lang='lat' dir='ltr'><strong><em>fidere,</em></strong></span> <span class='ocrx_word' id='word_1_36' title='bbox 723 1047 886 1100; x_wconf 87' lang='lat' dir='ltr'><strong><em>cum</em></strong></span> <span class='ocrx_word' id='word_1_37' title='bbox 939 1024 1122 1109; x_wconf 82' lang='lat' dir='ltr'><strong><em>hanc</em></strong></span> <span class='ocrx_word' id='word_1_38' title='bbox 1155 1025 1731 1100; x_wconf 81' lang='lat' dir='ltr'><strong><em>nocentissimam</em></strong></span> <span class='ocrx_word' id='word_1_39' title='bbox 1784 1025 2175 1098; x_wconf 84' lang='lat' dir='ltr'><strong><em>vanitatem</em></strong></span> <span class='ocrx_word' id='word_1_40' title='bbox 2227 1043 2458 1120; x_wconf 89' lang='lat' dir='ltr'><strong><em>quan-</em></strong></span> 
     </span>
     <span class='ocr_line' id='line_1_7' title="bbox 330 1139 2453 1239; baseline -0.001 -26"><span class='ocrx_word' id='word_1_41' title='bbox 330 1169 368 1213; x_wconf 70' lang='lat'>»</span> <span class='ocrx_word' id='word_1_42' title='bbox 431 1154 586 1216; x_wconf 88' lang='lat' dir='ltr'><strong><em>tum</em></strong></span> <span class='ocrx_word' id='word_1_43' title='bbox 637 1141 891 1216; x_wconf 85' lang='lat' dir='ltr'><strong><em>debeat</em></strong></span> <span class='ocrx_word' id='word_1_44' title='bbox 943 1139 1116 1215; x_wconf 84' lang='lat' dir='ltr'><strong><em>fides</em></strong></span> <span class='ocrx_word' id='word_1_45' title='bbox 1169 1153 1245 1214; x_wconf 91' lang='lat' dir='ltr'><strong><em>et</em></strong></span> <span class='ocrx_word' id='word_1_46' title='bbox 1295 1141 1642 1239; x_wconf 79' lang='lat' dir='ltr'><strong><em>sapientia</em></strong></span> <span class='ocrx_word' id='word_1_47' title='bbox 1694 1139 2079 1215; x_wconf 75' lang='lat' dir='ltr'><strong><em>christiana</em></strong></span> <span class='ocrx_word' id='word_1_48' title='bbox 2166 1139 2391 1212; x_wconf 85' lang='lat' dir='ltr'><strong><em>vitare</em></strong></span> <span class='ocrx_word' id='word_1_49' title='bbox 2428 1189 2453 1222; x_wconf 87' lang='lat'>‚</span> 
     </span>
     <span class='ocr_line' id='line_1_8' title="bbox 331 1253 2453 1356; baseline -0.003 -24"><span class='ocrx_word' id='word_1_50' title='bbox 331 1285 366 1332; x_wconf 73' lang='lat' dir='ltr'><strong><em>n</em></strong></span> <span class='ocrx_word' id='word_1_51' title='bbox 431 1281 522 1334; x_wconf 81' lang='lat' dir='ltr'><strong><em>ex</em></strong></span> <span class='ocrx_word' id='word_1_52' title='bbox 575 1259 728 1356; x_wconf 89' lang='lat' dir='ltr'><strong><em>ipsa</em></strong></span> <span class='ocrx_word' id='word_1_53' title='bbox 789 1255 1074 1332; x_wconf 85' lang='lat' dir='ltr'><strong><em>Domini</em></strong></span> <span class='ocrx_word' id='word_1_54' title='bbox 1125 1256 1363 1333; x_wconf 84' lang='lat' dir='ltr'><strong><em>Nostri</em></strong></span> <span class='ocrx_word' id='word_1_55' title='bbox 1416 1257 1572 1332; x_wconf 87' lang='lat' dir='ltr'><strong><em>lesu</em></strong></span> <span class='ocrx_word' id='word_1_56' title='bbox 1657 1255 1923 1330; x_wconf 81' lang='lat' dir='ltr'><strong><em>Christi</em></strong></span> <span class='ocrx_word' id='word_1_57' title='bbox 2006 1253 2453 1329; x_wconf 87' lang='lat' dir='ltr'><strong><em>institutione</em></strong></span> 
     </span>
     <span class='ocr_line' id='line_1_9' title="bbox 331 1371 1089 1472; baseline -0.004 -26"><span class='ocrx_word' id='word_1_58' title='bbox 331 1402 368 1446; x_wconf 69' lang='lat' dir='ltr'><strong><em>n</em></strong></span> <span class='ocrx_word' id='word_1_59' title='bbox 425 1385 804 1472; x_wconf 80' lang='lat' dir='ltr'><strong><em>cognoscat</em></strong></span> <span class='ocrx_word' id='word_1_60' title='bbox 860 1397 894 1442; x_wconf 66' lang='lat' dir='ltr'><strong><em>n</em></strong></span> <span class='ocrx_word' id='word_1_61' title='bbox 957 1371 1089 1472; x_wconf 72' lang='lat'><strong>(2).</strong></span> 
     </span>
    </p>

    <p class='ocr_par' dir='ltr' id='par_1_3' title="bbox 323 1490 2562 3942">
     <span class='ocr_line' id='line_1_10' title="bbox 481 1490 2458 1589; baseline -0.002 -24"><span class='ocrx_word' id='word_1_62' title='bbox 481 1491 576 1565; x_wconf 94' lang='lat' dir='ltr'><strong><em>Et</em></strong></span> <span class='ocrx_word' id='word_1_63' title='bbox 625 1492 958 1589; x_wconf 88' lang='lat' dir='ltr'><strong><em>quoniam</em></strong></span> <span class='ocrx_word' id='word_1_64' title='bbox 1001 1490 1131 1564; x_wconf 68' lang='lat' dir='ltr'><strong><em>‘ubi</em></strong></span> <span class='ocrx_word' id='word_1_65' title='bbox 1185 1513 1225 1563; x_wconf 89' lang='lat' dir='ltr'><strong><em>a</em></strong></span> <span class='ocrx_word' id='word_1_66' title='bbox 1259 1492 1448 1566; x_wconf 87' lang='lat' dir='ltr'><strong><em>civili</em></strong></span> <span class='ocrx_word' id='word_1_67' title='bbox 1499 1492 1838 1565; x_wconf 85' lang='lat' dir='ltr'><strong><em>societate</em></strong></span> <span class='ocrx_word' id='word_1_68' title='bbox 1890 1490 2026 1564; x_wconf 76' lang='lat' dir='ltr'><strong><em>fuit</em></strong></span> <span class='ocrx_word' id='word_1_69' title='bbox 2062 1501 2301 1564; x_wconf 88' lang='lat' dir='ltr'><strong><em>amota</em></strong></span> <span class='ocrx_word' id='word_1_70' title='bbox 2343 1511 2458 1562; x_wconf 82' lang='lat' dir='ltr'><strong><em>re-</em></strong></span> 
     </span>
     <span class='ocr_line' id='line_1_11' title="bbox 327 1611 2463 1714; baseline -0.003 -26"><span class='ocrx_word' id='word_1_71' title='bbox 327 1615 520 1714; x_wconf 80' lang='lat' dir='ltr'><strong><em>ligio,</em></strong></span> <span class='ocrx_word' id='word_1_72' title='bbox 575 1635 658 1686; x_wconf 87' lang='lat' dir='ltr'><strong><em>ac</em></strong></span> <span class='ocrx_word' id='word_1_73' title='bbox 707 1612 1074 1709; x_wconf 85' lang='lat' dir='ltr'><strong><em>repudiata</em></strong></span> <span class='ocrx_word' id='word_1_74' title='bbox 1125 1612 1401 1686; x_wconf 87' lang='lat' dir='ltr'><strong><em>divinae</em></strong></span> <span class='ocrx_word' id='word_1_75' title='bbox 1453 1613 1903 1686; x_wconf 83' lang='lat' dir='ltr'><strong><em>revelationis</em></strong></span> <span class='ocrx_word' id='word_1_76' title='bbox 1988 1611 2305 1687; x_wconf 80' lang='lat' dir='ltr'><strong><em>doctrina</em></strong></span> <span class='ocrx_word' id='word_1_77' title='bbox 2382 1622 2463 1682; x_wconf 89' lang='lat' dir='ltr'><strong><em>et</em></strong></span> 
     </span>
     <span class='ocr_line' id='line_1_12' title="bbox 329 1727 2461 1826; baseline -0.004 -19"><span class='ocrx_word' id='word_1_78' title='bbox 329 1731 738 1818; x_wconf 85' lang='lat' dir='ltr'><strong><em>auctoritas,</em></strong></span> <span class='ocrx_word' id='word_1_79' title='bbox 793 1729 905 1802; x_wconf 77' lang='lat' dir='ltr'><strong><em>vel</em></strong></span> <span class='ocrx_word' id='word_1_80' title='bbox 983 1729 1136 1825; x_wconf 84' lang='lat' dir='ltr'><strong><em>ipsa</em></strong></span> <span class='ocrx_word' id='word_1_81' title='bbox 1213 1735 1546 1826; x_wconf 78' lang='lat' dir='ltr'><strong><em>germana</em></strong></span> <span class='ocrx_word' id='word_1_82' title='bbox 1625 1729 1937 1802; x_wconf 80' lang='lat' dir='ltr'><strong><em>iustitiae</em></strong></span> <span class='ocrx_word' id='word_1_83' title='bbox 2022 1727 2461 1823; x_wconf 87' lang='lat' dir='ltr'><strong><em>humanique</em></strong></span> 
     </span>
     <span class='ocr_line' id='line_1_13' title="bbox 323 1845 2465 1941; baseline -0.004 -15"><span class='ocrx_word' id='word_1_84' title='bbox 323 1850 496 1926; x_wconf 86' lang='lat' dir='ltr'><strong><em>iuris</em></strong></span> <span class='ocrx_word' id='word_1_85' title='bbox 547 1848 742 1922; x_wconf 89' lang='lat' dir='ltr'><strong><em>notio</em></strong></span> <span class='ocrx_word' id='word_1_86' title='bbox 789 1846 1099 1921; x_wconf 84' lang='lat' dir='ltr'><strong><em>tenebris</em></strong></span> <span class='ocrx_word' id='word_1_87' title='bbox 1151 1846 1564 1922; x_wconf 82' lang='lat' dir='ltr'><strong><em>obscuratur</em></strong></span> <span class='ocrx_word' id='word_1_88' title='bbox 1615 1857 1691 1919; x_wconf 97' lang='lat' dir='ltr'><strong><em>et</em></strong></span> <span class='ocrx_word' id='word_1_89' title='bbox 1778 1845 2131 1918; x_wconf 87' lang='lat' dir='ltr'><strong><em>amittitur</em></strong></span> <span class='ocrx_word' id='word_1_90' title='bbox 2173 1895 2194 1932; x_wconf 89' lang='lat'><strong>,</strong></span> <span class='ocrx_word' id='word_1_91' title='bbox 2249 1855 2465 1941; x_wconf 87' lang='lat' dir='ltr'><strong><em>atque</em></strong></span> 
     </span>
     <span class='ocr_line' id='line_1_14' title="bbox 329 1961 2461 2060; baseline -0.004 -20"><span class='ocrx_word' id='word_1_92' title='bbox 329 1969 403 2040; x_wconf 89' lang='lat' dir='ltr'><strong><em>in</em></strong></span> <span class='ocrx_word' id='word_1_93' title='bbox 455 1987 660 2038; x_wconf 76' lang='lat' dir='ltr'><strong><em>verae</em></strong></span> <span class='ocrx_word' id='word_1_94' title='bbox 696 1963 1004 2037; x_wconf 87' lang='lat' dir='ltr'><strong><em>iustitiae</em></strong></span> <span class='ocrx_word' id='word_1_95' title='bbox 1038 1962 1474 2060; x_wconf 81' lang='lat' dir='ltr'><strong><em>legitimique</em></strong></span> <span class='ocrx_word' id='word_1_96' title='bbox 1549 1963 1719 2036; x_wconf 85' lang='lat' dir='ltr'><strong><em>iuris</em></strong></span> <span class='ocrx_word' id='word_1_97' title='bbox 1792 1961 2031 2035; x_wconf 89' lang='lat' dir='ltr'><strong><em>locum</em></strong></span> <span class='ocrx_word' id='word_1_98' title='bbox 2110 1961 2461 2034; x_wconf 88' lang='lat' dir='ltr'><strong><em>materia-</em></strong></span> 
     </span>
     <span class='ocr_line' id='line_1_15' title="bbox 331 2078 2465 2176; baseline -0.002 -19"><span class='ocrx_word' id='word_1_99' title='bbox 331 2083 422 2158; x_wconf 87' lang='lat' dir='ltr'><strong><em>lis</em></strong></span> <span class='ocrx_word' id='word_1_100' title='bbox 457 2081 912 2155; x_wconf 79' lang='lat' dir='ltr'><strong><em>substituitur</em></strong></span> <span class='ocrx_word' id='word_1_101' title='bbox 960 2080 1096 2166; x_wconf 76' lang='lat' dir='ltr'><strong><em>vie,</em></strong></span> <span class='ocrx_word' id='word_1_102' title='bbox 1136 2080 1298 2153; x_wconf 89' lang='lat' dir='ltr'><strong><em>inde</em></strong></span> <span class='ocrx_word' id='word_1_103' title='bbox 1349 2080 1571 2176; x_wconf 89' lang='lat' dir='ltr'><strong><em>liquet</em></strong></span> <span class='ocrx_word' id='word_1_104' title='bbox 1639 2101 1765 2152; x_wconf 86' lang='lat' dir='ltr'><strong><em>cur</em></strong></span> <span class='ocrx_word' id='word_1_105' title='bbox 1818 2078 2160 2166; x_wconf 85' lang='lat' dir='ltr'><strong><em>nonnulli,</em></strong></span> <span class='ocrx_word' id='word_1_106' title='bbox 2198 2079 2465 2153; x_wconf 81' lang='lat' dir='ltr'><strong><em>certis—-</em></strong></span> 
     </span>
     <span class='ocr_line' id='line_1_16' title="bbox 329 2195 2459 2295; baseline -0.002 -21"><span class='ocrx_word' id='word_1_107' title='bbox 329 2199 532 2275; x_wconf 86' lang='lat' dir='ltr'><strong><em>simis</em></strong></span> <span class='ocrx_word' id='word_1_108' title='bbox 579 2221 790 2273; x_wconf 86' lang='lat' dir='ltr'><strong><em>sanae</em></strong></span> <span class='ocrx_word' id='word_1_109' title='bbox 841 2199 1136 2273; x_wconf 89' lang='lat' dir='ltr'><strong><em>rationis</em></strong></span> <span class='ocrx_word' id='word_1_110' title='bbox 1172 2199 1533 2294; x_wconf 81' lang='lat' dir='ltr'><strong><em>principiis</em></strong></span> <span class='ocrx_word' id='word_1_111' title='bbox 1554 2198 1840 2294; x_wconf 84' lang='lat' dir='ltr'><strong><em>penitus</em></strong></span> <span class='ocrx_word' id='word_1_112' title='bbox 1877 2195 2213 2295; x_wconf 80' lang='lat' dir='ltr'><strong><em>neglectis</em></strong></span> <span class='ocrx_word' id='word_1_113' title='bbox 2249 2209 2459 2295; x_wconf 82' lang='lat' dir='ltr'><strong><em>post-</em></strong></span> 
     </span>
     <span class='ocr_line' id='line_1_17' title="bbox 336 2305 2467 2415; baseline -0.003 -24"><span class='ocrx_word' id='word_1_114' title='bbox 336 2317 766 2415; x_wconf 82' lang='lat' dir='ltr'><strong><em>habitisque,</em></strong></span> <span class='ocrx_word' id='word_1_115' title='bbox 821 2316 1130 2389; x_wconf 89' lang='lat' dir='ltr'><strong><em>audcant</em></strong></span> <span class='ocrx_word' id='word_1_116' title='bbox 1179 2314 1645 2400; x_wconf 84' lang='lat' dir='ltr'><strong><em>conclamare,</em></strong></span> <span class='ocrx_word' id='word_1_117' title='bbox 1714 2339 1747 2384; x_wconf 70' lang='lat' dir='ltr'><strong><em>e&lt;</em></strong></span> <span class='ocrx_word' id='word_1_118' title='bbox 1809 2305 2250 2390; x_wconf 80' lang='lat' dir='ltr'><strong><em>voluntatem</em></strong></span> <span class='ocrx_word' id='word_1_119' title='bbox 2330 2337 2467 2411; x_wconf 90' lang='lat' dir='ltr'><strong><em>po-</em></strong></span> 
     </span>
     <span class='ocr_line' id='line_1_18' title="bbox 327 2431 2471 2534; baseline -0 -25"><span class='ocrx_word' id='word_1_120' title='bbox 327 2435 501 2534; x_wconf 86' lang='lat' dir='ltr'><strong><em>puli,</em></strong></span> <span class='ocrx_word' id='word_1_121' title='bbox 555 2433 858 2531; x_wconf 88' lang='lat' dir='ltr'><strong><em>publica,</em></strong></span> <span class='ocrx_word' id='word_1_122' title='bbox 917 2453 1130 2531; x_wconf 86' lang='lat' dir='ltr'><strong><em>quam</em></strong></span> <span class='ocrx_word' id='word_1_123' title='bbox 1183 2431 1451 2520; x_wconf 87' lang='lat' dir='ltr'><strong><em>dicunt,</em></strong></span> <span class='ocrx_word' id='word_1_124' title='bbox 1508 2434 1879 2530; x_wconf 86' lang='lat' dir='ltr'><strong><em>opinione,</em></strong></span> <span class='ocrx_word' id='word_1_125' title='bbox 1941 2433 2053 2506; x_wconf 85' lang='lat' dir='ltr'><strong><em>vel</em></strong></span> <span class='ocrx_word' id='word_1_126' title='bbox 2090 2432 2222 2505; x_wconf 86' lang='lat' dir='ltr'><strong><em>alia</em></strong></span> <span class='ocrx_word' id='word_1_127' title='bbox 2256 2434 2471 2508; x_wconf 85' lang='lat' dir='ltr'><strong><em>ratio·</em></strong></span> 
     </span>
     <span class='ocr_line' id='line_1_19' title="bbox 325 2548 2471 2647; baseline -0.001 -20"><span class='ocrx_word' id='word_1_128' title='bbox 325 2575 418 2647; x_wconf 81' lang='lat' dir='ltr'><strong><em>ne</em></strong></span> <span class='ocrx_word' id='word_1_129' title='bbox 469 2552 991 2626; x_wconf 79' lang='lat' dir='ltr'><strong><em>manifestatam</em></strong></span> <span class='ocrx_word' id='word_1_130' title='bbox 1055 2551 1486 2626; x_wconf 81' lang='lat' dir='ltr'><strong><em>constituere</em></strong></span> <span class='ocrx_word' id='word_1_131' title='bbox 1577 2571 1999 2646; x_wconf 76' lang='lat' dir='ltr'><strong><em>supremam</em></strong></span> <span class='ocrx_word' id='word_1_132' title='bbox 2075 2548 2305 2645; x_wconf 79' lang='lat' dir='ltr'><strong><em>legem</em></strong></span> <span class='ocrx_word' id='word_1_133' title='bbox 2379 2549 2471 2624; x_wconf 87' lang='lat' dir='ltr'><strong><em>ab</em></strong></span> 
     </span>
     <span class='ocr_line' id='line_1_20' title="bbox 329 2667 2469 2764; baseline -0.001 -19"><span class='ocrx_word' id='word_1_134' title='bbox 329 2670 524 2745; x_wconf 89' lang='lat' dir='ltr'><strong><em>omni</em></strong></span> <span class='ocrx_word' id='word_1_135' title='bbox 573 2668 812 2742; x_wconf 78' lang='lat' dir='ltr'><strong><em>divino</em></strong></span> <span class='ocrx_word' id='word_1_136' title='bbox 865 2667 1318 2764; x_wconf 86' lang='lat' dir='ltr'><strong><em>humanoque</em></strong></span> <span class='ocrx_word' id='word_1_137' title='bbox 1371 2667 1524 2741; x_wconf 85' lang='lat' dir='ltr'><strong><em>iure</em></strong></span> <span class='ocrx_word' id='word_1_138' title='bbox 1575 2669 1910 2754; x_wconf 86' lang='lat' dir='ltr'><strong><em>solutam,</em></strong></span> <span class='ocrx_word' id='word_1_139' title='bbox 1966 2677 2041 2740; x_wconf 88' lang='lat' dir='ltr'><strong><em>et</em></strong></span> <span class='ocrx_word' id='word_1_140' title='bbox 2102 2668 2174 2741; x_wconf 90' lang='lat' dir='ltr'><strong><em>in</em></strong></span> <span class='ocrx_word' id='word_1_141' title='bbox 2226 2669 2469 2742; x_wconf 83' lang='lat' dir='ltr'><strong><em>ordine</em></strong></span> 
     </span>
     <span class='ocr_line' id='line_1_21' title="bbox 329 2783 2471 2884; baseline -0.002 -23"><span class='ocrx_word' id='word_1_142' title='bbox 329 2786 612 2884; x_wconf 86' lang='lat' dir='ltr'><strong><em>politico</em></strong></span> <span class='ocrx_word' id='word_1_143' title='bbox 661 2783 847 2858; x_wconf 88' lang='lat' dir='ltr'><strong><em>facta</em></strong></span> <span class='ocrx_word' id='word_1_144' title='bbox 900 2795 1417 2870; x_wconf 86' lang='lat' dir='ltr'><strong><em>consummata,</em></strong></span> <span class='ocrx_word' id='word_1_145' title='bbox 1473 2807 1558 2858; x_wconf 90' lang='lat' dir='ltr'><strong><em>eo</em></strong></span> <span class='ocrx_word' id='word_1_146' title='bbox 1619 2783 1776 2879; x_wconf 89' lang='lat' dir='ltr'><strong><em>ipso</em></strong></span> <span class='ocrx_word' id='word_1_147' title='bbox 1854 2784 2043 2881; x_wconf 86' lang='lat' dir='ltr'><strong><em>quod</em></strong></span> <span class='ocrx_word' id='word_1_148' title='bbox 2129 2807 2471 2859; x_wconf 87' lang='lat' dir='ltr'><strong><em>consum-</em></strong></span> 
     </span>
     <span class='ocr_line' id='line_1_22' title="bbox 331 2898 2463 2996; baseline -0.002 -19"><span class='ocrx_word' id='word_1_149' title='bbox 331 2913 526 2976; x_wconf 89' lang='lat' dir='ltr'><strong><em>mata</em></strong></span> <span class='ocrx_word' id='word_1_150' title='bbox 576 2911 767 2985; x_wconf 87' lang='lat' dir='ltr'><strong><em>sunt,</em></strong></span> <span class='ocrx_word' id='word_1_151' title='bbox 810 2901 956 2972; x_wconf 85' lang='lat' dir='ltr'><strong><em>vim</em></strong></span> <span class='ocrx_word' id='word_1_152' title='bbox 1009 2899 1182 2971; x_wconf 89' lang='lat' dir='ltr'><strong><em>iuris</em></strong></span> <span class='ocrx_word' id='word_1_153' title='bbox 1235 2899 1498 2972; x_wconf 89' lang='lat' dir='ltr'><strong><em>habere</em></strong></span> <span class='ocrx_word' id='word_1_154' title='bbox 1559 2924 1625 2969; x_wconf 85' lang='lat'><strong><em>».</em></strong></span> <span class='ocrx_word' id='word_1_155' title='bbox 1688 2898 1949 2972; x_wconf 85' lang='lat' dir='ltr'><strong><em>Verum</em></strong></span> <span class='ocrx_word' id='word_1_156' title='bbox 2028 2901 2267 2996; x_wconf 86' lang='lat' dir='ltr'><strong><em>ecquis</em></strong></span> <span class='ocrx_word' id='word_1_157' title='bbox 2320 2923 2463 2974; x_wconf 90' lang='lat' dir='ltr'><strong><em>non</em></strong></span> 
     </span>
     <span class='ocr_line' id='line_1_23' title="bbox 333 3014 2471 3114; baseline -0 -21"><span class='ocrx_word' id='word_1_158' title='bbox 333 3021 552 3106; x_wconf 85' lang='lat' dir='ltr'><strong><em>videt,</em></strong></span> <span class='ocrx_word' id='word_1_159' title='bbox 607 3017 959 3114; x_wconf 85' lang='lat' dir='ltr'><strong><em>planeque</em></strong></span> <span class='ocrx_word' id='word_1_160' title='bbox 1009 3015 1260 3101; x_wconf 83' lang='lat' dir='ltr'><strong><em>sentit,</em></strong></span> <span class='ocrx_word' id='word_1_161' title='bbox 1314 3014 1689 3088; x_wconf 86' lang='lat' dir='ltr'><strong><em>hominum</em></strong></span> <span class='ocrx_word' id='word_1_162' title='bbox 1742 3017 2157 3090; x_wconf 86' lang='lat' dir='ltr'><strong><em>societatem</em></strong></span> <span class='ocrx_word' id='word_1_163' title='bbox 2188 3017 2471 3113; x_wconf 82' lang='lat' dir='ltr'><strong><em>religio-</em></strong></span> 
     </span>
     <span class='ocr_line' id='line_1_24' title="bbox 330 3132 2468 3210; baseline -0 0"><span class='ocrx_word' id='word_1_164' title='bbox 330 3139 442 3210; x_wconf 85' lang='lat' dir='ltr'><strong><em>nis</em></strong></span> <span class='ocrx_word' id='word_1_165' title='bbox 493 3159 576 3210; x_wconf 90' lang='lat' dir='ltr'><strong><em>ac</em></strong></span> <span class='ocrx_word' id='word_1_166' title='bbox 629 3157 840 3210; x_wconf 78' lang='lat' dir='ltr'><strong><em>verae</em></strong></span> <span class='ocrx_word' id='word_1_167' title='bbox 894 3134 1202 3208; x_wconf 88' lang='lat' dir='ltr'><strong><em>iustitiae</em></strong></span> <span class='ocrx_word' id='word_1_168' title='bbox 1255 3132 1554 3207; x_wconf 86' lang='lat' dir='ltr'><strong><em>vinculis</em></strong></span> <span class='ocrx_word' id='word_1_169' title='bbox 1608 3133 1919 3208; x_wconf 86' lang='lat' dir='ltr'><strong><em>solutam</em></strong></span> <span class='ocrx_word' id='word_1_170' title='bbox 1957 3133 2229 3208; x_wconf 89' lang='lat' dir='ltr'><strong><em>nullum</em></strong></span> <span class='ocrx_word' id='word_1_171' title='bbox 2281 3133 2468 3209; x_wconf 87' lang='lat' dir='ltr'><strong><em>aliud</em></strong></span> 
     </span>
     <span class='ocr_line' id='line_1_25' title="bbox 329 3249 2471 3350; baseline -0.002 -22"><span class='ocrx_word' id='word_1_172' title='bbox 329 3252 646 3350; x_wconf 84' lang='lat' dir='ltr'><strong><em>profecto</em></strong></span> <span class='ocrx_word' id='word_1_173' title='bbox 695 3252 1137 3349; x_wconf 84' lang='lat' dir='ltr'><strong><em>propositum</em></strong></span> <span class='ocrx_word' id='word_1_174' title='bbox 1179 3249 1437 3323; x_wconf 88' lang='lat' dir='ltr'><strong><em>habere</em></strong></span> <span class='ocrx_word' id='word_1_175' title='bbox 1473 3273 1707 3346; x_wconf 87' lang='lat' dir='ltr'><strong><em>posse,</em></strong></span> <span class='ocrx_word' id='word_1_176' title='bbox 1756 3250 1893 3324; x_wconf 89' lang='lat' dir='ltr'><strong><em>nisi</em></strong></span> <span class='ocrx_word' id='word_1_177' title='bbox 1946 3273 2243 3348; x_wconf 88' lang='lat' dir='ltr'><strong><em>scopum</em></strong></span> <span class='ocrx_word' id='word_1_178' title='bbox 2279 3275 2471 3326; x_wconf 85' lang='lat' dir='ltr'><strong><em>com-</em></strong></span> 
     </span>
     <span class='ocr_line' id='line_1_26' title="bbox 331 3367 2469 3470; baseline 0 -26"><span class='ocrx_word' id='word_1_179' title='bbox 331 3371 620 3470; x_wconf 87' lang='lat' dir='ltr'><strong><em>parandi</em></strong></span> <span class='ocrx_word' id='word_1_180' title='bbox 661 3421 680 3457; x_wconf 93' lang='lat'><strong>,</strong></span> <span class='ocrx_word' id='word_1_181' title='bbox 753 3367 1293 3465; x_wconf 84' lang='lat' dir='ltr'><strong><em>cumulandique</em></strong></span> <span class='ocrx_word' id='word_1_182' title='bbox 1341 3389 1511 3464; x_wconf 88' lang='lat' dir='ltr'><strong><em>opes</em></strong></span> <span class='ocrx_word' id='word_1_183' title='bbox 1553 3419 1574 3456; x_wconf 89' lang='lat'><strong>,</strong></span> <span class='ocrx_word' id='word_1_184' title='bbox 1631 3369 2041 3468; x_wconf 80' lang='lat' dir='ltr'><strong><em>nullamque</em></strong></span> <span class='ocrx_word' id='word_1_185' title='bbox 2108 3370 2315 3444; x_wconf 80' lang='lat' dir='ltr'><strong><em>aliam</em></strong></span> <span class='ocrx_word' id='word_1_186' title='bbox 2394 3371 2469 3444; x_wconf 91' lang='lat' dir='ltr'><strong><em>in</em></strong></span> 
     </span>
     <span class='ocr_line' id='line_1_27' title="bbox 330 3487 2473 3585; baseline 0 -23"><span class='ocrx_word' id='word_1_187' title='bbox 330 3489 478 3562; x_wconf 90' lang='lat' dir='ltr'><strong><em>suis</em></strong></span> <span class='ocrx_word' id='word_1_188' title='bbox 513 3487 904 3565; x_wconf 87' lang='lat' dir='ltr'><strong><em>actionibus</em></strong></span> <span class='ocrx_word' id='word_1_189' title='bbox 937 3487 1166 3584; x_wconf 79' lang='lat' dir='ltr'><strong><em>legem</em></strong></span> <span class='ocrx_word' id='word_1_190' title='bbox 1210 3487 1435 3585; x_wconf 87' lang='lat' dir='ltr'><strong><em>sequi,</em></strong></span> <span class='ocrx_word' id='word_1_191' title='bbox 1467 3488 1600 3562; x_wconf 91' lang='lat' dir='ltr'><strong><em>nisi</em></strong></span> <span class='ocrx_word' id='word_1_192' title='bbox 1641 3489 2070 3564; x_wconf 87' lang='lat' dir='ltr'><strong><em>indomitam</em></strong></span> <span class='ocrx_word' id='word_1_193' title='bbox 2100 3488 2314 3562; x_wconf 88' lang='lat' dir='ltr'><strong><em>animi</em></strong></span> <span class='ocrx_word' id='word_1_194' title='bbox 2344 3513 2473 3563; x_wconf 85' lang='lat' dir='ltr'><strong><em>cu-</em></strong></span> 
     </span>
     <span class='ocr_line' id='line_1_28' title="bbox 329 3608 2562 3706; baseline 0 -24"><span class='ocrx_word' id='word_1_195' title='bbox 329 3609 701 3706; x_wconf 88' lang='lat' dir='ltr'><strong><em>piditatem</em></strong></span> <span class='ocrx_word' id='word_1_196' title='bbox 752 3608 1179 3682; x_wconf 80' lang='lat' dir='ltr'><strong><em>inserviendi</em></strong></span> <span class='ocrx_word' id='word_1_197' title='bbox 1229 3609 1534 3706; x_wconf 82' lang='lat' dir='ltr'><strong><em>propriis</em></strong></span> <span class='ocrx_word' id='word_1_198' title='bbox 1588 3609 2085 3706; x_wconf 80' lang='lat' dir='ltr'><strong><em>voluptatibus</em></strong></span> <span class='ocrx_word' id='word_1_199' title='bbox 2138 3621 2213 3684; x_wconf 91' lang='lat' dir='ltr'><strong><em>et</em></strong></span> <span class='ocrx_word' id='word_1_200' title='bbox 2274 3633 2474 3684; x_wconf 84' lang='lat' dir='ltr'><strong><em>com-</em></strong></span> <span class='ocrx_word' id='word_1_201' title='bbox 2557 3634 2562 3639; x_wconf 91' lang='lat'><em>·</em></span> 
     </span>
     <span class='ocr_line' id='line_1_29' title="bbox 327 3719 2475 3822; baseline 0.001 -24"><span class='ocrx_word' id='word_1_202' title='bbox 327 3719 559 3799; x_wconf 82' lang='lat' dir='ltr'><strong><em>modis</em></strong></span> <span class='ocrx_word' id='word_1_203' title='bbox 589 3721 632 3795; x_wconf 69' lang='grc' dir='ltr'><strong><em>ἰ)</em></strong></span> <span class='ocrx_word' id='word_1_204' title='bbox 686 3723 1086 3822; x_wconf 85' lang='lat' dir='ltr'><strong><em>Eapropter</em></strong></span> <span class='ocrx_word' id='word_1_205' title='bbox 1135 3723 1538 3798; x_wconf 86' lang='lat' dir='ltr'><strong><em>huiusmodi</em></strong></span> <span class='ocrx_word' id='word_1_206' title='bbox 1590 3723 1918 3800; x_wconf 87' lang='lat' dir='ltr'><strong><em>homines</em></strong></span> <span class='ocrx_word' id='word_1_207' title='bbox 1970 3726 2229 3800; x_wconf 84' lang='lat' dir='ltr'><strong><em>acerbo</em></strong></span> <span class='ocrx_word' id='word_1_208' title='bbox 2302 3749 2475 3801; x_wconf 88' lang='lat' dir='ltr'><strong><em>sane</em></strong></span> 
     </span>
     <span class='ocr_line' id='line_1_30' title="bbox 331 3841 2473 3942; baseline 0.001 -24"><span class='ocrx_word' id='word_1_209' title='bbox 331 3843 492 3918; x_wconf 87' lang='lat' dir='ltr'><strong><em>odio</em></strong></span> <span class='ocrx_word' id='word_1_210' title='bbox 543 3843 983 3918; x_wconf 86' lang='lat' dir='ltr'><strong><em>insectantur</em></strong></span> <span class='ocrx_word' id='word_1_211' title='bbox 1031 3843 1418 3941; x_wconf 79' lang='lat' dir='ltr'><strong><em>Religiosas</em></strong></span> <span class='ocrx_word' id='word_1_212' title='bbox 1491 3841 1822 3918; x_wconf 85' lang='lat' dir='ltr'><strong><em>Familias</em></strong></span> <span class='ocrx_word' id='word_1_213' title='bbox 1874 3846 2200 3942; x_wconf 81' lang='lat' dir='ltr'><strong><em>quamvis</em></strong></span> <span class='ocrx_word' id='word_1_214' title='bbox 2250 3845 2343 3920; x_wconf 90' lang='lat' dir='ltr'><strong><em>de</em></strong></span> <span class='ocrx_word' id='word_1_215' title='bbox 2392 3867 2473 3920; x_wconf 84' lang='lat' dir='ltr'><strong><em>re</em></strong></span> 
     </span>
    </p>
   </div>
   <div class='ocr_carea' id='block_1_3' title="bbox 495 4105 2055 4283">
    <p class='ocr_par' dir='ltr' id='par_1_4' title="bbox 495 4105 2055 4283">
     <span class='ocr_line' id='line_1_31' title="bbox 495 4105 1584 4189; baseline 0 -19"><span class='ocrx_word' id='word_1_216' title='bbox 495 4105 686 4189; x_wconf 58' lang='grc' dir='ltr'><strong><em>(πε.</em></strong></span> <span class='ocrx_word' id='word_1_217' title='bbox 730 4107 883 4189; x_wconf 78' lang='lat' dir='ltr'><strong><em>Aug.</em></strong></span> <span class='ocrx_word' id='word_1_218' title='bbox 925 4105 1118 4189; x_wconf 77' lang='lat' dir='ltr'><strong><em>Epist.</em></strong></span> <span class='ocrx_word' id='word_1_219' title='bbox 1162 4105 1280 4170; x_wconf 66' lang='grc' dir='ltr'><strong><em>ωε</em></strong></span> <span class='ocrx_word' id='word_1_220' title='bbox 1322 4106 1402 4171; x_wconf 81' lang='lat' dir='ltr'><strong><em>al.</em></strong></span> <span class='ocrx_word' id='word_1_221' title='bbox 1445 4105 1584 4172; x_wconf 72' lang='lat'>1⁶6.</span> 
     </span>
     <span class='ocr_line' id='line_1_32' title="bbox 497 4197 2055 4283; baseline -0.001 -19"><span class='ocrx_word' id='word_1_222' title='bbox 497 4199 584 4283; x_wconf 73' lang='lat' dir='ltr'><strong><em>(s)</em></strong></span> <span class='ocrx_word' id='word_1_223' title='bbox 623 4200 686 4265; x_wconf 77' lang='lat' dir='ltr'><strong><em>s,</em></strong></span> <span class='ocrx_word' id='word_1_224' title='bbox 729 4201 850 4266; x_wconf 73' lang='lat' dir='ltr'><strong><em>Leo</em></strong></span> <span class='ocrx_word' id='word_1_225' title='bbox 891 4197 1080 4282; x_wconf 79' lang='lat' dir='ltr'><strong><em>Epist.</em></strong></span> <span class='ocrx_word' id='word_1_226' title='bbox 1121 4197 1200 4263; x_wconf 79' lang='lat' dir='ltr'><em>u</em></span> <span class='ocrx_word' id='word_1_227' title='bbox 1241 4199 1322 4264; x_wconf 74' lang='lat' dir='ltr'><strong><em>ai.</em></strong></span> <span class='ocrx_word' id='word_1_228' title='bbox 1366 4197 1504 4264; x_wconf 79' lang='lat'><strong>133.</strong></span> <span class='ocrx_word' id='word_1_229' title='bbox 1548 4202 1603 4280; x_wconf 71' lang='lat'><strong><em>§-</em></strong></span> <span class='ocrx_word' id='word_1_230' title='bbox 1647 4201 1691 4265; x_wconf 72' lang='lat'>2</span> <span class='ocrx_word' id='word_1_231' title='bbox 1726 4199 1875 4266; x_wconf 69' lang='lat' dir='ltr'><strong><em>edit.</em></strong></span> <span class='ocrx_word' id='word_1_232' title='bbox 1902 4199 2055 4266; x_wconf 75' lang='lat' dir='ltr'><strong><em>san.</em></strong></span> 
     </span>
    </p>
   </div>
  </div>
 </body>
</html>
