3317 5267
915 430 1010 502 62

899 574 911 581 ·
1065 542 1218 617 Non
1283 541 1755 629 obstantibus,
1810 553 2161 639 quatenus
2210 566 2389 641 opus
2440 546 2563 635 sit,
2632 538 2907 621 Nostris
2974 556 3057 621 et

899 661 1377 735 Cancellariae
1463 654 1909 756 Apostolieae
1987 662 2247 760 regulis
2324 665 2413 738 de
2490 666 2640 739 iure
2728 665 3053 761 quaesito

905 798 1054 853 non
1109 777 1444 864 tollendo,
1501 790 1574 851 et
1621 778 1709 851 de
1762 780 2003 871 gratiis
2058 804 2201 854 non
2272 782 2741 856 concedendis
2792 783 2884 855 ad
2934 782 3057 853 in·-

903 907 1084 981 star,
1140 916 1222 967 ac
1292 892 1783 967 Lateranensis
1872 892 2164 970 Concilii
2244 898 2634 973 novissime
2712 896 3052 971 celebrati

901 1010 1567 1086 dismembrationes
1620 1020 2032 1105 perpetuaS,
2087 1013 2223 1085 nisi
2298 1014 2371 1085 in
2451 1013 2731 1089 casibus
2800 1036 2843 1085 a
2892 1013 3049 1087 iure

903 1128 1296 1225 permissis,
1327 1126 1476 1201 fleri
1503 1126 1974 1223 prohibentis,
2006 1128 2299 1225 aliisque
2326 1132 2543 1203 etiam
2570 1131 2645 1201 in
2668 1128 3046 1225 Synodali-

906 1248 1040 1322 bus
1072 1300 1093 1335 ,
1133 1244 1691 1321 Provincialibus
1730 1298 1751 1333 ,
1792 1244 2253 1321 Generalibus
2285 1302 2305 1335 ,
2372 1247 3043 1344 Universalibusque

899 1364 1232 1439 Conciliis
1289 1362 1498 1437 editis
1551 1363 2003 1460 specialibus,
2060 1364 2171 1437 vel
2234 1366 2681 1461 generalibus
2712 1418 2733 1453 ,
2786 1365 3048 1439 cousti-

901 1482 1298 1557 tutionibus
1351 1491 1428 1554 et
1477 1480 2039 1556 ordinationibus
2070 1480 2521 1579 Apostolicis,
2549 1483 2844 1579 aliisque
2892 1482 3044 1556 Ro-

898 1620 1272 1674 manorum
1313 1597 1738 1673 Pontificum
1768 1596 2407 1673 Praedecessorum
2462 1599 2880 1674 Nostrorum
2928 1598 3042 1671 di-

899 1712 1406 1814 spositionibus
1440 1768 1458 1803 ‚
1524 1715 1783 1812 quibus
1836 1716 2169 1789 omnibus
2248 1728 2324 1791 et
2374 1718 2694 1815 singulis,
2752 1717 3035 1793 etiamsi

899 1858 1030 1931 pro
1066 1833 1368 1908 illorum·
1385 1830 1765 1906 sufficienti
1800 1832 2257 1929 derogatione
2293 1836 2381 1907 de
2415 1834 2576 1921 illis,
2614 1834 3035 1928 illorumque

897 1956 1068 2029 totis
1120 1952 1506 2039 tenoribus,
1561 1952 1909 2048 specialis,
1964 1953 2287 2050 specifica
2320 1965 2397 2027 et
2446 1954 2827 2041 individua,
2880 1972 3027 2024 non

896 2084 1136 2147 autem
1165 2094 1290 2166 per
1313 2069 1663 2143 clausulas
1691 2070 2051 2166 generales
2104 2072 2289 2145 idem
2328 2073 2791 2168 importantes
2824 2088 3033 2141 men-

761 2239 773 2248 ·
893 2192 998 2263 tio
1047 2186 1376 2261 habenda
1427 2186 1638 2274 foret,
1678 2187 1951 2261 eisdem
1986 2186 2481 2283 praesentibus
2530 2208 2663 2285 pro
2710 2187 2920 2285 plene
2950 2193 3033 2257 et

895 2305 1326 2380 sufficienter
1376 2305 1735 2400 expressis
1786 2302 2168 2393 habentes,
2224 2306 2361 2381 illis
2414 2307 2585 2380 alias
2634 2307 2708 2377 in
2744 2326 2873 2377 suo
2908 2326 3030 2377 ro-

894 2426 1064 2500 bore
1113 2424 1617 2519 permansuris,
1651 2422 1999 2497 latissime
2050 2436 2126 2499 et
2160 2425 2590 2521 plenissime,
2628 2420 3027 2521 specialiter

893 2554 970 2618 et
1022 2564 1384 2639 expresse,
1415 2564 1544 2638 pro
1596 2542 1731 2615 hac
1782 2543 1937 2616 vice
1992 2542 2397 2634 dumtaxat,
2435 2545 2689 2618 harum
2740 2562 3024 2640 quoque

893 2660 1100 2747 serio,
1131 2660 1584 2756 derogamus,
1623 2660 2049 2756 ceterisque,
2090 2660 2307 2734 etiam
2344 2662 2625 2758 speciali
2660 2660 3023 2733 mentione

893 2778 1150 2875 dignis,
1206 2778 1576 2849 contrariis
1631 2775 2221 2875 quibuscumque.

1047 2891 1386 2967 Volumus
1411 2904 1805 2987 praeterea,
1844 2906 1926 2967 ut
1959 2893 2213 2967 harum
2250 2894 2676 2969 Litterarum
2726 2892 3023 2967 Nostra-

889 3032 1048 3083 rum
1102 3012 1592 3105 transumptis,
1628 3012 1841 3082 etiam
1898 3012 2285 3107 impressis,
2316 3035 2532 3088 manu
2594 3024 2835 3085 tamen
2888 3008 3022 3081 ali-

889 3130 1089 3202 euius
1145 3126 1413 3201 Notarii
1466 3127 1732 3223 publici
1785 3128 2229 3225 subscriptis,
2286 3144 2359 3205 et
2410 3130 2635 3228 sigillo
2676 3148 3018 3226 personae

885 3247 954 3318 in
1009 3244 1510 3319 Ecclesiastica
1559 3244 1905 3340 dignitate
1961 3247 2389 3320 constitutae
2417 3249 2737 3333 munitis,
2764 3245 3015 3318 eadem

883 3384 1172 3456 prorsus
1225 3360 1398 3435 fides
1455 3358 1875 3433 adhibeatur
1926 3361 2213 3459 ubique,
2254 3386 2433 3461 quae
2473 3364 2643 3460 ipsis
2678 3382 3015 3459 praesen-

881 3478 1068 3551 tibus
1119 3478 1599 3566 adhiberetur,
1657 3481 1719 3553 si
1780 3478 2015 3553 forent
2066 3482 2423 3555 exhibitae
2478 3482 2587 3555 vel
2650 3476 3003 3555 ostensae.

897 3596 906 3603 '
1033 3596 1213 3669 Nulli
1272 3620 1440 3693 ergo
1495 3600 1789 3672 omnino
1814 3597 2185 3673 hominum
2212 3600 2419 3674 liceat
2453 3600 2635 3675 hanc
2676 3599 3011 3695 paginam

886 3713 1184 3788 Nostrae
1217 3712 1721 3802 Absolutionis‚
1754 3714 3005 3814 Dismembrationis,suppressionis,

883 3832 1305 3919 Erectionis‚
1337 3831 3009 3931 Constitutionis,Assignatiunis‚Unionis‚Insti-

885 3951 1205 4038 tutionis,
1237 3948 1749 4037 Concessionis,
1788 3950 2309 4040 Attributionis‚
2342 3946 2626 4040 indulti,
2656 3950 2997 4037 Mandati,

875 4066 1267 4164 Praecepti,
1313 4066 1833 4165 Deputationis,
1874 4068 2175 4157 Decreti,
2218 4068 2703 4165 Derogationis
2740 4080 2815 4143 et
2851 4066 3001 4141 Vo-

875 4188 1168 4261 luntatis
1223 4190 1629 4286 infringere,
1691 4191 1801 4263 vel
1842 4192 1906 4263 ei
1940 4216 2113 4265 ausu
2152 4191 2531 4265 temerario
2584 4188 2933 4264 contraire
2970 4210 2996 4274 3

879 4304 1098 4401 siquis
1153 4316 1390 4379 autem
1445 4308 1578 4381 hoc
1632 4318 1985 4381 attentare
2039 4307 2614 4405 praesumpserit,
2674 4304 2999 4401 indigna·-
