3317 5267
875 415 1018 484 696

873 529 1003 604 tati
1052 550 1142 604 eo
1195 529 1581 624 impictatis
1631 529 2095 616 devenerunt,
2152 540 2232 604 ut
2284 527 2817 608 Dominatorem
2844 527 2981 606 Do-

871 648 1142 722 minum
1179 647 1522 722 Nostrum
1545 646 1781 721 Iesum
1830 647 2195 723 Christum
2222 671 2507 748 negare,
2538 652 2833 747 eiusque
2856 649 2985 724 Di·-

872 766 1244 839 vinitatem
1295 765 1634 840 scelerata
1706 774 2134 863 procacitate
2196 792 2601 866 oppugnare
2654 793 2793 843 non
2853 791 2987 865 pa-

877 894 1112 958 veant.
1143 881 1272 958 Hic
1325 908 1490 959 vero
1543 885 1738 958 baud·
1782 907 2184 981 possumne,
2215 887 2385 983 quin
2440 888 2771 962 maximis
2824 909 2991 960 me-

870 1009 1166 1106 ritisque
1215 1007 1540 1083 laudibus
1577 1006 1719 1082 Vos
1758 1007 2154 1095 efferamus,
2188 1008 2637 1086 venerabiles
2672 1009 2991 1097 Fratres,

869 1126 992 1222 qui
1019 1126 1488 1222 episcopalem
1527 1137 1833 1224 vestram
1870 1149 2111 1202 vocem
2140 1140 2384 1202 contra
2428 1139 2701 1201 tantam
2732 1127 2995 1223 impie-

879 1255 1104 1316 tatem
1157 1243 1351 1318 omni
1407 1243 1554 1317 zelo
1605 1243 1927 1318 attollere
1978 1246 2271 1320 minime
2324 1245 2687 1319 omisistis.

1030 1361 1278 1459 ltaque
1325 1361 1520 1434 hisce
1571 1361 1845 1435 Nostris
1900 1357 2187 1437 Litteris
2228 1361 2371 1437 Vos
2422 1365 2679 1435 iterum
2736 1383 2993 1434 aman-

879 1479 1152 1553 tissime
1206 1479 1650 1577 alloquimur,
1682 1483 1801 1578 qui
1833 1485 1909 1555 in·
1940 1483 2424 1557 sollicitudinis
2476 1481 2773 1557 Nostrae
2806 1505 2989 1574 par-

875 1610 1020 1670 tem
1101 1599 1326 1674 vocati
1399 1621 1683 1675 summo
1750 1600 1965 1676 Nobis
2018 1601 2205 1676 inter
2262 1601 2611 1675 maximas
2690 1597 2993 1677 Nosti-as

874 1715 1290 1789 acerbitates
1319 1715 1591 1803 solatio,
1631 1716 1967 1806 laetitiae,
1997 1729 2073 1791 et
2094 1717 2553 1792 consolationi
2606 1719 2781 1790 estis
2814 1739 2991 1813 pro-

872 1845 1038 1928 pter
1084 1835 1466 1930 egregiam,
1495 1857 1636 1931 qua
1688 1837 2089 1930 praestatis,
2118 1836 2555 1933 religionem,
2612 1835 2987 1932 pietatem,

872 1973 956 2024 ac
1008 1961 1294 2046 propter
1347 1953 1607 2026 mirum
1666 1949 1861 2025 illum
1914 1973 2257 2040 amorem,
2312 1951 2547 2038 fidem,
2602 1963 2675 2023 ct
2728 1950 2983 2024 obser-

875 2067 1216 2153 vantium,
1271 2089 1410 2163 qua
1465 2067 1683 2142 Nobis
1754 2079 1829 2141 et
1871 2068 2037 2142 huic
2090 2067 2529 2165 Apostolicae
2580 2065 2743 2141 Sedi
2798 2089 2993 2142 con-

870 2184 1300 2258 cordissimis
1351 2185 1606 2258 animis
1655 2183 1975 2260 obstricti
2040 2185 2535 2283 gravissimum
2590 2184 2991 2281 episcopale

874 2313 1195 2375 vestrum
1247 2303 1717 2376 ministerium
1756 2318 2040 2378 strenue
2078 2327 2161 2378 ac
2186 2303 2429 2379 sedulo
2468 2301 2762 2399 implere
2816 2325 2993 2376 con-

873 2420 1188 2493 tenditis.
1271 2419 1560 2494 Etenim
1631 2421 1723 2494 ab
1774 2422 2036 2498 eximio
2110 2435 2351 2496 vestro
2429 2419 2765 2518 pastorali
2838 2419 2985 2492 zelo

875 2549 1364 2632 expectamus,
1423 2550 1502 2611 ut
1571 2551 2016 2614 assumentes
2066 2540 2371 2636 gladium
2426 2539 2747 2635 spirituS,
2792 2535 2973 2634 quod

874 2664 984 2728 est
1037 2653 1332 2728 verbum
1363 2654 1517 2742 Dei,
1559 2669 1633 2728 et
1685 2655 2061 2732 confortati
2113 2658 2185 2730 in
2224 2657 2445 2754 gratia
2501 2652 2781 2730 Domini
2826 2655 2975 2727 No-

865 2773 996 2846 stri
1049 2773 1206 2848 lesu
1263 2771 1524 2846 Christi
1579 2775 1815 2850 velitis
1866 2773 2310 2872 ingeminatis
2364 2773 2621 2849 studiis
2674 2771 2981 2872 quotidie

879 2891 1106 2988 magis
1159 2893 1584 2988 prospicere,
1625 2907 1708 2967 ut
1757 2892 1997 2967 fideles
2048 2915 2253 2968 curae
2292 2905 2571 2966 vestrae
2606 2889 2989 2966 concrediti

875 3035 910 3079 α
973 3009 1378 3082 abstineant
1403 3009 1494 3082 ab
1519 3008 1760 3083 herbis
1786 3010 2042 3095 noxiis,
2072 3031 2243 3108 quas
2272 3009 2467 3082 lesus
2492 3007 2819 3080 Christus
2846 3029 2989 3080 non

875 3151 910 3196 n
969 3127 1162 3216 colit,
1196 3129 1360 3225 quia
1413 3150 1556 3202 non
1611 3138 1779 3200 sunt
1830 3127 2175 3223 plantatio
2211 3123 2441 3198 Patris
2482 3151 2555 3196 κ.
2586 3122 2717 3224 (l).
2757 3125 2991 3221 Atque

867 3247 1134 3321 eisdem
1171 3245 1489 3321 fidelibus
1541 3245 1891 3319 inculcare
1930 3268 2293 3345 nunquam
2324 3246 2653 3332 desinite,
2695 3265 2987 3318 ornnem

868 3385 1110 3436 veram
1163 3361 1570 3438 felicitatem
1629 3365 1697 3435 in
1749 3364 2075 3438 homines
2104 3387 2193 3438 ex
2232 3373 2533 3462 augusta
2568 3372 2815 3438 nostra
2866 3383 2985 3430 re-

868 3477 1126 3576 ligione
1203 3481 1498 3578 eiusque
1574 3480 1895 3554 doctrina
1974 3493 2048 3553 et
2124 3481 2462 3555 exercitio
2540 3475 2931 3551 redundare
2960 3526 2985 3559 ‚

863 3623 946 3676 ac
999 3600 1292 3673 beatum
1381 3623 1537 3674 esse
1617 3599 1955 3696 populum
1996 3649 2017 3688 ,
2115 3601 2312 3675 cuius
2401 3598 2743 3674 Dominus
2792 3591 2989 3668 Deus

863 3719 1013 3792 eius
1070 3715 1200 3816 (2).
1259 3715 1522 3792 Docete
1583 3745 1616 3788 α
1672 3717 2057 3794 catholicae
2108 3715 2299 3792 Fidei
2352 3715 2811 3792 fundamento
2864 3735 2981 3786 rc·

1031 4101 1118 4183 (l)
1161 4101 1222 4164 S.
1269 4099 1534 4182 ignatius
1575 4099 1653 4166 M.
1706 4097 1780 4163 ad
1824 4097 2189 4182 Philadelpb.
2237 4093 2293 4158 3.

1039 4195 1120 4276 (Ξ)
1168 4193 1324 4260 Psal.
1370 4191 1506 4257 ¹43.
