3317 5267
2122 447 2258 519 311

201 561 548 665 praepediri
585 587 712 662 pro
747 564 1399 641 Ecclesiasticarum
1435 588 1673 641 rerum
1710 583 2021 662 suaeque
2058 560 2273 639 Dioc—

201 684 354 757 eesis
401 682 760 779 regimine,
813 696 967 758 tum
1019 664 1090 756 in
1131 682 1484 758 vicarium
1537 686 1771 780 ipsum
1824 681 2274 766 Generalem,

201 812 326 872 tum
376 800 442 872 in
489 801 916 875 consiliarios
969 816 1044 875 et
1095 802 1450 898 adjutores
1505 803 1761 899 eligere
1812 812 2026 897 atque
2060 800 2271 871 insti-

201 928 364 989 :uere
411 939 526 989 eos
577 928 926 1013 quotquot
963 915 1492 993 Ecclesiasticos
1538 918 1745 1004 viros,
1806 940 1983 1013 quos
2020 915 2105 988 ad
2132 914 2273 989 hu·—

204 1032 458 1105 usmodi
507 1033 748 1105 munia
804 1034 1090 1109 idoneos
1143 1046 1218 1108 et
1251 1046 1691 1131 opportunos
1728 1032 2270 1118 existimaverit,

201 1149 260 1220 id
310 1148 686 1221 clericalem
737 1161 1006 1223 statum
1062 1152 1474 1255 admittere,
1518 1150 1959 1245 subindeque
1994 1170 2085 1221 ex
2137 1170 2279 1243 ap-

201 1266 472 1360 irohatis
518 1267 724 1364 juxta
753 1268 1002 1343 Sacros
1038 1266 1360 1345 Canones
1397 1270 1622 1343 titulis
1657 1292 1808 1357 eos,
1848 1268 2136 1364 praevio
2164 1288 2282 1339 re-

201 1382 388 1477 gulari
415 1385 766 1471 examine,
795 1385 882 1459 ad
911 1385 1212 1479 majores
1249 1388 1465 1460 etiam
1501 1384 1799 1459 Ordines
1838 1406 2283 1480 promovere,

201 1521 348 1594 {uos
397 1510 470 1573 et
501 1511 854 1597 quotquot
885 1502 1037 1597 ipse
1079 1503 1432 1575 censuerit
1485 1501 1596 1575 vel
1649 1502 2115 1587 necessarios,
2174 1500 2286 1573 vel

201 1614 386 1689 itiles
436 1616 508 1689 in
561 1638 872 1691 messem
926 1615 1234 1704 Domini,
1288 1640 1412 1693 eos
1447 1642 1486 1693 e
1521 1630 1773 1692 contra
1811 1620 2137 1714 prudenti
2164 1640 2293 1691 suo

201 1730 468 1805 irbitrio
519 1754 562 1805 a
614 1736 1026 1829 quorumvis
1073 1733 1735 1809 Ecclesiasticorum
1772 1732 2116 1807 Ordinum
2168 1758 2291 1814 sue

201 1850 536 1944 *ceptione
573 1871 838 1939 arcere,
878 1874 1056 1948 quos
1095 1850 1208 1925 vel
1243 1874 1534 1947 prorsus
1575 1851 1923 1925 inhabiles
1960 1853 2073 1925 vel
2112 1851 2292 1924 indi-

201 1992 352 2065 gnos
405 1969 914 2066 dijudicaverit,
951 1971 1456 2046 testimoniales
1507 1970 1739 2044 lubitu
1794 1995 1921 2047 suo
1974 1969 2292 2045 conferre

201 2110 307 2159 iec
342 2110 482 2161 non
520 2088 792 2163 litteras
829 2088 914 2161 iis
951 2088 1402 2164 Dioecesanis
1436 2087 1978 2176 EcclesiasticiS,
2020 2090 2141 2185 qui
2178 2112 2297 2161 ra·-

201 2200 608 2280 .ionahiliter
657 2218 908 2303 optent
943 2230 986 2286 ‚e
1019 2208 1300 2303 propria
1335 2205 1656 2281 Dioecesi
1690 2206 2033 2281 decedere
2062 2216 2147 2279 ut
2186 2208 2298 2279 vel

201 2321 570 2416 najorihus
630 2324 882 2397 studiis
937 2323 1454 2398 Ecclesiasticis
1517 2326 1682 2399 alibi
1735 2324 1959 2399 satius
2014 2346 2300 2418 operam

201 2441 376 2529 lare,
409 2442 516 2515 vel
548 2440 846 2517 Ordines
857 2440 1388 2517 Ecclesiastieos
1417 2438 1761 2539 decipere,
1782 2442 1893 2515 vel
1922 2440 2303 2515 valetudini

201 2571 304 2632 tut
337 2559 736 2657 quibusque
771 2561 916 2635 suis
950 2560 1270 2635 honestis
1305 2560 1516 2635 rebus
1557 2562 1989 2658 prospicere,
2030 2558 2137 2631 vel
2176 2558 2303 2631 de-

201 2701 382 2752 num
433 2703 646 2753 suum
696 2681 1126 2755 domicilium
1180 2680 1347 2755 alibi
1399 2691 1711 2755 statuere
1744 2680 2057 2767 valeant3
2096 2679 2307 2751 testi-

201 2795 532 2871 moniales
569 2798 856 2894 insuper
887 2801 1296 2871 exeminare
1346 2811 1787 2885 exterorum,
1821 2797 1942 2893 qui
1980 2796 2064 2869 ad
2102 2818 2311 2870 suam·

201 2908 580 2986 Dioecesim
617 2914 942 2987 venerint
965 2916 1114 2989 sive
1153 2914 1584 3011 suscipiendi
1613 2914 1943 3011 quemvis
1968 2912 2310 2985 Ecclesia-

201 3030 448 3105 uicum
502 3028 862 3119 Ordinem,
901 3032 1052 3105 sive
1105 3054 1387 3107 moram
1443 3033 1614 3106 licet
1664 3030 1959 3105 brevem
2012 3027 2151 3101 illic
2186 3031 2314 3102 de·-

201 3149 406 3243 gendi
463 3149 715 3246 gratia3
767 3162 1128 3247 praeterea
1180 3148 1735 3225 Matrimoniales
1787 3168 2035 3221 causas
2098 3156 2314 3243 atque

201 3265 370 3339 ilias
427 3290 518 3340 ex
571 3263 944 3342 Sacrorum
998 3266 1366 3342 Canonum
1427 3266 1868 3363 praescripto
1922 3266 2011 3339 ad
2046 3264 2315 3337 ludices

201 3380 736 3459 Ecclesiasticos
787 3385 1222 3480 pertinentes
1299 3384 1374 3455 in
1436 3382 1590 3458 foro
1654 3405 1785 3456 suo
1864 3404 2315 3478 cognoscere3

201 3502 494 3576 tandem
565 3526 697 3577 suo
747 3524 910 3578 cum
968 3502 1172 3577 Clero
1251 3526 1332 3576 ac
1415 3498 1683 3598 Populo
1748 3498 2179 3575 Dioecesano
2230 3500 2319 3573 ad

201 3618 592 3693 Pastor-alis
662 3622 1031 3697 ministerii
1091 3621 1332 3695 munia
1395 3620 1529 3694 rite
1591 3616 2101 3711 salubriterque
2162 3614 2325 3689 ohe-

201 3736 378 3810 mda
445 3740 968 3813 communicare
1031 3751 1246 3836 atque
1311 3739 1398 3811 ad
1451 3737 1520 3810 id
1573 3758 1741 3810 suas
1792 3731 2357 3818 instructiones,-

201 3856 678 3932 ›rdinationes
731 3870 806 3931 et
863 3860 1143 3933 decreta
1197 3856 1560 3952 publicare
1613 3876 1699 3926 ac
1750 3848 2321 3926 communionem

201 3998 358 4049 :um
417 3976 740 4073 praefata
777 3974 1175 4072 Apostolica
1211 3976 1390 4050 Sede
1427 3974 1636 4047 nullis
1674 3970 2053 4046 obnoxiam
2092 3968 2323 4065 impe-

201 4093 542 4167 limentis
597 4103 722 4167 aut
763 4090 1316 4178 difficultatibus,
1355 4091 1478 4163 sed
1517 4111 1809 4186 prorsus
1860 4085 2155 4159 liberam
2190 4082 2327 4157 sibi

201 4232 484 4306 suoque
537 4207 746 4284 Clero
796 4220 872 4283 et
921 4206 1189 4306 Populo
1237 4206 1565 4282 adhibere
1617 4204 1969 4302 planeque
2021 4201 2231 4276 tucri.
