3317 5267
888 435 1033 504 eoo
1963 496 1976 538 ,Ι

1685 545 1856 620 Aur.
1917 543 2202 618 XXVH.

1038 785 1301 860 Statim
1355 807 1436 857 ac
1489 784 1887 882 praedictae
1940 783 2442 857 ratificationes
2497 795 2752 858 mutuo
2799 783 3021 858 tradi-

894 919 1009 978 tae
1057 897 1321 977 fuerint
1370 901 1726 976 Sanctitas
1805 900 1944 974 Sua
1998 922 2128 997 per
2204 897 2648 996 Apostolicas
2693 899 3016 974 Litteras

888 1017 1335 1120 praesentem
1392 1019 1954 1094 Conventionem
2011 1015 2481 1093 oonflmrabtt.

1043 1141 1124 1214 ln
1176 1161 1485 1239 quorum·-
1534 1139 1750 1213 fidem
1801 1135 2098 1236 praefati
2153 1129 2760 1236 Plenipotentiarii
2815 1159 3030 1236 prae-

892 1259 1077 1334 senti
1134 1258 1602 1333 Conventioni
1656 1255 2251 1352 subscripserunt,
2294 1255 2626 1354 illamque
2661 1279 2796 1334 suo
2827 1255 3030 1353 quis·

889 1394 1031 1473 que
1084 1374 1311 1472 sigillo
1368 1373 1796 1470 obsignavit.

1058 1493 1315 1568 Actum
1374 1491 1645 1568 Romae
1697 1492 1810 1566 die
1865 1495 1962 1564 22
2023 1489 2280 1608 Aprilis
2343 1493 2560 1564 ¹862.

893 1727 1183 1802 Jaconvs
1236 1727 1448 1804 Cano.
1510 1728 1920 1803 Ακτοαειιι.
1958 1771 2063 1786 --
2119 1699 2581 1802 anmua'fmvs
2631 1727 3030 1802 Lunum

1055 1843 1348 1946 Lofflco
1402 1847 1623 1945 sigilli
2241 1842 2534 1946 Lofflco
2583 1847 2810 1946 Sigilli

1058 2079 1237 2159 Cum
1269 2084 1481 2180 igitur
1508 2083 1910 2160 huiusmodi
1949 2081 2460 2160 conventionis
2497 2093 2731 2180 pacta,
2765 2093 2844 2156 et
2875 2105 3038 2158 con·

898 2205 1189 2278 cordata
1226 2206 1296 2277 in
1336 2204 1692 2292 omnibus,
1731 2215 1806 2278 et
1831 2203 2124 2301 singuiis
2167 2203 2478 2300 punctis,
2515 2191 2882 2288 clausulis,
2923 2223 3038 2274 ar·

908 2325 1165 2412 ticulis,
1220 2336 1293 2398 et
1343 2311 1863 2398 conditionibus
1917 2335 2078 2395 tum·
2121 2343 2172 2393 a
2197 2319 2456 2408 Nobis,
2495 2309 2651 2393 turn
2683 2343 2724 2393 a
2751 2319 3036 2394 laudato

911 2439 1358 2537 Reipublicae
1411 2440 1485 2514 S.
1526 2439 1912 2514 Salvatoris
1947 2435 2278 2512 Praeside
2316 2435 2582 2512 fuerint
2617 2435 3031 2534 adprobata,

910 2558 1350 2645 confirmata,
1390 2571 1603 2656 atque
1640 2558 2010 2644 ratificata,
2052 2569 2128 2629 et
2161 2573 2323 2630 cum
2353 2551 2646 2629 Praeses
2677 2555 2894 2628 enixe
2919 2577 3038 2652 po·

906 2674 1307 2760 stulaverit,
1349 2685 1429 2748 ut
1464 2699 1588 2770 pro
1616 2673 1905 2749 firmiori
1945 2695 2192 2750 eorum
2231 2672 2551 2747 omnium
2579 2667 3040 2746 subsistentia

916 2791 1129 2865 robur
1184 2789 1622 2886 Apostolicae
1675 2787 2040 2864 firmitatis·
2088 2788 2662 2886 adiungeremus,
2717 2810 2802 2860 ac
2851 2786 3043 2860 sole-

916 2909 1263 2984 mniorem
1317 2909 1846 2998 auctoritatem,
1895 2923 1969 2982 et
1993 2909 2358 2982 decretum
2395 2907 3038 3002 interponeremus,

912 3026 1057 3103 Nos
1107 3019 1316 3123 plane
1371 3026 1441 3098 in
1492 3023 1798 3100 Domino
1849 3025 2277 3101 confidentes
2327 3023 2478 3099 fore
2527 3034 2616 3097 ut
2647 3073 2670 3110 ‚
2723 3041 2856 3119 pro
2911 3046 3038 3096 sua

916 3140 1414 3230 misericordia,
1470 3145 1718 3221 studia·
1753 3143 1928 3218 haec
1965 3139 2218 3218 Nostra
2249 3142 2318 3214 in
2357 3133 2864 3237 componendis
2900 3135 3044 3214 Ec-

917 3251 1325 3338 clesiasticis
1352 3261 1563 3336 rebus
1590 3263 1663 3334 in
1687 3253 1760 3336 S.
1785 3251 2174 3336 Salvator-is
2191 3249 2583 3356 Republica
2610 3257 2918 3355 copiosis
2947 3258 3046 3332 di-

919 3381 1123 3453 vinae
1176 3379 1357 3453 Suae
1410 3381 1675 3476 gratiae
1727 3377 2134 3452 muneribus
2169 3378 2500 3475 prosequi
2556 3376 2912 3474 dignetur,
2953 3399 3046 3450 ex

920 3509 1113 3572 certa
1165 3497 1483 3586 scientia,
1524 3510 1597 3570 et
1634 3507 1911 3570 matura
1943 3490 2202 3570 Nostra
2240 3493 2770 3580 deliberatione,
2811 3493 3046 3591 deque

924 3617 1362 3746 Apostolicae
1387 3617 1761 3732 potestatis
1798 3613 2232 3712 plenitudine
2269 3611 2711 3709 supradictas
2747 3633 3048 3686 conces-

916 3735 1178 3823 siones,
1218 3748 1450 3833 pacta,
1508 3735 1582 3808 et
1632 3734 2051 3809 concordata
2087 3745 2334 3806 tenone
2385 3727 2866 3829 praesentium
2913 3731 3048 3804 ad-

922 3851 1330 3952 probamus,
1387 3855 1958 3940 1·atificamuS,et
1989 3861 2478 3946 acceptamuS,
2513 3843 2800 3964 fflisil'ue
2834 3847 3048 3945 'Apo-

918 3975 1149 4050 stolici
1204 3974 1644 4062 muniminis,
1703 3985 1776 4046 et
1832 3971 2212 4043 firmitatis
2229 3961 2475 4058 roban,
2529 3983 2618 4040 ct·
2637 3962 3044 4042 efficaciam

924 4096 1391 4194 adiungimus.
1433 4093 1671 4170 Maioxi
1712 4103 1980 4180 tutem,
2009 4115 2145 4188 qua
2183 4112 2590 4188 possumuS,
2622 4087 2838 4162 animi
2881 4109 3054 4160 con-

922 4214 1234 4290 tentione
1286 4235 1535 4290 omnes
1586 4223 1661 4286 et
1713 4209 2022 4308 singulos
2077 4209 2148 4282 in
2214 4207 2288 4282 S.
2348 4207 2734 4283 Salvatoris
2798 4202 3052 4300 Repu-
