3317 5267
2270 481 2409 554 657

326 714 787 761 vunnumtmvs
827 717 1131 764 nnnmvs
1173 699 1632 770 Ancnltr'lscorls
1674 724 1744 770 m·
1781 723 2071 772 triscons
2113 723 2381 781 Atnsovss

369 805 638 853 boconvu
681 808 1007 857 ottomanus
1049 812 1114 858 m
1153 813 1438 862 rotonum
1481 817 1693 876 RBGNO,
1739 818 1809 863 ΒΤ
1848 817 2069 863 nvsstcl
2110 817 2328 864 ulrum

371 897 720 947 mlofflnvs
800 903 1163 952 uonAmmvs
1231 908 1477 956 (mrum
1542 912 1615 957 ΒΤ
1708 911 2133 958 GOUMVNJONE.
2204 911 2325 959 GVH

866 997 1212 1046 Aroswomcs
1253 1003 1396 1049 SED!
1438 1004 1821 1052 natantum.

997 1313 1252 1406 Plvs
1310 1316 1474 1404 ΡΡ.
1539 1317 1692 1406 ΙΧ.

999 1693 1288 1742 uultum
1295 1695 1397 1742 ms
1455 1697 1697 1745 turnus

689 1916 947 1966 suurn
989 1921 1056 1968 n
1093 1921 1484 1971 Arosroucnt
1540 1925 2011 1972 naunotonensi!

293 2139 490 2302 Ubi
546 2222 948 2301 Urbaniano
999 2224 1070 2297 in
1125 2223 1430 2322 Collegio
1465 2225 1889 2300 christianae
1939 2227 2096 2302 fidei
2150 2249 2411 2324 propa·-

284 2341 560 2437 gandae
612 2340 824 2416 huius
873 2341 1103 2414 almae
1155 2341 1451 2416 Nostrae
1511 2341 1705 2416 urbis
1768 2343 1881 2418 die
1944 2347 2038 2414 24
2107 2343 2409 2440 proximi

288 2459 556 2532 mensis
622 2456 880 2556 Aprilis
939 2457 1204 2533 invicto
1270 2444 1531 2534 Christi
1595 2461 1891 2557 martyri
1954 2460 2029 2535 S.
2087 2459 2141 2534 F
2147 2459 2307 2535 ideli
2368 2481 2409 2531 a

293 2573 734 2672 Sigmaringa
785 2598 984 2650 sacro
1024 2576 1485 2652 vehementer
1534 2577 1910 2652 lamentati
1964 2599 2237 2664 sumus,
2280 2575 2411 2654 Ve-

293 2696 640 2771 nerabiles
697 2695 1002 2785 Fratres,
1062 2698 1419 2786 miseram,
1485 2710 1563 2773 et
1613 2721 2011 2796 numquam
2062 2698 2236 2772 satis
2286 2698 2415 2772 de-

293 2812 704 2910 plorandam
741 2811 1070 2888 Poloniae
1110 2813 1336 2910 Regni
1372 2815 1877 2901 conditionem,
1909 2829 1984 2889 et
2018 2812 2203 2888 male
2238 2838 2412 2887 eon-

293 2929 564 3004 snitum
615 2943 888 3004 motum
946 2927 1040 3001 ihi
1091 2941 1340 3003 eontra
1379 2927 1961 3004 Potentissimum
2010 2927 2407 3025 Principem

292 3049 714 3134 excitatum,
745 3047 1289 3145 significavimus
1315 3049 1559 3135 etiam,
1589 3048 1731 3124 Nos
1760 3051 1831 3122 in
1859 3047 2159 3145 publicis
2184 3048 2409 3145 ephe-

295 3165 682 3240 meridibus
732 3165 984 3262 legisse
1019 3159 1467 3240 severissima
1505 3189 1675 3240 sane
1712 3166 2001 3240 consilia
2035 3187 2077 3237 a
2114 3164 2411 3241 Russieo

298 3283 654 3360 Gubernio
703 3297 1038 3384 suscepta
1085 3307 1227 3360 non
1293 3284 1520 3360 solum
1585 3287 1676 3358 ad
1738 3285 2065 3360 eumdem
2130 3297 2409 3360 motum

295 3403 931 3499 comprimendum,
975 3423 1218 3474 verum
1259 3401 1474 3474 etiam
1529 3402 1615 3476 ad
1653 3401 2073 3477 catholicam
2128 3402 2410 3498 religio-

297 3543 464 3593 nem
517 3521 764 3596 eodem
819 3521 890 3592 in
957 3517 1201 3615 Regno
1261 3519 1524 3592 sensim
1595 3521 2109 3616 extirpandam.
2178 3520 2411 3617 Atque

295 3638 546 3714 eodem
587 3649 904 3734 tempore
941 3634 1575 3723 manifestavimuS,
1631 3650 1955 3734 oportere
2010 3637 2411 3716 huiusmodi

299 3755 744 3833 tristissimos
797 3755 1088 3831 nuncios
1130 3753 1526 3830 indubitato
1563 3755 1800 3842 modo,
1840 3779 1923 3830 ae
1966 3757 2231 3830 maiore
2283 3778 2413 3830 au—

300 3871 632 3948 ctoritate
683 3869 1150 3968 comprobari,
1211 3871 1777 3968 quandoquidem
1828 3871 2127 3968 publicis
2180 3872 2413 3968 ephe-

302 3985 688 4070 meridibus
741 3989 948 4086 plena
997 3987 1170 4064 fides
1215 3987 1528 4062 adhiberi
1563 4010 1846 4085 semper
1896 3991 2165 4087 nequit.
2213 3989 2415 4064 Nune

303 4129 470 4182 vero
522 4131 610 4181 ex
664 4106 980 4203 pluribus
1035 4107 1384 4204 variisque
1417 4105 1552 4182 fide
1589 4107 1819 4204 dignis
1860 4109 2288 4184 testimoniis
2324 4108 2413 4181 ad

301 4225 444 4304 Nos
478 4227 766 4325 perlatis
793 4251 955 4302 eum
987 4227 1374 4302 incredibili
1411 4226 1627 4300 animi
1657 4225 1893 4302 Nostri
1929 4227 2165 4304 dolore
2202 4251 2414 4325 agno·
