3317 5267
1772 230 1783 289 Ι

2266 400 2415 475 ἵθΰ

283 518 604 617 ejusdem
641 518 910 591 formae
945 515 1304 589 numisma
1329 512 1524 589 auio·
1550 525 1791 587 tamen
1830 512 2091 589 affabre
2128 539 2407 604 cusum,

289 648 368 707 et
402 644 740 708 encausto
777 632 1130 705 variatum
1167 630 1456 705 sinistro
1493 629 1669 705 item
1705 629 2015 727 pectoris
2048 630 2297 718 latere,
2334 657 2417 707 ac

287 752 526 825 taenia
561 750 784 825 serica
815 749 1068 824 iisdem
1105 749 1440 824 distincta
1475 750 1827 825 coloribus
1864 772 2261 847 appensum
2289 752 2419 824 de-

289 868 478 944 ferre
517 852 818 965 possint.
859 866 1062 940 Nunc
1117 889 1287 940 vero
1340 868 1428 940 ad
1457 890 1460 893 ’
1485 866 1765 941 illorum
1816 866 2137 941 omnium
2193 867 2423 941 virtu-

291 996 441 1060 tem
494 984 794 1060 solemni
846 984 1222 1081 praeconio
1273 982 1795 1085 honestandam
1826 1037 1847 1072 ,
1903 985 2029 1083 qui
2078 982 2419 1059 Nostrum

292 1116 368 1179 et
403 1102 768 1179 Romanae
805 1098 1160 1174 Ecclesiae
1196 1098 1479 1173 civilem
1517 1102 1993 1200 principatum
2030 1101 2121 1176 ab
2156 1101 2423 1197 injusta

293 1222 742 1320 aggressione
795 1221 1012 1293 armis
1066 1220 1280 1293 tutati
1335 1232 1529 1309 sunt,
1572 1243 1961 1317 eorumque
1997 1223 2421 1319 praesertim

293 1340 416 1437 qui
468 1349 758 1412 strenue
809 1351 1214 1433 pugnantes
1268 1338 1572 1435 gloriosa
1623 1349 1858 1411 morte
1910 1337 2419 1426 occubuerunt,

295 1456 654 1553 praeclare
705 1455 896 1551 ipsos
947 1454 1038 1530 de
1091 1452 1497 1551 Apostolica
1548 1456 1731 1531 Sede
1801 1457 2031 1554 deque
2101 1454 2421 1531 Ecclesia

299 1570 690 1660 Catholica,
745 1571 1102 1670 praeclare
1151 1574 1242 1647 de
1277 1574 1616 1649 societate
1648 1574 2023 1649 hominum
2058 1574 2421 1662 universa,

297 1714 482 1789 quae
519 1690 672 1765 sine
701 1690 882 1787 juris
918 1688 1221 1787 fideique
1257 1690 1711 1765 observantia
1742 1704 1937 1766 stare
1974 1693 2247 1791 nequit,
2288 1714 2421 1789 pa·-

298 1809 444 1882 lam
495 1808 838 1883 edicimus
895 1807 1234 1881 meruisse
1241 1829 1266 1895 3
1299 1808 1372 1881 in
1409 1832 1551 1905 quo
1587 1810 1875 1905 quidem
1930 1834 2144 1884 verus
2196 1809 2425 1905 honor

303 1950 472 2002 vera
507 1939 585 2003 et
617 1926 901 2024 propria
935 1927 1250 2002 certandi
1284 1928 1438 2002 laus
1463 1928 2001 2005 immortalitate
2026 1931 2239 2027 digna
2266 1954 2429 2005 con-

307 2044 600 2120 tinetur.
660 2042 926 2117 Datum
982 2042 1250 2119 Romae
1304 2047 1492 2141 apud
1544 2044 1889 2121 Sanctum
1945 2045 2240 2123 Petrum
2290 2046 2425 2121 sub

313 2164 592 2241 Annulo
643 2162 1028 2241 Piscatoris
1083 2163 1196 2237 die
1252 2162 1406 2237 Xll.
1465 2163 1889 2241 Novembris
1958 2164 2429 2242 MDCCCLX.

313 2282 652 2361 Pontifica
661 2294 775 2359 tus
825 2281 1067 2359 Nostri
1125 2280 1330 2357 Anno
1383 2278 1956 2381 Decimoquinto.

1580 2518 1667 2597 G.
1724 2520 1937 2598 caan.
1998 2522 2095 2598 De
2152 2523 2381 2599 Ganos
