3317 5267
1055 556 1688 653 ALLOCUTIO
2301 448 2442 523 ¹65

477 946 679 997 mum
720 950 783 997 11⁴
824 947 1197 997 consistente
1240 950 1495 998 sucuro
1538 954 1633 999 mn
1663 954 1768 999 Xlss
1812 954 1958 1002 tvm
1987 952 2272 1004 luccen.

1038 1170 1439 1224 amamus
1476 1180 1724 1226 restans

317 1528 735 1693 Omnibus
782 1626 1035 1691 notum
1084 1615 1433 1716 planeque
1492 1629 1956 1714 perspectum
2011 1630 2150 1705 est,
2206 1611 2441 1693 Vene-

318 1735 573 1809 rabiles
626 1732 941 1821 Fratres,
994 1734 1529 1809 acerbissimum
1582 1734 1852 1809 bellum
1904 1747 2152 1811 contra
2188 1738 2440 1813 catho*

316 1852 522 1926 licam
572 1850 961 1927 Ecclesiam
1010 1851 1439 1927 calamitosis
1492 1852 1692 1926 hisce
1745 1851 2186 1948 temporibus
2249 1877 2290 1926 a
2327 1867 2440 1928 te·—

316 1969 693 2043 nebrarum
768 1968 928 2042 filiis
984 1970 1405 2043 excitatum.
1478 1968 1844 2067 Siquidem
1915 1970 2052 2065 ipsi
2102 1969 2442 2045 diabolica

318 2106 607 2183 prorsus
656 2084 929 2157 malitia
982 2086 1279 2159 animati
1338 2110 1373 2153 ει
1416 2084 1734 2159 dicentes
1785 2085 2056 2159 malum
2107 2085 2376 2173 bonum
2415 2136 2436 2173 ,

326 2228 363 2273 ι)
422 2214 497 2277 et
545 2202 811 2277 bonum
864 2201 1161 2289 malum,
1190 2224 1273 2276 ac
1298 2213 1651 2298 ponentes
1703 2199 2036 2277 tenebras
2085 2198 2316 2279 lucem
2367 2216 2442 2279 et

326 2344 361 2390 η
420 2321 651 2395 lucem
702 2318 1033 2395 tenebras
1066 2344 1101 2389 »
1146 2315 1251 2418 (1)
1306 2319 1549 2416 pravis
1605 2319 2006 2417 quibusque
2057 2320 2471 2413 molitioni·-⁴

314 2434 449 2514 bus
499 2440 827 2513 eamdem
881 2438 1269 2513 Ecclesiam
1298 2490 1321 2526 ‚
1382 2438 1678 2535 eiusque
1732 2440 2110 2513 salutarem
2163 2440 2440 2517 doctri-a

320 2580 517 2647 nam,
570 2558 629 2631 si
681 2558 833 2633 fieri
885 2579 1199 2656 unquam
1246 2565 1521 2653 posset,
1578 2554 1898 2631 funditus
1953 2569 2304 2645 evertere,
2359 2565 2444 2631 0⁴-

320 2695 671 2772 mnesque
724 2667 1149 2749 christianae
1174 2667 1338 2747 fidei
1365 2672 1822 2769 virtutisque,
1878 2686 1954 2749 et
1988 2676 2209 2771 ipsius
2245 2686 2446 2749 natu·

316 2790 485 2866 ralis
519 2792 719 2890 legis,
760 2792 1095 2881 iustitiae,
1148 2791 1575 2876 honestatis,
1633 2789 2148 2889 probitatisque
2183 2816 2438 2867 sensus

314 2912 795 3008 exstinguere,
850 2924 925 2985 et
974 2910 1308 2984 radicitus
1362 2911 1722 3005 extirpare
1777 2920 2158 2985 conantur.
2217 2909 2442 2985 Nemo

318 3037 561 3100 autem
598 3028 877 3124 ignorat
910 3047 1123 3125 quam
1152 3025 1391 3100 infelix
1423 3037 1498 3099 et
1522 3026 1813 3101 omnino
1849 3024 2215 3099 luctuosus
2252 3048 2439 3100 nunc

320 3144 419 3215 sit
439 3142 515 3215 in
544 3142 741 3217 ltalia
792 3144 1283 3233 sanctissimae
1321 3155 1611 3218 nostrae
1644 3142 2004 3237 religionis
2043 3148 2280 3217 status
2315 3166 2435 3217 ne-

319 3257 497 3331 faria
521 3260 931 3335 eorumdem
958 3259 1331 3333 hominum
1370 3259 1895 3354 conspiratione
1933 3267 2008 3334 et
2043 3281 2280 3354 opere,
2321 3258 2441 3355 qui

314 3376 763 3451 ambulantes
812 3378 1205 3451 secundum
1255 3375 1603 3449 desideria
1644 3397 1776 3447 sua
1817 3374 1888 3447 in
1927 3370 2439 3471 impietatibus,
2501 3364 2508 3371 ’

320 3506 399 3567 et
432 3494 713 3567 alienati
750 3516 793 3566 a
820 3496 935 3568 via
958 3492 1087 3569 Dei
1110 3495 1521 3592 religionem
1546 3494 1804 3590 ipsam,
1831 3514 2174 3590 ¹sacraque
2202 3496 2442 3569 omnia

324 3634 735 3709 oppugnare
762 3636 845 3686 ac
872 3626 1317 3709 prosternere
1368 3610 1843 3697 contendunt.
1899 3610 2150 3707 Itaque
2201 3612 2444 3688 incre-—

322 3728 521 3802 dibili
572 3730 790 3802 animi
819 3728 1057 3804 Nostri
1082 3732 1321 3806 dolore
1370 3730 1738 3825 deplorare
1791 3727 2112 3825 cogimur
2146 3748 2332 3801 nova
2367 3738 2444 3799 et

320 3867 609 3942 semper
632 3846 1049 3943 gravissima
1084 3848 1401 3935 vulnera,
1434 3868 1615 3944 quae
1642 3846 1736 3921 ab
1771 3846 2052 3921 iniustis
2086 3843 2444 3941 legitimae

320 3966 696 4061 potestatis
722 3966 795 4038 in
823 3964 1027 4039 Italia
1076 3966 1613 4063 usurpatoribus
1661 3962 2106 4062 Apostolicee
2143 3962 2439 4039 Nostrae

488 4210 571 4291 (1)
614 4210 692 4278 ls.
738 4210 795 4275 Β.
840 4212 943 4275 2⁰.
