3317 5267
843 420 935 491 66

841 550 916 609 et
948 519 1152 609 ''hanc
1207 524 1687 631 Apostolicam
1738 533 1997 607 Sedem
2050 534 2499 609 observantia
2564 535 2759 611 hisce
2810 534 2975 612 No-·

837 655 1006 725 stris
1041 644 1420 727 desideriis
1475 676 1556 725 ac
1609 652 1799 725 votis
1860 670 2075 746 quam
2154 653 2689 749 diligentissime
2760 653 2971 728 obse-

839 771 962 864 qui
1012 770 1381 842 studeatis.
1454 767 1560 840 Vt'
1628 778 1874 841 autem
1962 768 2203 843 fideles
2281 770 2659 843 ardentiori
2737 772 2973 847 studio

841 899 914 959 et
989 887 1290 961 uberiori
1372 886 1608 959 fructu
1661 889 1931 959 instent
2008 886 2330 982 precibus
2383 910 2509 983 per
2588 886 2727 962 Vos
2806 900 2973 961 sta-

837 1003 1116 1076 tuendis
1173 1054 1193 1089 ,
1275 997 1685 1077 caelestium
1780 1025 2165 1076 munerum
2256 1002 2627 1078 thesauros
2686 1056 2707 1091 ,
2786 1028 2971 1103 quo—

839 1142 996 1192 rum
1050 1120 1648 1215 dispensationem
1704 1118 1923 1192 Nobis
1976 1120 2263 1193 tradidit
2317 1116 2747 1208 Altissimus,
2802 1136 2975 1216 pro-

839 1234 1021 1309 ferre
1047 1248 1122 1309 et
1147 1260 1432 1333 erogare
1459 1238 1897 1310 censuimus.
1956 1234 2293 1324 Quocirca
2347 1238 2595 1311 iisdem
2648 1232 2969 1311 fidelibus

837 1365 1232 1427 tercentum
1303 1354 1580 1427 dierum
1654 1353 2166 1448 Indulgentiam
2221 1352 2291 1425 in
2348 1351 2574 1426 forma
2610 1352 2969 1427 Ecclesiae

833 1482 1176 1543 consueta
1229 1471 1691 1544 concedimus
1746 1472 1961 1543 toties
2013 1470 2445 1556 lucrandam,
2498 1472 2779 1567 quoties
2833 1470 2969 1566 ipsi

831 1587 1406 1660 commemoratis
1459 1586 1783 1682 precibus
1834 1588 2092 1659 devote
2142 1585 2589 1659 interfuerint
2622 1638 2642 1673 ,
2695 1608 2961 1682 >easque

831 1705 1257 1800 peregerint.
1292 1704 1614 1798 Insuper,
1654 1704 1953 1777 durante
1980 1704 2233 1777 harum
2260 1706 2747 1800 precationum
2778 1716 2970 1777 tem-

835 1848 1031 1922 pore,
1087 1826 1354 1898 eisdem
1405 1825 1731 1899 fidelibus
1784 1824 2183 1899 Plenariam
2221 1825 2559 1921 largimur
2590 1822 2975 1921 Indulgen-

837 1944 1006 2014 tiam
1063 1942 1283 2015 semel
1341 1952 1622 2014 tantum
1659 1943 1732 2013 in
1770 1962 2017 2015 mense
2068 1964 2157 2015 eo
2208 1943 2319 2015 die
2356 1943 2965 2039 consequendam,

834 2084 976 2157 quo
1030 2059 1164 2155 ipsi
1217 2059 1709 2131 sacramentali
1763 2058 2201 2131 confessione
2254 2058 2387 2133 rite
2450 2060 2718 2155 expiati
2796 2082 2968 2132 san-

837 2179 1292 2273 ctissimaque
1349 2176 1795 2251 Eucharistia
1832 2176 2101 2263 resecti,
2138 2176 2418 2273 aliquod
2456 2180 2802 2274 templum
2848 2200 2969 2251 re-

832 2294 1074 2389 ligiose
1115 2295 1584 2377 visitaverint,
1625 2292 1863 2388 ibique
1899 2294 2175 2387 pias-ad
2214 2290 2441 2367 Deum
2480 2318 2723 2390 preces
2758 2318 2963 2370 eum-

833 2412 998 2484 dem
1051 2410 1124 2482 in
1173 2408 1388 2483 finem
1417 2408 1813 2483 effuderint.
1874 2409 2187 2507 Denique
2214 2412 2386 2484 nihil
2422 2408 2637 2487 Nobis
2662 2414 2959 2509 gratim,

832 2552 1050 2627 quam
1107 2530 1238 2603 hac
1293 2531 1510 2603 etiam
1561 2531 1667 2601 uti
1718 2530 2108 2618 occasione,
2166 2543 2246 2603 ut
2298 2532 2554 2605 iterum
2613 2544 2961 2606 testemur

839 2660 913 2721 et
963 2648 1460 2721 confirmemus
1495 2648 1970 2742 praecipuam,
2011 2668 2149 2743 qua
2204 2644 2345 2721 Vos
2382 2669 2655 2735 omneS,
2698 2646 2941 2722 Vene-

839 2764 1094 2837 rabiles
1148 2764 1453 2849 Fratres,
1509 2764 2028 2859 prosequimur,
2081 2762 2674 2838 benevolentiam.
2740 2763 2957 2843 Cuius

840 2880 1140 2955 Nostrae
1191 2882 1263 2952 in
1305 2880 1444 2954 Vos
1481 2881 2033 2954 studiosissimae
2070 2881 2455 2955 voluntatis
2490 2882 2745 2977 pignus
2778 2906 2963 2979 quo-

841 3022 980 3096 que
1032 3000 1128 3072 sit
1165 2997 1563 3095 Apostolica
1598 2996 2029 3086 Benedictio,
2085 3020 2299 3095 quam
2336 3022 2423 3071 ex
2460 3000 2713 3073 intimo
2748 3003 2957 3076 corde

840 3116 1232 3214 profectam
1263 3115 1699 3210 vobisipsis,
1732 3114 2181 3189 Venerabiles
2206 3116 2515 3203 FratreS,
2543 3119 2955 3215 cunctisque

845 3230 1130 3307 Clericis
1184 3230 1546 3329 Laicisque
1607 3231 1925 3305 fidelibus
1984 3232 2321 3330 cuiusque
2400 3244 2717 3306 vestrum
2796 3235 2955 3310 fidei

847 3349 1122 3422 traditis
1172 3360 1619 3443 peramanter
1671 3348 2145 3443 impertimur.

997 3462 1258 3539 Datum
1339 3466 1606 3539 Romae
1659 3466 1847 3562 apud
1900 3466 2239 3540 Sanctum
2294 3465 2582 3540 Petrum
2660 3470 2773 3542 die
2856 3473 2949 3543 27

847 3580 1104 3679 Aprilis
1159 3582 1361 3658 Anno
1421 3587 1640 3656 1859.
1700 3582 2155 3659 Pontificatus
2214 3582 2451 3661 Nostri
2532 3584 2731 3661 Anno
2810 3585 2955 3663 De·-

843 3700 1262 3777 cimetertio.
