3317 5267
290 591 299 599 .
342 540 781 637 inseramus,
832 535 1013 637 quin
1064 534 1372 637 denique
1422 534 1878 639 intimemus
1933 538 2102 613 iura
2157 524 2299 614 non
2354 566 2470 617 so-

338 654 523 731 lum.
552 653 809 731 Italiae
856 652 1285 753 Principum
1317 702 1339 743 ,
1418 656 1545 757 qui
1596 655 1749 731 suis
1799 640 2142 731 dominiis
2195 656 2464 751 iniuste

338 774 629 875 spoliati
677 773 1004 873 fuerunt,
1060 794 1313 848 oerum
1362 774 1583 857 etiam
1643 774 1968 849 omnium
2002 776 2218 851 totius
2265 777 2466 858 chri·-

338 894 569 968 stiani
620 892 809 967 orbis
861 890 1317 990 Principum,
1354 892 1481 993 qui
1520 890 2022 991 indifferenter
2057 890 2300 966 videre
2333 918 2466 969 ne·-

338 1013 633 1115 quirent
678 1010 1293 1110 perniciosissima
1342 1009 1698 1111 quaedam
1749 1006 2000 1085 induci
2068 1008 2458 1113 principia.

346 1127 599 1229 Neque
658 1129 1271 1226 praetermisimus
1304 1202 1309 1208 ,
1349 1130 1911 1205 animadvertere
1942 1181 1963 1216 ,
2019 1127 2466 1205 Maiestatem

348 1245 579 1325 Suam
630 1244 829 1321 haud
879 1246 1217 1343 iqnorme
1263 1266 1397 1344 per
1431 1268 1607 1347 quos
1659 1244 2010 1333 homines,
2067 1246 2460 1348 quibusque

336 1363 701 1465 pecuniiS,
758 1386 841 1437 ac
858 1362 1255 1461 praesidiis
1281 1372 1595 1463 recentes
1622 1360 2030 1439 rebellionis
2065 1386 2286 1455 ausus
2321 1360 2464 1439 Bo-

218 1536 223 1539 -
335 1483 627 1571 neniae,
682 1480 1069 1556 Ravennae
1117 1492 1185 1554 et
1238 1480 1319 1551 in
1372 1478 1541 1555 aliis
1592 1479 1996 1556 civitatibus
2049 1481 2340 1555 excitati
2377 1506 2462 1557 ac

328 1599 641 1699 peracti.
663 1598 971 1696 fuerint,
1024 1595 1203 1673 dum
1253 1592 1459 1694 longe
1482 1596 1810 1674 mamma
1836 1590 2270 1701 populorum
2289 1622 2466 1698 pars

332 1717 655 1793 motibus.
688 1714 863 1805 illis,
919 1738 1093 1817 quos
1142 1715 1447 1789 nzinime
1496 1712 1952 1814 opinabatur,
2009 1714 2228 1791 veluti
2281 1730 2466 1791 atto-

334 1839 495 1911 nita
546 1850 897 1927 maneret,
950 1850 1019 1940 et
1068 1836 1169 1911 ad
1218 1833 1393 1933 illos,
1429 1834 1824 1937 sequendos
1875 1858 1952 1910 se
2001 1831 2200 1914 nullo
2252 1837 2462 1915 modo

328 1980 763 2058 propensam
812 1956 1141 2035 ostendit.
1200 1957 1297 2032 Et
1347 1958 1687 2055 quoniam
1761 1944 2274 2050 Serenissimus
2327 1956 2468 2034 lm·-

342 2087 627 2171 perator
662 2075 817 2149 illas
852 2072 1263 2150 Provincias
1312 2094 1355 2147 a
1390 2068 1613 2149 Nobis
1650 2072 2074 2147 abdicandas
2107 2094 2266 2151 esse
2291 2097 2464 2150 cen-

336 2191 543 2266 sebat
592 2188 685 2267 ob
734 2190 1135 2268 rebellionis
1185 2201 1429 2267 ,motus
1480 2188 1583 2265 ihi
1632 2188 2022 2267 identidem
2076 2193 2456 2281 excitatoS,

332 2304 741 2407 opportune
800 2308 1297 2406 respondimus
1324 2359 1347 2395 ,
1406 2306 1814 2383 huiusmodi
1893 2320 2392 2405 argumentum
2436 2363 2456 2398 ‚

334 2438 593 2526 utpote
644 2428 861 2501 nimis
910 2426 1247 2525 probans,
1272 2510 1279 2517 ,
1304 2425 1479 2500 nihil
1534 2426 1823 2501 valere:
1881 2422 2457 2527 quandoquidem

334 2567 481 2621 non
534 2544 917 2621 dissimiles
969 2556 1211 2620 motus
1264 2555 1421 2619 tum
1472 2544 1549 2617 in
1600 2543 1931 2642 Europae
1991 2544 2398 2643 regionibus
2439 2596 2462 2633 ,

332 2674 497 2738 tum
550 2660 717 2735 alibi
768 2682 1115 2759 persaepe
1164 2672 1617 2763 evenerunt3
1669 2673 1746 2737 et
1799 2680 2014 2738 nemo
2066 2684 2211 2739 non
2265 2661 2460 2738 videt

330 2776 743 2876 legitimum
792 2776 1051 2853 exinde
1102 2778 1261 2875 capi
1313 2798 1457 2852 non
1520 2800 1732 2875 posse
1813 2790 2318 2876 argumentum
2371 2780 2461 2853 ad

330 2898 579 2973 civiles
628 2895 939 2973 ditiones
987 2896 1539 2971 imminuendae.
1583 2896 1818 2996 Atque
1860 2896 2050 2971 haud
2085 2898 2460 2973 omisimus

332 3019 569 3093 eidem
621 3014 1043 3114 imperatori
1092 3036 1457 3112 exponere
1488 3068 1509 3104 ,
1566 3016 1923 3093 diversam
1974 3016 2184 3113 plane
2238 3016 2456 3090 fuisse

332 3160 379 3212 a
430 3137 815 3236 postremis
866 3135 1016 3211 suis
1068 3132 1357 3212 Litteris
1409 3136 1714 3232 primam
1777 3157 1982 3210 suam
2059 3134 2458 3232 Epistolam

334 3266 507 3329 ante
554 3250 885 3328 Italicum
935 3248 1203 3326 bellum
1256 3252 1345 3327 ad
1416 3249 1563 3325 Nos
1614 3252 1858 3325 datam
1902 3302 1922 3338 ,
1979 3272 2162 3347 quae
2241 3248 2458 3325 Nobis

330 3369 921 3457 consolationem,
973 3392 1117 3445 non
1170 3366 1631 3443 afflictionem
1675 3366 1956 3451 attulit.
1995 3366 2179 3461 Cum
2207 3380 2460 3471 autem

291 3512 425 3583 „ex
476 3487 903 3587 quibusdam
956 3484 1341 3583 imperialis
1392 3482 1740 3581 epistolae
1792 3502 1926 3579 per
2003 3506 2460 3561 commemo-

328 3618 523 3681 ratas
558 3604 1047 3704 ephemerides
1084 3604 1317 3680 editae
1356 3602 1591 3678 verbis
1621 3601 2020 3677 timendum
2047 3601 2266 3677 Nobis
2301 3626 2460 3677 esse

328 3723 847 3811 censuerimus,
898 3744 991 3797 ne
1040 3722 1439 3819 praedictae
1490 3719 1792 3803 Nostrae
1845 3720 1917 3793 in
1959 3718 2256 3794 Aemilia
2289 3742 2458 3815 pro-—

330 3842 611 3916 vinciae
660 3841 803 3914 iam
855 3851 1099 3917 essent
1132 3840 1680 3915 considerandae
1717 3837 1942 3913 veluti
1994 3860 2037 3910 a
2091 3834 2458 3911 Pontificia

333 3958 593 4036 Nostra
643 3958 911 4033 ditione
962 3957 1372 4045 distractae,
1430 3956 1686 4033 iccirco
1737 3955 2208 4032 Maiestatem·
2240 3953 2460 4029 Suam

334 4076 695 4155 Ecclesiae
744 4078 1035 4169 nomine
1086 4076 1524 4174 rogavimus,
1576 4087 1657 4150 ut
1697 4074 1916 4151 etiam
1943 4073 2210 4172 proprii
2234 4073 2456 4171 ipsius

330 4194 726 4273 Maiestatis
779 4196 963 4272 Suae
1012 4193 1183 4271 honi
1236 4193 1706 4291 utilitatisque
1763 4193 2028 4269 intuitu
2078 4190 2392 4267 efficeret
2429 4240 2452 4279 ,
