<?xml version="1.0" encoding="UTF-8"?>
<!DOCTYPE html PUBLIC "-//W3C//DTD XHTML 1.0 Transitional//EN"
    "http://www.w3.org/TR/xhtml1/DTD/xhtml1-transitional.dtd">
<html xmlns="http://www.w3.org/1999/xhtml" xml:lang="en" lang="en">
 <head>
  <title>
</title>
<meta http-equiv="Content-Type" content="text/html;charset=utf-8" />
  <meta name='ocr-system' content='tesseract 3.04.00' />
  <meta name='ocr-capabilities' content='ocr_page ocr_carea ocr_par ocr_line ocrx_word'/>
</head>
<body>
  <div class='ocr_page' id='page_1' title='image "./piiixpontificis00ixgoog_0450.png"; bbox 0 0 3317 5267; ppageno 0'>
   <div class='ocr_carea' id='block_1_1' title="bbox 883 446 3034 4314">
    <p class='ocr_par' dir='ltr' id='par_1_1' title="bbox 891 446 1038 519">
     <span class='ocr_line' id='line_1_1' title="bbox 891 446 1038 519; baseline -0.014 0"><span class='ocrx_word' id='word_1_1' title='bbox 891 446 1038 519; x_wconf 76' lang='lat'>440</span> 
     </span>
    </p>

    <p class='ocr_par' dir='ltr' id='par_1_2' title="bbox 883 558 3034 3016">
     <span class='ocr_line' id='line_1_2' title="bbox 888 558 3032 659; baseline 0 -22"><span class='ocrx_word' id='word_1_2' title='bbox 888 564 1351 639; x_wconf 80' lang='lat' dir='ltr'><strong>libentissime</strong></span> <span class='ocrx_word' id='word_1_3' title='bbox 1407 560 1704 658; x_wconf 86' lang='lat' dir='ltr'>perpeti.</span> <span class='ocrx_word' id='word_1_4' title='bbox 1763 558 2062 657; x_wconf 79' lang='lat' dir='ltr'>Egregia</span> <span class='ocrx_word' id='word_1_5' title='bbox 2117 582 2283 636; x_wconf 79' lang='lat' dir='ltr'>vero</span> <span class='ocrx_word' id='word_1_6' title='bbox 2336 564 2408 634; x_wconf 89' lang='lat' dir='ltr'>in</span> <span class='ocrx_word' id='word_1_7' title='bbox 2448 561 2858 659; x_wconf 83' lang='lat' dir='ltr'>proximum</span> <span class='ocrx_word' id='word_1_8' title='bbox 2917 562 3032 637; x_wconf 85' lang='lat' dir='ltr'>di-</span> 
     </span>
     <span class='ocr_line' id='line_1_3' title="bbox 887 677 3028 775; baseline -0 -21"><span class='ocrx_word' id='word_1_9' title='bbox 887 682 1189 757; x_wconf 80' lang='lat' dir='ltr'>lectione</span> <span class='ocrx_word' id='word_1_10' title='bbox 1242 682 1595 753; x_wconf 86' lang='lat' dir='ltr'>animatus</span> <span class='ocrx_word' id='word_1_11' title='bbox 1632 700 1999 774; x_wconf 88' lang='lat' dir='ltr'>nunquam</span> <span class='ocrx_word' id='word_1_12' title='bbox 2037 677 2420 753; x_wconf 83' lang='lat' dir='ltr'>intermisit</span> <span class='ocrx_word' id='word_1_13' title='bbox 2457 679 3028 775; x_wconf 79' lang='lat' dir='ltr'>aegrotantibuS,</span> 
     </span>
     <span class='ocr_line' id='line_1_4' title="bbox 883 794 3026 892; baseline -0.002 -21"><span class='ocrx_word' id='word_1_14' title='bbox 883 810 960 871; x_wconf 90' lang='lat' dir='ltr'>et</span> <span class='ocrx_word' id='word_1_15' title='bbox 1002 796 1429 871; x_wconf 72' lang='lat' dir='ltr'>calamitosis</span> <span class='ocrx_word' id='word_1_16' title='bbox 1482 794 1676 868; x_wconf 89' lang='lat' dir='ltr'>omni</span> <span class='ocrx_word' id='word_1_17' title='bbox 1753 816 1887 889; x_wconf 89' lang='lat' dir='ltr'>ope</span> <span class='ocrx_word' id='word_1_18' title='bbox 1941 817 2304 889; x_wconf 83' lang='lat' dir='ltr'>occurrere</span> <span class='ocrx_word' id='word_1_19' title='bbox 2336 847 2357 882; x_wconf 99' lang='lat'>,</span> <span class='ocrx_word' id='word_1_20' title='bbox 2415 806 2488 867; x_wconf 89' lang='lat' dir='ltr'>et</span> <span class='ocrx_word' id='word_1_21' title='bbox 2567 796 3026 892; x_wconf 80' lang='lat' dir='ltr'>captivorum</span> 
     </span>
     <span class='ocr_line' id='line_1_5' title="bbox 887 915 3032 1012; baseline -0.001 -22"><span class='ocrx_word' id='word_1_22' title='bbox 887 915 1357 1012; x_wconf 87' lang='lat' dir='ltr'>redemptioni</span> <span class='ocrx_word' id='word_1_23' title='bbox 1414 926 1778 995; x_wconf 85' lang='lat' dir='ltr'>strenuam</span> <span class='ocrx_word' id='word_1_24' title='bbox 1857 934 2150 1008; x_wconf 80' lang='lat' dir='ltr'>operam</span> <span class='ocrx_word' id='word_1_25' title='bbox 2203 934 2466 987; x_wconf 85' lang='lat' dir='ltr'>navare</span> <span class='ocrx_word' id='word_1_26' title='bbox 2497 964 2518 999; x_wconf 95' lang='lat'>,</span> <span class='ocrx_word' id='word_1_27' title='bbox 2575 923 2652 985; x_wconf 86' lang='lat' dir='ltr'>et</span> <span class='ocrx_word' id='word_1_28' title='bbox 2703 924 3032 987; x_wconf 85' lang='lat' dir='ltr'>errantes</span> 
     </span>
     <span class='ocr_line' id='line_1_6' title="bbox 897 1031 3031 1128; baseline 0 -21"><span class='ocrx_word' id='word_1_29' title='bbox 897 1037 985 1109; x_wconf 85' lang='lat' dir='ltr'>ad</span> <span class='ocrx_word' id='word_1_30' title='bbox 1049 1037 1333 1108; x_wconf 83' lang='lat' dir='ltr'>virtutis</span> <span class='ocrx_word' id='word_1_31' title='bbox 1386 1034 1680 1107; x_wconf 79' lang='lat' dir='ltr'>semitas</span> <span class='ocrx_word' id='word_1_32' title='bbox 1732 1055 2093 1121; x_wconf 85' lang='lat' dir='ltr'>revocare,</span> <span class='ocrx_word' id='word_1_33' title='bbox 2151 1054 2232 1105; x_wconf 89' lang='lat' dir='ltr'>ac</span> <span class='ocrx_word' id='word_1_34' title='bbox 2295 1031 2807 1128; x_wconf 89' lang='lat' dir='ltr'>sempiternam</span> <span class='ocrx_word' id='word_1_35' title='bbox 2891 1032 3031 1109; x_wconf 87' lang='lat' dir='ltr'>ho-</span> 
     </span>
     <span class='ocr_line' id='line_1_7' title="bbox 888 1146 3027 1235; baseline -0.001 -11"><span class='ocrx_word' id='word_1_36' title='bbox 888 1152 1165 1224; x_wconf 91' lang='lat' dir='ltr'>minum</span> <span class='ocrx_word' id='word_1_37' title='bbox 1216 1148 1519 1223; x_wconf 89' lang='lat' dir='ltr'>salutem</span> <span class='ocrx_word' id='word_1_38' title='bbox 1556 1148 1786 1223; x_wconf 90' lang='lat' dir='ltr'>modis</span> <span class='ocrx_word' id='word_1_39' title='bbox 1824 1146 2152 1223; x_wconf 79' lang='lat' dir='ltr'>omnibus</span> <span class='ocrx_word' id='word_1_40' title='bbox 2191 1148 2708 1222; x_wconf 87' lang='lat' dir='ltr'>studiosissime</span> <span class='ocrx_word' id='word_1_41' title='bbox 2741 1171 3027 1235; x_wconf 84' lang='lat' dir='ltr'>curare,</span> 
     </span>
     <span class='ocr_line' id='line_1_8' title="bbox 888 1264 3034 1365; baseline -0.001 -23"><span class='ocrx_word' id='word_1_42' title='bbox 888 1293 971 1343; x_wconf 89' lang='lat' dir='ltr'>ac</span> <span class='ocrx_word' id='word_1_43' title='bbox 1026 1270 1139 1365; x_wconf 89' lang='lat' dir='ltr'>pia</span> <span class='ocrx_word' id='word_1_44' title='bbox 1193 1288 1513 1365; x_wconf 89' lang='lat' dir='ltr'>quaeque</span> <span class='ocrx_word' id='word_1_45' title='bbox 1568 1288 1782 1363; x_wconf 88' lang='lat' dir='ltr'>opera</span> <span class='ocrx_word' id='word_1_46' title='bbox 1845 1264 2324 1341; x_wconf 86' lang='lat' dir='ltr'>indesinenter</span> <span class='ocrx_word' id='word_1_47' title='bbox 2359 1264 2586 1353; x_wconf 88' lang='lat' dir='ltr'>obire,</span> <span class='ocrx_word' id='word_1_48' title='bbox 2625 1266 3034 1364; x_wconf 86' lang='lat' dir='ltr'>ceterisque</span> 
     </span>
     <span class='ocr_line' id='line_1_9' title="bbox 888 1384 3032 1483; baseline -0.002 -19"><span class='ocrx_word' id='word_1_49' title='bbox 888 1388 1217 1464; x_wconf 91' lang='lat' dir='ltr'>omnihus</span> <span class='ocrx_word' id='word_1_50' title='bbox 1270 1387 1673 1461; x_wconf 88' lang='lat' dir='ltr'>christianis</span> <span class='ocrx_word' id='word_1_51' title='bbox 1731 1385 2110 1459; x_wconf 85' lang='lat' dir='ltr'>virtutibus</span> <span class='ocrx_word' id='word_1_52' title='bbox 2187 1384 2478 1483; x_wconf 79' lang='lat' dir='ltr'>fulgere.</span> <span class='ocrx_word' id='word_1_53' title='bbox 2566 1384 2798 1460; x_wconf 85' lang='lat' dir='ltr'>Tanto</span> <span class='ocrx_word' id='word_1_54' title='bbox 2857 1408 3032 1459; x_wconf 77' lang='lat' dir='ltr'>vero</span> 
     </span>
     <span class='ocr_line' id='line_1_10' title="bbox 885 1502 3034 1601; baseline -0.002 -21"><span class='ocrx_word' id='word_1_55' title='bbox 885 1508 957 1580; x_wconf 90' lang='lat' dir='ltr'>in</span> <span class='ocrx_word' id='word_1_56' title='bbox 1014 1502 1242 1581; x_wconf 91' lang='lat' dir='ltr'>Deum</span> <span class='ocrx_word' id='word_1_57' title='bbox 1296 1525 1539 1579; x_wconf 91' lang='lat' dir='ltr'>amore</span> <span class='ocrx_word' id='word_1_58' title='bbox 1592 1504 1886 1589; x_wconf 85' lang='lat' dir='ltr'>exarsit,</span> <span class='ocrx_word' id='word_1_59' title='bbox 1943 1514 2281 1601; x_wconf 87' lang='lat' dir='ltr'>tantaque</span> <span class='ocrx_word' id='word_1_60' title='bbox 2333 1524 2500 1600; x_wconf 81' lang='lat' dir='ltr'>erga</span> <span class='ocrx_word' id='word_1_61' title='bbox 2537 1502 2802 1585; x_wconf 80' lang='lat' dir='ltr'>Christi</span> <span class='ocrx_word' id='word_1_62' title='bbox 2860 1525 3034 1599; x_wconf 82' lang='lat' dir='ltr'>pas-</span> 
     </span>
     <span class='ocr_line' id='line_1_11' title="bbox 888 1616 3026 1717; baseline -0.003 -20"><span class='ocrx_word' id='word_1_63' title='bbox 888 1625 1160 1698; x_wconf 76' lang='lat' dir='ltr'>sionem</span> <span class='ocrx_word' id='word_1_64' title='bbox 1194 1676 1215 1709; x_wconf 93' lang='lat'>,</span> <span class='ocrx_word' id='word_1_65' title='bbox 1274 1633 1349 1694; x_wconf 87' lang='lat' dir='ltr'>et</span> <span class='ocrx_word' id='word_1_66' title='bbox 1396 1631 1776 1717; x_wconf 80' lang='lat' dir='ltr'>augustum</span> <span class='ocrx_word' id='word_1_67' title='bbox 1859 1616 2344 1694; x_wconf 82' lang='lat' dir='ltr'>Eucharistiae</span> <span class='ocrx_word' id='word_1_68' title='bbox 2421 1620 2970 1694; x_wconf 84' lang='lat' dir='ltr'>Sacramentum</span> <span class='ocrx_word' id='word_1_69' title='bbox 3003 1674 3026 1707; x_wconf 91' lang='lat'>,</span> 
     </span>
     <span class='ocr_line' id='line_1_12' title="bbox 890 1736 3021 1841; baseline -0.002 -26"><span class='ocrx_word' id='word_1_70' title='bbox 890 1754 1106 1841; x_wconf 89' lang='lat' dir='ltr'>atque</span> <span class='ocrx_word' id='word_1_71' title='bbox 1139 1740 1673 1829; x_wconf 69' lang='lat' dir='ltr'>immaculatam</span> <span class='ocrx_word' id='word_1_72' title='bbox 1710 1738 2388 1837; x_wconf 73' lang='lat' dir='ltr'>sanctissimamque</span> <span class='ocrx_word' id='word_1_73' title='bbox 2425 1736 2550 1813; x_wconf 88' lang='lat' dir='ltr'>Dei</span> <span class='ocrx_word' id='word_1_74' title='bbox 2583 1736 3021 1813; x_wconf 84' lang='lat' dir='ltr'>Genitricem</span> 
     </span>
     <span class='ocr_line' id='line_1_13' title="bbox 892 1855 3022 1957; baseline -0.001 -26"><span class='ocrx_word' id='word_1_75' title='bbox 892 1857 1254 1957; x_wconf 77' lang='lat' dir='ltr'>Virginem</span> <span class='ocrx_word' id='word_1_76' title='bbox 1309 1855 1595 1930; x_wconf 89' lang='lat' dir='ltr'>Mariam</span> <span class='ocrx_word' id='word_1_77' title='bbox 1650 1856 1946 1931; x_wconf 80' lang='lat' dir='ltr'>caritate</span> <span class='ocrx_word' id='word_1_78' title='bbox 1997 1855 2344 1953; x_wconf 83' lang='lat' dir='ltr'>flagravit,</span> <span class='ocrx_word' id='word_1_79' title='bbox 2385 1857 2566 1930; x_wconf 89' lang='lat' dir='ltr'>utin</span> <span class='ocrx_word' id='word_1_80' title='bbox 2619 1855 3022 1931; x_wconf 82' lang='lat' dir='ltr'>divinarum</span> 
     </span>
     <span class='ocr_line' id='line_1_14' title="bbox 888 1974 3020 2071; baseline -0.001 -22"><span class='ocrx_word' id='word_1_81' title='bbox 888 1998 1128 2049; x_wconf 86' lang='lat' dir='ltr'>rerum</span> <span class='ocrx_word' id='word_1_82' title='bbox 1182 1974 1784 2050; x_wconf 88' lang='lat' dir='ltr'>commentatione</span> <span class='ocrx_word' id='word_1_83' title='bbox 1861 1994 2145 2071; x_wconf 86' lang='lat' dir='ltr'>semper</span> <span class='ocrx_word' id='word_1_84' title='bbox 2221 1974 2494 2049; x_wconf 82' lang='lat' dir='ltr'>defixus</span> <span class='ocrx_word' id='word_1_85' title='bbox 2575 1974 2920 2047; x_wconf 86' lang='lat' dir='ltr'>meruerit</span> <span class='ocrx_word' id='word_1_86' title='bbox 2979 1996 3020 2046; x_wconf 88' lang='lat' dir='ltr'>a</span> 
     </span>
     <span class='ocr_line' id='line_1_15' title="bbox 888 2092 3022 2170; baseline -0.002 -3"><span class='ocrx_word' id='word_1_87' title='bbox 888 2092 1191 2170; x_wconf 87' lang='lat' dir='ltr'>Domino</span> <span class='ocrx_word' id='word_1_88' title='bbox 1244 2093 1601 2167; x_wconf 85' lang='lat' dir='ltr'>uberrima</span> <span class='ocrx_word' id='word_1_89' title='bbox 1652 2092 2068 2167; x_wconf 86' lang='lat' dir='ltr'>caelestium</span> <span class='ocrx_word' id='word_1_90' title='bbox 2122 2094 2444 2169; x_wconf 88' lang='lat' dir='ltr'>omnium</span> <span class='ocrx_word' id='word_1_91' title='bbox 2509 2092 3022 2167; x_wconf 86' lang='lat' dir='ltr'>charismatum</span> 
     </span>
     <span class='ocr_line' id='line_1_16' title="bbox 887 2208 3018 2309; baseline -0.002 -24"><span class='ocrx_word' id='word_1_92' title='bbox 887 2214 1089 2309; x_wconf 89' lang='lat' dir='ltr'>copia</span> <span class='ocrx_word' id='word_1_93' title='bbox 1140 2212 1541 2285; x_wconf 88' lang='lat' dir='ltr'>mirandum</span> <span class='ocrx_word' id='word_1_94' title='bbox 1598 2212 1670 2285; x_wconf 88' lang='lat' dir='ltr'>in</span> <span class='ocrx_word' id='word_1_95' title='bbox 1727 2211 2018 2286; x_wconf 88' lang='lat' dir='ltr'>modum</span> <span class='ocrx_word' id='word_1_96' title='bbox 2071 2210 2444 2285; x_wconf 87' lang='lat' dir='ltr'>cumulari.</span> <span class='ocrx_word' id='word_1_97' title='bbox 2530 2208 2796 2285; x_wconf 87' lang='lat' dir='ltr'>Verum</span> <span class='ocrx_word' id='word_1_98' title='bbox 2857 2232 3018 2283; x_wconf 90' lang='lat' dir='ltr'>cum</span> 
     </span>
     <span class='ocr_line' id='line_1_17' title="bbox 884 2328 3016 2427; baseline -0.001 -23"><span class='ocrx_word' id='word_1_99' title='bbox 884 2331 973 2404; x_wconf 91' lang='lat' dir='ltr'>de</span> <span class='ocrx_word' id='word_1_100' title='bbox 1026 2331 1441 2426; x_wconf 72' lang='lat' dir='ltr'>gravissimo</span> <span class='ocrx_word' id='word_1_101' title='bbox 1494 2352 1662 2403; x_wconf 89' lang='lat' dir='ltr'>sane</span> <span class='ocrx_word' id='word_1_102' title='bbox 1711 2329 1996 2427; x_wconf 79' lang='lat' dir='ltr'>negotio</span> <span class='ocrx_word' id='word_1_103' title='bbox 2047 2343 2321 2426; x_wconf 80' lang='lat' dir='ltr'>agatur,</span> <span class='ocrx_word' id='word_1_104' title='bbox 2377 2331 2450 2403; x_wconf 88' lang='lat' dir='ltr'>in</span> <span class='ocrx_word' id='word_1_105' title='bbox 2503 2352 2649 2427; x_wconf 89' lang='lat' dir='ltr'>quo</span> <span class='ocrx_word' id='word_1_106' title='bbox 2701 2328 3016 2402; x_wconf 81' lang='lat' dir='ltr'>maxime</span> 
     </span>
     <span class='ocr_line' id='line_1_18' title="bbox 886 2448 3023 2545; baseline -0 -25"><span class='ocrx_word' id='word_1_107' title='bbox 886 2448 1345 2523; x_wconf 89' lang='lat' dir='ltr'>laborandum</span> <span class='ocrx_word' id='word_1_108' title='bbox 1398 2460 1513 2523; x_wconf 89' lang='lat' dir='ltr'>est</span> <span class='ocrx_word' id='word_1_109' title='bbox 1542 2500 1563 2536; x_wconf 98' lang='lat'>,</span> <span class='ocrx_word' id='word_1_110' title='bbox 1620 2472 1710 2522; x_wconf 88' lang='lat' dir='ltr'>ne</span> <span class='ocrx_word' id='word_1_111' title='bbox 1761 2449 1932 2545; x_wconf 88' lang='lat' dir='ltr'>quid</span> <span class='ocrx_word' id='word_1_112' title='bbox 1986 2448 2098 2523; x_wconf 85' lang='lat' dir='ltr'>vel</span> <span class='ocrx_word' id='word_1_113' title='bbox 2151 2449 2531 2523; x_wconf 85' lang='lat' dir='ltr'>minimum</span> <span class='ocrx_word' id='word_1_114' title='bbox 2583 2448 3023 2524; x_wconf 85' lang='lat' dir='ltr'>studiosissi-</span> 
     </span>
     <span class='ocr_line' id='line_1_19' title="bbox 884 2564 3024 2663; baseline -0.001 -27"><span class='ocrx_word' id='word_1_115' title='bbox 884 2586 1047 2637; x_wconf 88' lang='lat' dir='ltr'>mae</span> <span class='ocrx_word' id='word_1_116' title='bbox 1100 2587 1305 2638; x_wconf 89' lang='lat' dir='ltr'>curae</span> <span class='ocrx_word' id='word_1_117' title='bbox 1332 2588 1373 2639; x_wconf 91' lang='lat' dir='ltr'>a</span> <span class='ocrx_word' id='word_1_118' title='bbox 1426 2564 1645 2640; x_wconf 88' lang='lat' dir='ltr'>Nobis</span> <span class='ocrx_word' id='word_1_119' title='bbox 1691 2566 2092 2663; x_wconf 85' lang='lat' dir='ltr'>neglectum</span> <span class='ocrx_word' id='word_1_120' title='bbox 2119 2588 2276 2639; x_wconf 84' lang='lat' dir='ltr'>esse</span> <span class='ocrx_word' id='word_1_121' title='bbox 2315 2566 2660 2653; x_wconf 83' lang='lat' dir='ltr'>videatur,</span> <span class='ocrx_word' id='word_1_122' title='bbox 2703 2576 3024 2640; x_wconf 82' lang='lat' dir='ltr'>vestrum</span> 
     </span>
     <span class='ocr_line' id='line_1_20' title="bbox 886 2680 3020 2779; baseline -0 -24"><span class='ocrx_word' id='word_1_123' title='bbox 886 2681 1255 2756; x_wconf 90' lang='lat' dir='ltr'>consilium</span> <span class='ocrx_word' id='word_1_124' title='bbox 1308 2680 1748 2779; x_wconf 84' lang='lat' dir='ltr'>exquirimus</span> <span class='ocrx_word' id='word_1_125' title='bbox 1779 2733 1800 2769; x_wconf 91' lang='lat'>,</span> <span class='ocrx_word' id='word_1_126' title='bbox 1857 2693 2270 2779; x_wconf 82' lang='lat' dir='ltr'>vestrasque</span> <span class='ocrx_word' id='word_1_127' title='bbox 2307 2683 2396 2757; x_wconf 90' lang='lat' dir='ltr'>de</span> <span class='ocrx_word' id='word_1_128' title='bbox 2428 2682 2652 2757; x_wconf 83' lang='lat' dir='ltr'>Beato</span> <span class='ocrx_word' id='word_1_129' title='bbox 2679 2681 3020 2757; x_wconf 79' lang='lat' dir='ltr'>Michaele</span> 
     </span>
     <span class='ocr_line' id='line_1_21' title="bbox 888 2795 3020 2875; baseline 0.001 -6"><span class='ocrx_word' id='word_1_130' title='bbox 888 2795 991 2871; x_wconf 90' lang='lat' dir='ltr'>De</span> <span class='ocrx_word' id='word_1_131' title='bbox 1046 2798 1323 2873; x_wconf 88' lang='lat' dir='ltr'>Sanctis</span> <span class='ocrx_word' id='word_1_132' title='bbox 1375 2798 1445 2871; x_wconf 88' lang='lat' dir='ltr'>in</span> <span class='ocrx_word' id='word_1_133' title='bbox 1499 2798 1924 2873; x_wconf 87' lang='lat' dir='ltr'>Sanctorum</span> <span class='ocrx_word' id='word_1_134' title='bbox 1979 2822 2352 2873; x_wconf 86' lang='lat' dir='ltr'>numerum</span> <span class='ocrx_word' id='word_1_135' title='bbox 2407 2799 2780 2875; x_wconf 79' lang='lat' dir='ltr'>referendo</span> <span class='ocrx_word' id='word_1_136' title='bbox 2849 2822 3020 2873; x_wconf 88' lang='lat' dir='ltr'>sen-</span> 
     </span>
     <span class='ocr_line' id='line_1_22' title="bbox 896 2918 1678 3016; baseline 0 -26"><span class='ocrx_word' id='word_1_137' title='bbox 896 2919 1157 2992; x_wconf 83' lang='lat' dir='ltr'>tentias</span> <span class='ocrx_word' id='word_1_138' title='bbox 1210 2918 1678 3016; x_wconf 88' lang='lat' dir='ltr'>postulamus.</span> 
     </span>
    </p>

    <p class='ocr_par' dir='ltr' id='par_1_3' title="bbox 890 3034 3022 3376">
     <span class='ocr_line' id='line_1_23' title="bbox 1058 3034 3016 3137; baseline -0.001 -26"><span class='ocrx_word' id='word_1_139' title='bbox 1058 3038 1344 3113; x_wconf 78' lang='lat' dir='ltr'>Auditis</span> <span class='ocrx_word' id='word_1_140' title='bbox 1400 3036 1784 3137; x_wconf 72' lang='lat' dir='ltr'>Suffraqiis</span> <span class='ocrx_word' id='word_1_141' title='bbox 1842 3036 1920 3112; x_wconf 89' lang='lat' dir='ltr'>S.</span> <span class='ocrx_word' id='word_1_142' title='bbox 1979 3036 2066 3111; x_wconf 88' lang='lat' dir='ltr'>R.</span> <span class='ocrx_word' id='word_1_143' title='bbox 2128 3034 2212 3111; x_wconf 88' lang='grc' dir='ltr'>Ε.</span> <span class='ocrx_word' id='word_1_144' title='bbox 2277 3034 2814 3125; x_wconf 75' lang='lat' dir='ltr'>cardinalium,</span> <span class='ocrx_word' id='word_1_145' title='bbox 2853 3035 3016 3110; x_wconf 81' lang='lat' dir='ltr'>Pa·-</span> 
     </span>
     <span class='ocr_line' id='line_1_24' title="bbox 890 3156 3022 3257; baseline 0 -27"><span class='ocrx_word' id='word_1_146' title='bbox 890 3158 1379 3233; x_wconf 77' lang='lat' dir='ltr'>triarcharum</span> <span class='ocrx_word' id='word_1_147' title='bbox 1409 3210 1429 3246; x_wconf 97' lang='lat'>,</span> <span class='ocrx_word' id='word_1_148' title='bbox 1510 3156 2226 3257; x_wconf 76' lang='lat' dir='ltr'>Archiepiscoporum</span> <span class='ocrx_word' id='word_1_149' title='bbox 2255 3210 2276 3247; x_wconf 94' lang='lat'>,</span> <span class='ocrx_word' id='word_1_150' title='bbox 2357 3171 2424 3231; x_wconf 79' lang='lat' dir='ltr'>ct</span> <span class='ocrx_word' id='word_1_151' title='bbox 2462 3158 2970 3257; x_wconf 72' lang='lat' dir='ltr'>Epi-scoparum</span> <span class='ocrx_word' id='word_1_152' title='bbox 2999 3214 3022 3249; x_wconf 90' lang='lat'>‚</span> 
     </span>
     <span class='ocr_line' id='line_1_25' title="bbox 890 3272 2194 3376; baseline -0.001 -28"><span class='ocrx_word' id='word_1_153' title='bbox 890 3273 1253 3348; x_wconf 75' lang='lat' dir='ltr'>Sanctitas</span> <span class='ocrx_word' id='word_1_154' title='bbox 1308 3272 1459 3348; x_wconf 76' lang='lat' dir='ltr'>Sua</span> <span class='ocrx_word' id='word_1_155' title='bbox 1504 3287 1938 3376; x_wconf 76' lang='lat' dir='ltr'>prosequuta</span> <span class='ocrx_word' id='word_1_156' title='bbox 1991 3288 2144 3347; x_wconf 76' lang='lat' dir='ltr'>est:</span> <span class='ocrx_word' id='word_1_157' title='bbox 2185 3316 2194 3325; x_wconf 92' lang='lat'>-</span> 
     </span>
    </p>

    <p class='ocr_par' dir='ltr' id='par_1_4' title="bbox 884 3391 3025 4314">
     <span class='ocr_line' id='line_1_26' title="bbox 1050 3391 3021 3492; baseline 0.004 -26"><span class='ocrx_word' id='word_1_158' title='bbox 1050 3391 1557 3471; x_wconf 82' lang='lat' dir='ltr'>Libentissime</span> <span class='ocrx_word' id='word_1_159' title='bbox 1612 3395 1900 3492; x_wconf 77' lang='lat' dir='ltr'>quidem</span> <span class='ocrx_word' id='word_1_160' title='bbox 1951 3394 2190 3469; x_wconf 86' lang='lat' dir='ltr'>animo</span> <span class='ocrx_word' id='word_1_161' title='bbox 2241 3392 2718 3469; x_wconf 83' lang='lat' dir='ltr'>intelleximus</span> <span class='ocrx_word' id='word_1_162' title='bbox 2745 3412 3021 3473; x_wconf 78' lang='lat' dir='ltr'>vestras</span> 
     </span>
     <span class='ocr_line' id='line_1_27' title="bbox 886 3509 3018 3590; baseline 0.004 -7"><span class='ocrx_word' id='word_1_163' title='bbox 886 3532 1139 3585; x_wconf 86' lang='lat' dir='ltr'>omnes</span> <span class='ocrx_word' id='word_1_164' title='bbox 1188 3510 1277 3584; x_wconf 88' lang='lat' dir='ltr'>de</span> <span class='ocrx_word' id='word_1_165' title='bbox 1330 3509 1529 3585; x_wconf 87' lang='lat' dir='ltr'>Beati</span> <span class='ocrx_word' id='word_1_166' title='bbox 1584 3510 1946 3586; x_wconf 76' lang='lat' dir='ltr'>Michaelis</span> <span class='ocrx_word' id='word_1_167' title='bbox 1993 3532 2206 3585; x_wconf 81' lang='lat' dir='ltr'>causa</span> <span class='ocrx_word' id='word_1_168' title='bbox 2259 3513 2650 3587; x_wconf 85' lang='lat' dir='ltr'>sententias</span> <span class='ocrx_word' id='word_1_169' title='bbox 2701 3536 2788 3589; x_wconf 87' lang='lat' dir='ltr'>eo</span> <span class='ocrx_word' id='word_1_170' title='bbox 2841 3528 3018 3590; x_wconf 80' lang='lat' dir='ltr'>ten-</span> 
     </span>
     <span class='ocr_line' id='line_1_28' title="bbox 884 3626 3017 3716; baseline 0.002 -15"><span class='ocrx_word' id='word_1_171' title='bbox 884 3628 1078 3716; x_wconf 89' lang='lat' dir='ltr'>dere,</span> <span class='ocrx_word' id='word_1_172' title='bbox 1116 3640 1201 3702; x_wconf 89' lang='lat' dir='ltr'>ut</span> <span class='ocrx_word' id='word_1_173' title='bbox 1250 3626 1447 3701; x_wconf 90' lang='lat' dir='ltr'>illum</span> <span class='ocrx_word' id='word_1_174' title='bbox 1502 3628 1929 3703; x_wconf 83' lang='lat' dir='ltr'>Sanctorum</span> <span class='ocrx_word' id='word_1_175' title='bbox 1965 3650 2262 3703; x_wconf 88' lang='lat' dir='ltr'>numero</span> <span class='ocrx_word' id='word_1_176' title='bbox 2291 3628 2795 3706; x_wconf 85' lang='lat' dir='ltr'>adscribamus.</span> <span class='ocrx_word' id='word_1_177' title='bbox 2836 3631 3017 3708; x_wconf 90' lang='lat' dir='ltr'>Cum</span> 
     </span>
     <span class='ocr_line' id='line_1_29' title="bbox 889 3745 3025 3843; baseline 0.003 -26"><span class='ocrx_word' id='word_1_178' title='bbox 889 3758 1129 3819; x_wconf 86' lang='lat' dir='ltr'>autem</span> <span class='ocrx_word' id='word_1_179' title='bbox 1184 3747 1255 3817; x_wconf 92' lang='lat' dir='ltr'>in</span> <span class='ocrx_word' id='word_1_180' title='bbox 1312 3748 1764 3841; x_wconf 89' lang='lat' dir='ltr'>praecedenti</span> <span class='ocrx_word' id='word_1_181' title='bbox 1799 3745 2238 3822; x_wconf 86' lang='lat' dir='ltr'>Consistorio</span> <span class='ocrx_word' id='word_1_182' title='bbox 2265 3746 2334 3821; x_wconf 89' lang='lat' dir='ltr'>id</span> <span class='ocrx_word' id='word_1_183' title='bbox 2374 3746 2610 3843; x_wconf 88' lang='lat' dir='ltr'>ipsum</span> <span class='ocrx_word' id='word_1_184' title='bbox 2644 3749 2822 3823; x_wconf 89' lang='lat' dir='ltr'>mira</span> <span class='ocrx_word' id='word_1_185' title='bbox 2851 3774 3025 3825; x_wconf 82' lang='lat' dir='ltr'>con-</span> 
     </span>
     <span class='ocr_line' id='line_1_30' title="bbox 884 3864 3020 3967; baseline 0.004 -32"><span class='ocrx_word' id='word_1_186' title='bbox 884 3865 1213 3937; x_wconf 88' lang='lat' dir='ltr'>sensione</span> <span class='ocrx_word' id='word_1_187' title='bbox 1260 3866 1347 3938; x_wconf 89' lang='lat' dir='ltr'>de</span> <span class='ocrx_word' id='word_1_188' title='bbox 1404 3866 1655 3961; x_wconf 80' lang='lat' dir='ltr'>viginti</span> <span class='ocrx_word' id='word_1_189' title='bbox 1713 3888 1838 3940; x_wconf 82' lang='lat' dir='ltr'>sex</span> <span class='ocrx_word' id='word_1_190' title='bbox 1896 3864 2136 3941; x_wconf 87' lang='lat' dir='ltr'>Beatis</span> <span class='ocrx_word' id='word_1_191' title='bbox 2187 3867 2260 3939; x_wconf 91' lang='lat' dir='ltr'>in</span> <span class='ocrx_word' id='word_1_192' title='bbox 2313 3864 2598 3962; x_wconf 88' lang='lat' dir='ltr'>laponia</span> <span class='ocrx_word' id='word_1_193' title='bbox 2677 3872 3020 3967; x_wconf 76' lang='lat' dir='ltr'>martyrio</span> 
     </span>
     <span class='ocr_line' id='line_1_31' title="bbox 884 3982 3022 4081; baseline 0.002 -26"><span class='ocrx_word' id='word_1_194' title='bbox 884 3982 1261 4071; x_wconf 76' lang='lat' dir='ltr'>defunctiS,</span> <span class='ocrx_word' id='word_1_195' title='bbox 1318 3984 1405 4057; x_wconf 87' lang='lat' dir='ltr'>de</span> <span class='ocrx_word' id='word_1_196' title='bbox 1458 3983 1716 4080; x_wconf 83' lang='lat' dir='ltr'>quibus</span> <span class='ocrx_word' id='word_1_197' title='bbox 1767 3982 2131 4079; x_wconf 77' lang='lat' dir='ltr'>agebatur,</span> <span class='ocrx_word' id='word_1_198' title='bbox 2187 3983 2744 4081; x_wconf 80' lang='lat' dir='ltr'>efflagitaveritis</span> <span class='ocrx_word' id='word_1_199' title='bbox 2773 4038 2794 4075; x_wconf 88' lang='lat'><strong>‚</strong></span> <span class='ocrx_word' id='word_1_200' title='bbox 2867 4010 3022 4060; x_wconf 87' lang='lat' dir='ltr'>rem</span> 
     </span>
     <span class='ocr_line' id='line_1_32' title="bbox 884 4099 3020 4197; baseline 0.002 -26"><span class='ocrx_word' id='word_1_201' title='bbox 884 4124 1217 4195; x_wconf 83' lang='lat' dir='ltr'>suprema</span> <span class='ocrx_word' id='word_1_202' title='bbox 1254 4099 1523 4185; x_wconf 60' lang='lat' dir='ltr'>‚Nostra</span> <span class='ocrx_word' id='word_1_203' title='bbox 1599 4102 2020 4175; x_wconf 84' lang='lat' dir='ltr'>auctoritate</span> <span class='ocrx_word' id='word_1_204' title='bbox 2085 4100 2420 4197; x_wconf 79' lang='lat' dir='ltr'>perlicere</span> <span class='ocrx_word' id='word_1_205' title='bbox 2497 4099 3020 4179; x_wconf 75' lang='lat' dir='ltr'>festinabimus,</span> 
     </span>
     <span class='ocr_line' id='line_1_33' title="bbox 885 4214 3024 4314; baseline 0.004 -28"><span class='ocrx_word' id='word_1_206' title='bbox 885 4214 1131 4313; x_wconf 83' lang='lat' dir='ltr'>ltaque</span> <span class='ocrx_word' id='word_1_207' title='bbox 1187 4216 1402 4291; x_wconf 77' lang='lat' dir='ltr'>Nobis</span> <span class='ocrx_word' id='word_1_208' title='bbox 1454 4218 1525 4290; x_wconf 89' lang='lat' dir='ltr'>in</span> <span class='ocrx_word' id='word_1_209' title='bbox 1582 4217 1822 4291; x_wconf 85' lang='lat' dir='ltr'>animo</span> <span class='ocrx_word' id='word_1_210' title='bbox 1877 4228 2014 4303; x_wconf 91' lang='lat' dir='ltr'>est,</span> <span class='ocrx_word' id='word_1_211' title='bbox 2042 4218 2156 4291; x_wconf 87' lang='lat' dir='ltr'>die</span> <span class='ocrx_word' id='word_1_212' title='bbox 2185 4230 2438 4293; x_wconf 81' lang='lat' dir='ltr'>octavo</span> <span class='ocrx_word' id='word_1_213' title='bbox 2463 4222 2770 4314; x_wconf 89' lang='lat' dir='ltr'>proximi</span> <span class='ocrx_word' id='word_1_214' title='bbox 2824 4242 3024 4295; x_wconf 86' lang='lat' dir='ltr'>men·</span> 
     </span>
    </p>
   </div>
   <div class='ocr_carea' id='block_1_2' title="bbox 3301 1348 3305 4105">
    <p class='ocr_par' dir='ltr' id='par_1_5' title="bbox 3301 1348 3305 4105">
     <span class='ocr_line' id='line_1_34' title="bbox 3301 1348 3305 4105; baseline 0 0"><span class='ocrx_word' id='word_1_215' title='bbox 3301 1348 3305 4105; x_wconf 95' lang='lat' dir='ltr'> </span> 
     </span>
    </p>
   </div>
   <div class='ocr_carea' id='block_1_3' title="bbox 3301 4662 3303 5195">
    <p class='ocr_par' dir='ltr' id='par_1_6' title="bbox 3301 4662 3303 5195">
     <span class='ocr_line' id='line_1_35' title="bbox 3301 4662 3303 5195; baseline 0 0"><span class='ocrx_word' id='word_1_216' title='bbox 3301 4662 3303 5195; x_wconf 95' lang='lat' dir='ltr'> </span> 
     </span>
    </p>
   </div>
  </div>
 </body>
</html>
