3317 5267
871 420 964 489 27
979 420 1022 485 Ο

863 544 940 603 et
993 528 1465 624 indulgemuS,
1507 523 1977 620 universoque
2016 522 2177 597 huic
2212 518 2537 617 Capitulo
2572 522 3001 601 facultatem

863 646 1166 720 facimus
1243 642 1673 739 Capitularia
1744 641 1878 715 sibi
1930 640 2339 715 conficiendi
2392 651 2663 717 statuta
2693 692 2715 729 ,
2770 642 3005 719 Ordi-

865 762 1217 848 nationes,
1276 759 1608 845 Decreta,
1666 758 1881 833 sacris
1934 758 2195 854 quippe
2242 758 2871 833 constitutionibus
2924 775 3005 835 et

865 877 1278 951 Tridentino
1333 874 1642 951 Concilio
1680 898 1811 951 nec
1850 896 1997 948 non
2030 873 2618 949 conventionibus
2658 875 3001 971 praefatis

859 994 1146 1089 penitus
1225 1005 1699 1067 consentanea
1738 1044 1761 1078 ,
1840 1013 2021 1086 quae
2110 990 2570 1065 nihilominus
2658 993 2999 1067 ordinarii

866 1111 1226 1189 Antistitis
1277 1110 1789 1208 approbatione
1842 1110 2229 1205 indigeant,
2268 1122 2343 1183 et
2376 1109 2675 1185 subinde
2712 1124 3001 1187 tantum

861 1228 1216 1308 efficacem
1267 1230 1444 1325 legis
1500 1230 1648 1301 vim
1700 1228 1834 1303 sibi
1889 1228 2243 1303 vindicare
2298 1241 2589 1323 queant.

1008 1345 1166 1420 Etsi
1237 1358 1476 1420 autem
1517 1346 1857 1440 praedicti
1886 1342 2279 1439 Collegialis
2316 1356 2561 1419 coetus
2598 1328 2999 1421 extinctiva

856 1464 1262 1559 suppressio
1311 1463 1797 1558 exequutioni,
1834 1464 1935 1535 uti
1964 1461 2383 1557 praefertur,
2442 1461 2659 1535 fuerit
2702 1464 3003 1537 deman·

855 1583 1045 1668 data,
1086 1580 1571 1665 nihilominus,
1599 1602 1735 1653 ceu
1768 1581 1841 1651 in
1880 1579 2129 1653 iisdem
2170 1577 2776 1657 Conventionibus
2818 1604 2997 1657 cau-

854 1710 1012 1773 tum
1065 1710 1202 1784 est,
1259 1718 1598 1792 expresse
1649 1696 2120 1784 declaramus,
2160 1709 2240 1769 ut
2278 1697 2401 1793 qui
2453 1698 2798 1793 primaevi
2850 1699 2995 1772 hu·-

845 1817 964 1912 jus
1017 1814 1322 1911 Capituli
1373 1815 1907 1911 comperiuntur
1948 1816 2059 1889 vel
2100 1815 2481 1910 dignitates
2517 1814 2629 1887 vel
2662 1836 2991 1912 quosque

859 1934 1314 2009 canonicatus
1368 1933 1481 2007 vel
1529 1934 1749 2007 etiam
1801 1932 2149 2007 Beneficia
2202 1932 2315 2003 vel
2368 1928 2859 2027 cappellanias
2884 1932 2995 2005 le·-

853 2051 1134 2146 gittime
1187 2050 1530 2123 hactenus
1582 2051 2006 2147 possedisse,
2063 2050 2113 2123 ii
2148 2071 2335 2121 novo
2372 2047 2443 2119 in
2484 2045 2814 2144 Capitulo
2852 2046 2993 2123 Ca-

834 2168 1148 2250 ,thedrali
1185 2167 1273 2241 de
1299 2186 1654 2241 consensu
1700 2168 2025 2241 laudatae
2060 2164 2425 2239 Elisabeth
2466 2164 2776 2261 Reginae
2814 2188 2991 2241 coo-

850 2296 1170 2379 ptentur,
1211 2284 1504 2380 ejusque
1559 2284 1994 2380 praebendas
2034 2282 2425 2369 obtineant,
2456 2283 2787 2377 prudenti
2824 2284 2989 2379 qui-
3106 2376 3159 2401 .-

849 2400 1012 2475 dem
1067 2412 1142 2473 et
1187 2401 1492 2494 sapienti
1545 2401 1971 2497 infrascripti
2026 2400 2445 2496 praesertim
2496 2398 2981 2496 Exequutoris

853 2516 1237 2614 Apostolici
1271 2520 1576 2606 delectu,
1607 2520 1779 2615 quin
1806 2520 2182 2594 canonicae
2210 2518 2674 2593 investiturae
2706 2519 2819 2593 vel
2848 2542 2985 2595 no-

853 2658 986 2709 vae
1040 2637 1502 2732 possessionis
1551 2651 1751 2711 actus
1804 2658 2289 2734 quoscumque
2350 2637 2483 2710 hac
2538 2638 2767 2733 prima
2824 2638 2983 2711 viee

829 2750 1048 2835 'obire
1102 2771 1504 2834 teneantur.
1565 2758 1911 2857 Deinceps
1974 2783 2143 2835 vero
2206 2771 2286 2833 ut
2350 2780 2497 2833 non
2562 2760 2775 2835 modo
2835 2757 2981 2832 Pa-

850 2878 1186 2953 roeciales
1254 2879 1693 2975 praebendae
1754 2880 2039 2975 praevio
2102 2900 2447 2953 concursu
2508 2890 2585 2953 et
2650 2879 2981 2953 examine

841 3000 1050 3095 juxta
1089 3020 1447 3074 sacrorum
1487 2998 1857 3073 Canonum
1882 3000 2315 3095 praescripta
2340 2999 2819 3085 conferantur,
2848 3001 2977 3075 sed

845 3120 1061 3191 etiam
1099 3118 1416 3213 singulae
1469 3117 1680 3191 huius
1717 3116 2157 3191 Cathedralis
2194 3116 2497 3213 Capituli
2534 3118 2977 3215 praebendae

843 3238 996 3309 sive
1049 3234 1480 3330 Dignitariae
1532 3236 1685 3307 sive
1738 3234 2221 3320 Canonieales,
2278 3236 2431 3309 s'ive
2482 3234 2976 3313 Beneficiariae

836 3353 1042 3448 juxta
1093 3353 1383 3427 modum
1439 3352 1512 3425 in
1563 3350 1901 3447 praefatis
1954 3350 2559 3428 Conventionibus
2594 3356 2971 3450 speciatim

840 3467 1390 3541 determinatum
1447 3468 1975 3562 provideantur3
2012 3469 2395 3543 moderatis
2432 3471 2521 3542 ad
2556 3472 2977 3545 earumdem

841 3587 1410 3663 Conventionum
1435 3589 1951 3685 praescriptum
1976 3588 2579 3663 nominationibus
2604 3592 2693 3665 ad
2720 3612 2975 3665 omnes

837 3706 1050 3779 hasce
1103 3704 1566 3801 praebendas,
1609 3716 1765 3778 tum
1802 3728 1931 3801 pro
1984 3706 2071 3779 iis
2106 3728 2288 3801 quae
2324 3728 2607 3781 summo
2644 3706 2973 3783 Pontifici

833 3836 1314 3911 reservantur,
1355 3836 1510 3898 tum
1543 3847 1675 3920 pro
1714 3826 1801 3899 iis
1836 3848 2017 3922 quae
2054 3822 2411 3921 praefatae
2436 3824 2805 3903 Elisabeth
2834 3824 2975 3899 Ca-

833 3944 1130 4019 tholicae
1189 3942 1524 4039 Reginae,
1567 3965 1699 4016 nec
1734 3966 1877 4049 non
1926 3942 2286 4017 Ecclesiae
2340 3941 2660 4017 Antistiti
2710 3954 2789 4017 et
2840 3942 2971 4017 Ca-

833 4060 1056 4156 pitulo
1107 4060 1182 4135 in
1215 4059 1510 4157 singulis
1545 4055 1822 4133 illarum
1860 4058 2342 4135 vacationibus
2394 4061 2907 4135 attribuuntur.
