3317 5267
248 585 701 685 Reipublicae
750 587 1195 666 Praesidibus
1248 601 1443 667 ratae
1496 591 1782 671 habitae
1861 595 2078 674 Vobis
2147 481 2370 674 0311?-

241 707 545 783 beantur
594 731 736 783 una
771 733 933 785 cum
978 709 1393 808 Apostolicis
1420 710 1712 790 Litteris
1749 715 1906 790 illas
1940 717 2370 793 confirman-

244 826 463 914 tibus,
516 849 659 925 quo
712 829 1001 904 easdem
1045 828 1351 927 plenius,
1406 842 1483 906 et
1514 833 1914 910 accuratius
1947 856 2368 934 cognoscere

242 945 561 1042 possitis.

396 1059 547 1134 Iam
582 1085 752 1137 vero
777 1085 964 1139 novo
1000 1060 1477 1140 Cardinalium
1512 1083 1814 1142 numero
1850 1067 2368 1165 amplissimum

242 1175 585 1260 vestrum
634 1181 973 1258 Ordinem
1021 1181 1236 1259 hodie
1282 1185 1685 1282 augendum
1737 1187 2186 1262 decrevimus
2213 1240 2236 1278 ,
2291 1187 2364 1262 in

242 1305 475 1402 ipsum
527 1301 923 1398 cooptando
955 1300 1381 1377 clarissimos
1408 1299 1641 1392 Viros,
1673 1301 1800 1400 qui
1831 1301 2174 1400 singulari
2201 1325 2368 1401 erga

242 1419 413 1508 Nos,
468 1430 545 1493 et
591 1417 780 1492 hanc
834 1415 1307 1516 Apostolicam
1360 1418 1617 1493 Sedem
1669 1417 1805 1493 fide
1855 1415 2212 1516 spectati,
2293 1432 2369 1495 et

240 1537 523 1636 ingenio
554 1588 577 1627 ,
656 1535 1011 1634 probitate
1042 1587 1065 1622 ,
1121 1535 1387 1633 pietate
1418 1587 1441 1625 ,
1520 1536 1844 1611 doctrina
1919 1547 2366 1634 praestantes

240 1653 639 1730 commissis
692 1650 825 1728 sibi
878 1651 1287 1727 muneribus
1323 1653 1601 1750 egregie
1638 1651 1988 1750 perfuncti
2045 1665 2236 1746 sunt,
2291 1669 2368 1731 et

244 1793 549 1872 quorum
602 1792 765 1867 ope,
820 1769 1030 1844 sicuti
1083 1766 1362 1857 Vestra,
1418 1769 1563 1846 Nos
1616 1771 1690 1843 in
1727 1769 2088 1847 Ecclesiae
2115 1796 2371 1870 procu-

242 1891 517 1964 ratione
567 1885 969 1984 asperrimis
1017 1885 1212 1962 hisce
1249 1885 1689 1983 temporibus
1724 1887 2049 1964 adiutum
2076 1891 2160 1964 iri
2187 1913 2361 1967 con-

242 2005 553 2080 fidimus.
607 2003 784 2078 Novi
836 2027 1049 2100 porro
1102 2001 1505 2081 Cardinales
1559 2016 1756 2080 sunt.

400 2117 738 2217 Iosephus
793 2117 1097 2196 Aloisius
1152 2119 1617 2198 Trevisanato
1667 2117 2078 2197 Patriarcha
2133 2123 2369 2198 Vene-

245 2239 536 2326 tiarum,

402 2355 749 2432 Antonius
776 2353 881 2430 De
932 2353 1150 2445 Luca,
1192 2355 1781 2455 Archiepiscopus
1809 2357 2174 2434 Tarsensis
2227 2357 2373 2438 No—

249 2485 421 2562 ster,
474 2485 551 2549 et
604 2472 1057 2572 Apostolicae
1108 2475 1318 2551 huius
1370 2475 1571 2552 Sedis
1622 2466 1815 2574 apud
1847 2463 2262 2553 Caesaream
2299 2489 2377 2553 et

249 2591 727 2691 Apostolicam
784 2579 1232 2668 Maiestatem
1287 2593 1623 2682 Nuntius,

404 2710 749 2809 Iosephus
803 2711 1119 2786 Andreas
1169 2709 1503 2801 Bizzarri,
1562 2711 2149 2811 Archiepiscopus
2210 2711 2374 2786 Phi·

245 2828 585 2926 lippensis
638 2825 1219 2927 congregationis
1245 2827 1762 2928 Episcoporum
1803 2840 1878 2903 et
1915 2828 2373 2927 Regularium

252 2944 723 3031 Secretarius,

404 3061 801 3138 Ludovicus
852 3061 941 3136 de
984 3060 1051 3136 la
1122 3058 1369 3136 Lastra
1436 3085 1483 3158 y
1536 3057 1800 3134 Cuesta
1830 3110 1852 3149 ,
1933 3055 2368 3157 Hispalensis

251 3177 835 3276 Archiepiseopus
888 3201 1075 3254 nunc
1126 3201 1169 3252 a
1218 3175 1436 3252 Nobis
1486 3176 1958 3265 renuntiatus,

408 3295 823 3370 Franciscus
850 3291 1511 3384 Pentini,Camerae
1544 3289 1986 3389 Apostolicae
2017 3285 2366 3381 DecanuS,

404 3413 701 3488 loannes
734 3411 1057 3510 Baptista
1092 3411 1314 3500 Pitra,
1344 3409 1854 3486 Monachorum
1880 3409 2163 3486 Ordinis
2189 3409 2372 3485 San-

252 3532 349 3607 cti
402 3530 794 3619 Benedicti,

408 3646 777 3746 Philippus
829 3644 1063 3739 Guidi,
1093 3647 1421 3724 Fratrum
1456 3645 1739 3723 Ordinis
1773 3645 2364 3724 Praedicatcrum.

892 3881 1077 3975 Quid
1128 3882 1330 3958 vobis
1383 3883 1661 3984 videtur
1683 3877 1725 3955 ἰ’

414 4119 849 4194 Auctoritate
901 4116 1425 4216 Omnipotentis
1468 4115 1623 4207 Dei,
1679 4115 2098 4192 Sanctorum
2179 4111 2374 4214 Apo-

256 4235 798 4315 stolorumPetri
852 4247 927 4311 et
980 4235 1204 4326 Pauli,
1258 4257 1343 4311 ac
1392 4233 1653 4312 Nostra
1703 4255 2024 4310 creamus
2075 4231 2374 4310 Sanctae

262 4361 625 4436 Romanae
676 4355 1033 4434 Ecclesiae
1070 4353 1499 4432 Cardinales.
