3317 5267
873 394 1022 465 206
1613 489 2251 582 ALLOCUTIO

890 792 904 799 -
939 748 1146 797 namn
1188 746 1248 795 m
1275 741 1646 793 count-‘atomo
1684 742 1934 792 SBCRETO
1974 742 2071 791 mu
2111 742 2234 791 XVI!
2278 742 2597 793 encausta
2632 740 2927 791 UDGGGLX.

1589 1056 1988 1105 venustianus
2026 1059 2273 1106 tutans

878 1368 1194 1529 Multis
1246 1450 1721 1548 gravibusque
1773 1448 1888 1523 vel
1938 1448 2029 1523 ab
2064 1450 2221 1547 ipso
2256 1451 2367 1524 sui
2402 1448 2695 1525 exordio
2728 1450 3003 1524 iactata

871 1572 1196 1670 procellis
1245 1570 1560 1645 Ecclesia
1611 1570 2011 1645 miserrima
2063 1571 2197 1645 hac
2258 1580 2501 1644 nostra
2575 1580 2811 1643 aetate
2880 1580 2997 1644 tot

869 1690 1230 1785 tantisque
1287 1687 1610 1765 hostium
1662 1688 2228 1785 aggressionibus
2265 1688 2489 1784 petita
2516 1699 2655 1773 est,
2692 1698 2777 1759 ut
2824 1706 3005 1761 con-

871 1816 1165 1903 ceptum
1216 1804 1644 1902 iampridem
1696 1804 1787 1876 ab
1840 1804 2013 1899 ipsis
2050 1804 2291 1879 odium
2326 1803 2703 1899 omnisque
2736 1802 2999 1877 furoris

865 1922 1248 1997 maturitas
1284 1921 1358 1994 in
1397 1920 1638 1996 Nostri
1675 1919 2137 1997 Pontificatus
2191 1934 2479 2017 tempus
2532 1921 2855 2015 erupisse
2894 1921 3003 1993 vi-

864 2048 1140 2120 deatur.
1171 2042 1416 2141 Neque
1453 2066 1623 2119 vero
1668 2062 2181 2139 persequamur
2214 2041 2489 2139 singula
2526 2064 2817 2117 necesse
2854 2053 2996 2127 est,

871 2161 1306 2237 venerabiles
1355 2160 1644 2234 Fratres
1668 2212 1689 2249 ,
1747 2182 1929 2257 quae
1980 2159 2169 2234 haud
2222 2160 2326 2234 ita
2372 2160 2585 2257 longo
2640 2178 2997 2233 annorum

870 2278 1240 2354 intervallo
1293 2279 1546 2353 acerba
1579 2290 1655 2351 et
1690 2278 1932 2373 gravia
1968 2279 2444 2373 contigerunt,
2482 2298 2789 2373 quorum
2838 2298 3000 2351 me-

869 2396 1095 2470 moria
1148 2395 1484 2470 Nostrum
1537 2417 1762 2491 aeque
1800 2393 2279 2491 vestrumque
2316 2394 2637 2467 animum
2674 2417 2823 2472 non
2855 2394 2999 2468 levi

871 2540 1192 2593 moerore
1245 2517 1649 2614 perfundat.
1709 2516 1887 2592 lllud
1926 2540 2097 2593 vero
2131 2518 2577 2591 dissimulare
2630 2542 2777 2594 non
2830 2542 3003 2616 pos-

871 2658 1155 2747 sumus,
1211 2658 1340 2731 pro
1393 2658 1648 2709 arcano
1702 2633 1831 2709 Dei
1880 2636 2137 2711 iudicio
2192 2636 2465 2709 nullum
2508 2636 2739 2711 adhue
2774 2635 2997 2711 fuisse

869 2757 1286 2857 impositum
1343 2768 1498 2831 tam
1551 2758 1797 2833 multis
1850 2756 2377 2833 calamitatibus
2413 2759 2741 2847 modum;
2776 2782 3001 2834 novas

869 2878 1134 2976 quippe
1187 2876 1511 2951 dolemus
1564 2878 1897 2974 ingruere
1951 2887 2107 2951 tum
2146 2899 2237 2949 ex
2274 2876 2670 2950 fautoribus
2704 2898 3003 2973 perver-

871 3018 995 3069 sae
1048 2995 1410 3071 doctrinae
1448 3047 1469 3082 ‚
1524 3017 1711 3092 quae
1762 3018 1803 3067 a
1854 2992 2381 3070 funestissimae
2444 2992 3002 3071 Reformationis

871 3111 1232 3208 principiis
1269 3119 1425 3184 orta
1460 3108 1721 3207 publici
1769 3110 1990 3184 veluti
2031 3110 2201 3184 iuris
2236 3109 2453 3184 robur
2502 3110 2759 3185 alicubi
2810 3110 3007 3185 obti-

869 3229 1054 3317 nuit,
1111 3240 1268 3303 tum
1321 3251 1414 3302 ex
1466 3228 1849 3325 impiorum
1885 3227 2260 3304 hominum
2313 3229 2665 3327 pravitate
2700 3228 2825 3325 qui
2864 3226 3006 3303 Ca-

871 3346 1175 3421 tholicae
1211 3342 1566 3420 Ecclesiae
1603 3368 1681 3419 se
1706 3345 1884 3421 filios
1911 3346 2346 3443 praedicant,
2400 3345 2797 3442 appellandi
2836 3368 3007 3421 vero

871 3474 1041 3536 sunt
1089 3462 1212 3536 filii
1265 3461 1719 3535 tenebrarum
1759 3514 1780 3549 ,
1836 3472 1997 3536 tum
2046 3462 2351 3560 denique
2404 3484 2490 3535 ex
2550 3462 3001 3537 ethnicorum

869 3575 1108 3653 furore
1157 3578 1280 3675 qui
1332 3600 1459 3675 per
1500 3576 1812 3652 Orientis
1846 3579 2167 3674 regiones
2204 3578 2277 3651 in
2313 3581 2603 3655 caedem
2656 3578 3003 3655 exitium-

869 3718 1012 3793 que
1062 3695 1374 3771 fidelium
1431 3695 1929 3771 vehementius
2000 3694 2353 3771 efferbuit.

1027 3812 1126 3887 Et
1176 3836 1346 3889 sane
1399 3812 1715 3885 maxime
1768 3820 1881 3885 est
1930 3811 2473 3909 deplorandum,
2512 3812 2588 3885 in
2620 3814 3005 3910 quamplu-

871 3928 1070 4005 ribus
1119 3930 1448 4028 Europae
1501 3926 1821 4025 partibus
1858 3928 1947 4003 de
1984 3928 2344 4005 Ecclesiae
2380 3938 2737 4026 potestate
2770 3954 2854 4003 ac
2890 3931 2997 4005 iu·

875 4048 1070 4125 ribus
1121 4049 1753 4147 perniciosissimos
1806 4072 2079 4125 errores
2132 4048 2537 4124 invaluisse:
2596 4050 2763 4125 hinc
2798 4050 3007 4125 adhi-

873 4166 1104 4242 bitum
1155 4168 1434 4245 assidue
1469 4168 1785 4243 studium
1820 4170 1909 4243 ad
1950 4170 2099 4244 vim
2136 4190 2427 4244 omnem
2464 4166 3001 4245 abiudicandam
