3317 5267
902 442 1046 510 145

898 554 1037 627 ries
1064 548 1337 623 iteratis
1362 556 1437 621 et
1462 538 2052 645 quantiscumque
2081 536 2354 613 vicibus
2381 534 2820 641 approbatis,
2853 562 3020 615 con-

898 665 1224 753 firmatis,
1278 675 1355 739 et
1402 661 1784 737 innovatis.
1841 654 2114 749 Quibus
2165 654 2496 729 omnibus
2547 665 2624 727 et
2679 656 3012 754 singulis,

786 786 807 803 “
903 784 1184 859 etiamsi
1236 804 1367 877 pre
1418 780 1698 855 illerum
1773 776 2146 851 sufficienti
2196 771 2647 871 derogatione
2723 775 2814 849 de
2881 776 3020 849 illis

906 920 1291 995 eorumque
1326 897 1497 972 tetis
1532 893 1898 969 tenoribus
1931 892 2278 989 specialis,
2329 890 2678 987 specifica,
2719 914 3020 989 expres—

908 1039 1013 1105 sa,
1068 1026 1143 1089 et
1192 1015 1575 1102 individua,
1630 1034 1714 1087 ac
1763 1011 1854 1087 de
1906 1008 2122 1085 verbo
2175 1010 2262 1085 ad
2315 1007 2638 1095 verbum,
2681 1033 2828 1085 non
2885 1033 3020 1085 au-

911 1146 1059 1209 tem
1094 1157 1223 1231 per
1254 1133 1599 1207 clausulas
1634 1130 1994 1229 generales
2029 1129 2218 1205 idem
2252 1130 2749 1224 importanteS,
2807 1152 3024 1203 men-

898 1253 1037 1343 tio,
1090 1274 1217 1325 seu
1270 1252 1563 1348 quaevis
1614 1250 1748 1323 alia
1801 1248 2164 1345 expressio
2216 1246 2569 1335 habenda,
2627 1258 2752 1321 aut
2787 1246 3026 1345 aliqua

908 1368 1044 1441 alia
1094 1368 1421 1464 exquista
1472 1365 1702 1441 ferma
1753 1366 1842 1439 ad
1895 1364 2030 1439 hee
2081 1363 2426 1438 servanda
2477 1361 2687 1452 feret,
2735 1374 3028 1439 tenores

908 1484 1340 1571 huiusmodi,
1394 1507 1477 1559 ac
1530 1486 1590 1558 si
1642 1486 1732 1558 de
1785 1481 2000 1557 verbe
2053 1482 2140 1556 ad
2197 1480 2517 1569 verbum,
2583 1482 2684 1555 nil
2735 1484 3025 1580 penitus

910 1604 1201 1690 emisse,
1256 1611 1330 1675 et
1381 1600 1605 1675 ferma
1642 1601 1718 1671 in
1755 1599 1889 1673 illis
1925 1596 2182 1671 tradita
2219 1597 2621 1686 observata,
2659 1598 3028 1696 exprime-

910 1730 1159 1792 rentur
1207 1728 1285 1791 et
1335 1716 1810 1791 insererentur
1850 1768 1871 1804 ,
1925 1714 2416 1811 praesentibus
2469 1738 2600 1811 pro
2686 1716 2898 1814 plene
2953 1728 3028 1791 et

914 1834 1343 1909 sufficienter
1392 1833 1746 1931 expressis
1795 1843 1872 1907 et
1921 1832 2204 1907 insertis
2255 1830 2631 1921 habentes,
2687 1832 2825 1907 illis
2861 1834 3034 1907 alias

912 1951 985 2023 in
1037 1975 1167 2027 suo
1230 1950 1481 2026 robore
1533 1950 2014 2048 permansuris
2053 1999 2075 2037 ,
2130 1948 2220 2023 ad
2259 1951 2814 2045 praemissorum
2847 1950 3028 2026 effe-

914 2078 1109 2144 ctum
1162 2068 1298 2144 hac
1350 2070 1501 2144 vice
1554 2071 1934 2144 dumtaxat
1980 2065 2380 2164 specialiter
2414 2078 2490 2141 et
2525 2090 2864 2164 expresse
2897 2069 3034 2143 de·

917 2210 1275 2283 rogamus,
1330 2200 1404 2263 et
1485 2187 1906 2284 derogatum
1975 2207 2134 2259 esse
2204 2184 2558 2271 velumus,
2631 2185 3030 2283 ceterisque

915 2304 1284 2379 contrariis
1334 2304 1902 2402 quibuscumque
1951 2326 2096 2378 nen
2150 2300 2626 2377 obstantibus.

1072 2421 1255 2497 Cum
1307 2436 1549 2498 autem
1602 2424 1894 2528 eaedem
1949 2431 2357 2519 praesentes
2393 2420 2704 2497 Litterae
2737 2421 3030 2520 ubique,

919 2564 1003 2616 ac
1051 2542 1469 2638 praesertim
1518 2544 1591 2616 in
1641 2542 1844 2629 locis,
1899 2541 1970 2615 in
2023 2542 2280 2639 quibus
2315 2542 2628 2615 maxime
2681 2564 2862 2639 opus
2913 2565 3036 2617 es·-

920 2670 1057 2746 set,
1094 2670 1451 2756 nequeant
1502 2672 1657 2735 tute
1710 2659 2072 2757 publicari,
2101 2662 2209 2735 uti
2243 2661 2516 2735 notorie
2549 2670 2856 2747 constat,
2895 2684 3034 2735 ve-

920 2775 1159 2851 lumus
1208 2774 1387 2863 illas,
1424 2800 1551 2851 seu
1584 2798 1829 2851 earum
1881 2776 2211 2873 exempla
2247 2777 2334 2852 ad
2387 2776 2629 2850 valvas
2673 2774 3038 2851 Ecclesiae

921 2893 1437 2981 Lateranensis,
1476 2905 1552 2969 et
1586 2894 1920 2969 Basilicae
1958 2892 2302 2989 Principis
2339 2892 2860 2991 Apostolorum,
2899 2916 3038 2969 nec

926 3036 1069 3087 nen
1120 3008 1589 3086 Cancellariae
1628 3013 2095 3110 Apostolieae‚
2136 3010 2525 3111 Curiaeque
2561 3010 2925 3087 Generalis
2961 3014 3036 3087 in

924 3128 1166 3207 Monte
1220 3126 1583 3257 Citaterio,
1639 3140 1716 3205 et
1765 3132 1839 3203 in
1891 3128 2058 3205 Acie
2110 3128 2360 3227 Campi
2411 3130 2656 3205 Florae
2690 3131 2778 3205 de
2815 3129 3080 3218 Urbe‚·

927 3258 1011 3320 ut
1062 3246 1281 3322 moris
1334 3258 1447 3321 est
1474 3299 1495 3335 ,
1552 3246 1738 3345 affigi
1789 3259 1866 3321 et
1917 3246 2298 3344 publicari,
2353 3249 2593 3346 sicque
2644 3246 3040 3345 publicatas

928 3374 1005 3438 et
1054 3363 1297 3437 affixas
1348 3387 1597 3441 omnes
1648 3376 1724 3440 et
1774 3364 2110 3463 singulos,
2148 3387 2327 3462 ques
2378 3366 2536 3439 illae
2571 3376 3034 3453 concernunt,

930 3480 1219 3577 perinde
1268 3494 1567 3567 arctare,
1622 3505 1704 3557 ac
1755 3482 1816 3557 si
1867 3482 2242 3579 unicuique
2293 3504 2539 3558 eorum
2611 3484 3040 3558 nominatim

932 3606 1009 3669 et
1056 3598 1519 3693 personaliter
1568 3599 1940 3673 intimatae
1988 3596 2310 3673 fuissent.

1090 3710 1431 3789 Volumus
1484 3724 1726 3787 autem
1777 3725 1860 3787 ut
1909 3714 2316 3787 earumdem
2353 3714 2779 3789 Litterarum
2807 3715 3040 3789 Tran-

936 3816 1269 3925 sumptis,
1323 3852 1449 3907 seu
1482 3828 1876 3925 Exemplis,
1931 3830 2150 3903 etiam
2193 3831 2582 3928 impressis,
2635 3854 2855 3907 manu
2907 3832 3042 3905 ali-

776 3946 809 3999 ·-
940 3946 1138 4025 cuius
1194 3946 1463 4023 Notarii
1514 3946 1778 4044 publici
1827 3946 2274 4047 subscriptis,
2330 3962 2404 4025 et
2451 3950 2678 4049 sigillo
2745 3948 3042 4024 alicuius

935 4060 1285 4140 Personae
1335 4066 1408 4139 in
1460 4066 1803 4163 dignitate
1857 4066 2330 4151 ecclesiastica
2381 4070 2810 4143 constitutae
2861 4090 3032 4143 mu-

938 4178 1105 4255 nitis
1145 4232 1167 4269 ,
1223 4163 1469 4259 eadem
1523 4206 1810 4284 prorsus
1863 4184 2034 4259 fides
2087 4182 2346 4282 ubique
2399 4186 2712 4263 locorum
2757 4195 2831 4260 et
2863 4206 3048 4284 gen·-

797 637 824 681 1
