3317 5267
855 469 946 541 64

1101 592 1554 641 nummulum
1595 593 1900 643 rnrmvs
1940 590 2326 649 anunente,
2366 584 2729 646 minumus),

1003 686 1490 744 Ancflmmmmffi
1533 688 1841 747 miscens,
1886 688 2153 745 amam:
2194 685 2463 735 Loconvu
2490 679 2821 733 nummus

949 780 1196 829 eanvult
1235 782 1306 827 m·
1345 780 1777 829 OOUUMORB!
1817 783 1936 831 GV!
1979 779 2325 829 uosrouca
2368 780 2512 827 8811!
2527 774 2913 825 nanuum&

1509 1064 1766 1158 PIVS
1828 1066 2132 1158 PAPA
2204 1068 2373 1158 lx.·
2500 1059 2513 1091 ‘

871 1308 1394 1473 venerabiles
1447 1393 1728 1467 Fratres
1759 1445 1780 1480 ,
1841 1394 2142 1469 salutem
2196 1408 2269 1469 et
2325 1394 2799 1494 Apostolicam
2864 1392 3009 1469 Be-

865 1512 1363 1587 nedictionem.
1423 1510 1603 1584 Cum
1640 1521 1885 1583 sancta
1921 1509 2147 1584 Mater
2182 1510 2497 1585 Ecclesia
2540 1512 2755 1585 sacris
2806 1511 3003 1586 hisce

870 1627 1208 1729 festisque
1235 1626 1511 1713 diebus,
1543 1625 1998 1701 Venerabiles
2026 1626 2335 1717 Fratres,
2366 1630 2839 1702 anniversaria
2867 1626 3009 1701 Pa-

872 1746 1126 1820 schalis
1177 1744 1616 1818 Sacramenti
1671 1744 2014 1819 solemnia
2066 1744 2305 1819 effusis
2358 1746 2629 1841 gaudiis
2665 1769 2793 1842 per
2842 1746 3007 1821 uni-

872 1890 1162 1947 versum
1202 1865 1448 1941 orbem
1486 1865 2010 1953 concelebranS‚
2041 1864 2114 1938 in
2143 1868 2461 1941 omnium
2488 1866 2799 1941 fidelium
2838 1891 3012 1941 suo—

873 2006 1034 2058 rum
1084 1984 1506 2057 memoriam
1561 1994 1852 2057 revocat
1928 1982 2313 2061 laetissima
2392 1983 2607 2059 verba
2668 1984 3014 2058 suavissi-

881 2126 1044 2179 mae
1078 2104 1264 2181 illius
1290 2103 1510 2205 pacis,
1551 2124 1769 2199 quam
1810 2100 2227 2197 Vnigenitus
2264 2102 2393 2177 Dei
2428 2104 2648 2177 Filius
2682 2102 3012 2179 Christus

873 2219 1071 2297 Iesus
1124 2217 1472 2294 Dominus
1523 2217 1805 2306 Noster,
1863 2218 2142 2292 devicta
2194 2231 2453 2310 morte,
2506 2221 3012 2319 daemonisque

843 2328 1126 2410 'eversa
1203 2336 1579 2439 tyrannide
1619 2388 1640 2422 ,
1698 2358 2073 2432 resurgens
2121 2338 2267 2412 suis
2350 2336 2703 2433 Apostolis
2782 2335 3013 2413 Disci-

879 2452 1204 2555 pulisque
1257 2451 1670 2549 frequenter
1727 2452 2356 2549 amantissimeque
2409 2454 2794 2542 nuntiavit,
2848 2476 3012 2528 ecce

883 2572 1330 2647 tristissimus
1383 2594 1551 2645 sane
1603 2570 1768 2648 belli
1824 2570 2090 2649 clamor
2124 2572 2312 2647 inter
2348 2573 2731 2649 catholicas
2766 2585 3016 2671 gentes

884 2692 1236 2769 excitatus
1291 2690 1586 2779 tollitur,
1642 2691 2103 2788 omniumque
2166 2692 2453 2767 auribus
2506 2695 2809 2771 insonat.
2866 2692 3014 2769 Nos

886 2809 1126 2906 igitur,
1181 2832 1346 2883 oum
1396 2809 1562 2883 licet
1613 2808 2071 2883 immerentes
2126 2810 2459 2889 vicariam
2512 2811 2629 2885 hic
2680 2814 2753 2885 in
2806 2814 3016 2887 terris

890 2928 1082 3009 Illius
1135 2950 1464 3026 geramus
1517 2951 1836 3025 operam,
1892 2931 2014 3027 qui
2066 2954 2155 3005 ex
2208 2930 2667 3005 Immaculata
2732 2930 3015 3029 Virgine

891 3074 1188 3125 nascens
1239 3073 1489 3147 pacem
1542 3074 1671 3152 per
1726 3050 2029 3149 Angelos
2082 3077 2249 3133 suos
2298 3053 2745 3127 annuntiavit
2776 3054 3015 3127 homi-

890 3166 1100 3245 nibus
1149 3166 1376 3243 bonae
1413 3167 1827 3255 voluntatis,
1871 3170 2131 3270 quique
2183 3194 2553 3268 resurgens
2607 3194 2649 3248 a
2684 3174 3012 3259 mortuiS,

895 3296 970 3360 et
1020 3286 1091 3357 in
1146 3284 1418 3359 caelum
1470 3285 1558 3358 ad
1597 3282 1825 3358 Patris
1861 3286 2231 3360 dexteram
2267 3309 2725 3363 consessurus
2764 3312 3015 3363 ascen-

894 3404 1069 3479 dens
1145 3426 1392 3500 pacem
1445 3402 1731 3501 reliquit
1786 3400 2162 3500 Discipulis
2215 3406 2360 3479 suis
2402 3456 2422 3494 ,
2475 3406 2665 3481 haud
2756 3430 3017 3503 possu-

899 3544 1088 3609 mm,
1143 3522 1312 3618 quin
1365 3544 1492 3617 pro
1544 3520 1875 3619 singulari
1927 3546 2008 3595 ac
2058 3545 2346 3619 prorsus
2396 3533 2689 3618 paterna
2728 3576 2751 3611 ‚
2832 3549 3015 3623 quae

897 3637 1042 3714 Nos
1095 3660 1258 3735 erga
1320 3636 1703 3712 catholicos
1752 3639 2169 3734 praesertim
2224 3638 2517 3735 populos
2570 3652 2826 3739 urget,
2879 3664 3017 3715 ca·-

896 3758 1108 3831 ritate
1158 3767 1235 3828 et
1283 3756 1751 3830 sollicitudine
1799 3757 2015 3830 etiam
2054 3768 2266 3855 atque
2318 3758 2535 3833 etiam
2579 3782 2831 3855 pacem
2882 3760 3023 3833 cla-

899 3895 1206 3960 memuS,
1236 3883 1313 3946 et
1348 3874 1496 3969 ipsa
1523 3870 1759 3948 Divini
1787 3874 2023 3950 Nostri
2052 3874 2503 3971 Reparatoris
2538 3877 2753 3951 verba
2780 3880 3021 3953 omni-

899 3990 1035 4069 bus
1113 3992 1424 4069 maxima
1476 3992 1693 4065 animi
1746 3990 1981 4067 Nostri
2060 3992 2508 4069 contentione
2585 3994 3021 4073 inculcantes

901 4112 1053 4191 sine
1106 4110 1622 4185 intermissione
1659 4122 2065 4208 repetamus
2103 4110 2264 4187 Pax
2302 4109 2527 4202 Vobis,
2583 4113 2745 4189 Pax
2787 4113 3013 4191 Vobis.

907 4234 1136 4335 Atque
1171 4226 1363 4306 hisce
1417 4230 1608 4333 pacis
1647 4230 1878 4307 verbis
1917 4228 2059 4307 Vos
2088 4230 2157 4305 in
2200 4229 2683 4309 sollicitudinis
2716 4234 3019 4315 Nostrae
