3317 5267
1136 459 1768 552 A‘LLOCUTIO
2393 357 2524 428 421

520 840 727 885 unm
769 836 831 887 m
872 838 1247 887 constswmo
1290 838 1509 885 steno
1552 838 1649 883 mn
1677 835 1768 882 vn
1799 834 2016 883 Armua
2044 835 2384 883 unccctxu.

1114 1126 1511 1177 vtnssnnnsss
1556 1122 1803 1169 nuans

396 1346 524 1513 Si
578 1457 885 1531 semper,
944 1431 1394 1509 venerabiles
1449 1434 1757 1525 Fratres,
1815 1437 2008 1512 hisce
2038 1431 2516 1533 ‘potissimum

388 1552 932 1628 luctuosissimis
969 1550 1393 1627 christianae
1446 1554 1810 1652 civilisque
1871 1554 2294 1652 reipublicae
2333 1564 2523 1623 tem-

388 1668 675 1767 poribus
729 1694 953 1745 novos
1009 1670 1194 1767 apud
1246 1668 1474 1745 Deum
1528 1682 1868 1768 patronos
1924 1672 2130 1748 nobis
2168 1670 2522 1744 adscisce-

394 1808 554 1859 mus
609 1796 913 1881 oportet,
968 1788 1089 1885 qui
1140 1786 1587 1861 validissimis
1641 1790 1788 1863 suis
1842 1786 2164 1886 precihus
2217 1786 2306 1859 ab
2359 1785 2520 1881 lpso

392 1903 805 1999 impetrent,
862 1915 945 1978 ut
999 1904 1170 1977 velit
1220 1904 1350 1979 hos
1408 1906 1856 1982 tristissimos
1906 1905 2228 1980 breviare
2283 1914 2524 1977 tenta-

386 2020 601 2094 tionis
666 2020 843 2107 dies,
909 2031 985 2094 et
1055 2020 1449 2095 Ecclesiam
1520 2046 1727 2097 suam
1801 2036 2124 2098 sanctam
2202 2022 2512 2118 undique

384 2148 532 2210 tam
572 2138 1053 2247 ⁴vehementer·
1103 2138 1542 2228 divexatam,
1598 2164 2015 2240 oppressam
2072 2164 2111 2214 a
2149 2140 2366 2213 tantis
2396 2163 2517 2214 ca-

380 2253 819 2329 lamitatibus
872 2257 1169 2356 eripere,
1226 2278 1528 2354 eamque
1580 2260 1788 2334 novis
1843 2259 2106 2356 ubique
2162 2270 2510 2331 terrarum

382 2394 727 2447 exornare
789 2384 863 2446 et
925 2396 1181 2470 augere
1248 2374 1652 2470 triumphis,
1717 2389 1790 2451 et
1851 2378 1940 2450 ad
2001 2387 2320 2451 nostram
2379 2376 2512 2449 de-

378 2491 773 2566 fensionem
829 2492 1193 2565 dexteram
1252 2493 1531 2569 divinae
1582 2518 1752 2569 suae
1807 2494 2202 2593 Majestatis
2257 2507 2514 2568 exten-

376 2609 571 2697 dere,
628 2622 703 2683 et
756 2632 1003 2684 omnes
1056 2622 1375 2685 errantes
1428 2612 1519 2685 de
1568 2612 1964 2711 iniquitatis
2027 2635 2110 2685 ac
2173 2611 2512 2707 perditio-

383 2728 492 2800 nis
552 2728 661 2800 via
714 2728 799 2801 ad
847 2727 1165 2824 justitiae
1228 2727 1615 2826 salutisque
1679 2732 1973 2830 semitas
2035 2728 2512 2825 omnipotenti

378 2870 505 2920 sua
562 2848 823 2921 virtute
874 2846 1231 2922 reducere.
1286 2844 1486 2922 Hanc
1549 2850 1970 2947 praesertim
2036 2848 2128 2923 ob
2192 2870 2507 2933 causam,

380 2965 483 3039 ut'i
515 3018 537 3051 ,
593 2965 861 3061 optime
912 2964 1339 3039 meministis
1369 3018 1390 3052 ‚
1447 2964 1519 3036 in
1576 2964 2010 3041 Consistorio
2063 2978 2336 3039 secreto
2389 2962 2518 3036 de·

376 3084 563 3158 cimo
618 3082 953 3159 kalendas
1004 3083 1309 3180 proximi
1364 3084 1631 3157 mensis
1685 3082 1990 3156 Ianuarii
2045 3107 2088 3155 a
2121 3082 2339 3157 'Nobis
2372 3082 2508 3153 ba-

375 3202 529 3303 bito
576 3200 849 3300 loquuti
903 3224 1149 3281 sumus
1200 3201 1289 3275 de
1354 3198 1919 3275 Canonizationis
1982 3220 2194 3275 causa
2260 3200 2510 3296 viginti

378 3321 593 3394 trium
665 3318 1049 3395 Beatorum
1126 3316 1509 3406 Caelitum,
1582 3318 1705 3418 qui
1783 3319 2180 3393 clarissimo
2269 3318 2509 3392 Sancti

375 3436 726 3514 Francisci
776 3435 1020 3513 Ordini
1071 3436 1405 3534 adscripti
1458 3439 1668 3533 primi
1723 3438 1794 3511 in
1832 3434 2123 3535 laponia
2163 3460 2292 3534 pro
2327 3436 2508 3512 chri-

376 3566 489 3630 sto
568 3559 787 3630 vitam
851 3554 1315 3654 profuderunt
1349 3609 1369 3643 ‚
1436 3566 1512 3630 et
1568 3556 1895 3653 martyrii
1959 3556 2272 3653 palmam
2336 3556 2506 3629 ade·-

375 3674 478 3771 pti
532 3687 725 3763 sunt,
785 3697 866 3750 ac
919 3686 1191 3749 vestras
1241 3674 1331 3748 de
1384 3672 1517 3747 hac
1582 3697 1657 3748 re
1722 3675 2114 3749 sententias
2177 3672 2504 3747 libentis·-

373 3793 553 3866 sime
606 3794 1033 3893 rogavimus.
1104 3790 1282 3866 Cum
1344 3804 1587 3866 autem
1656 3792 1844 3867 inter
1905 3800 2502 3867 commemoratos

372 3922 699 3985 strenuos
754 3912 1239 3985 sanctissimae
1302 3921 1587 3985 nostrae
1648 3910 2006 4007 religionis
2080 3930 2502 4006 propugna—

376 4040 561 4104 tores
614 4028 877 4104 fuerint
928 4054 1210 4129 quoque
1268 4041 1410 4105 tres
1475 4030 1721 4105 invicti
1777 4029 2082 4126 inclytae
2120 4028 2498 4103 Societatis

370 4144 528 4221 Iesu
584 4147 884 4236 sodales,
938 4146 1207 4223 scilicet
1260 4146 1519 4225 Paulus
1566 4147 1762 4235 Miki,
1821 4144 2118 4223 loannes
2171 4146 2356 4224 Scan
2412 4146 2500 4219 de
