3317 5267
885 467 1027 536 ¹90
1405 565 1653 658 PIUS
1712 567 2018 657 PAPA
2074 566 2445 657 NONUS

1476 878 1549 922 Al>
1590 874 1921 923 Pnnrssrvu
1961 876 2052 922 RB!
2092 874 2398 922 usnemu

888 1128 1127 1289 Cum
1158 1214 1340 1286 sicut
1375 1212 1776 1309 accepimus
1812 1212 1883 1285 in
1919 1212 2052 1286 hac
2090 1211 2278 1285 Urbe
2316 1210 2571 1285 Nostra
2606 1210 2723 1306 pia
2750 1212 3020 1283 utrius-

880 1354 1019 1429 que
1057 1354 1269 1404 sexus
1297 1328 1869 1404 Christifidelium
1909 1330 2255 1404 Sodalitas
2293 1328 2425 1401 sub
2467 1327 2674 1402 titulo
2700 1326 2777 1401 S.
2808 1324 3021 1401 Petri

887 1448 1386 1549 Apostolorum
1417 1444 1794 1542 Principis,
1825 1469 2051 1542 nuper
2075 1455 2311 1519 erecta
2338 1445 2457 1531 sit,
2478 1466 2661 1541 quae
2689 1443 2759 1518 id
2788 1444 3018 1517 habet

881 1564 1327 1663 propositum
1379 1574 1464 1635 ut
1514 1563 1845 1659 precibus
1880 1574 1953 1637 et
1990 1562 2347 1661 operibuS‚
2404 1562 2539 1636 hoc
2576 1563 3013 1657 praesertim

883 1681 1289 1757 difficillimo
1345 1691 1665 1777 tempore
1718 1679 2195 1777 Apostolicam
2233 1678 2491 1753 Sedem
2529 1678 2870 1773 adjuvare
2908 1702 3022 1752 sa-

879 1810 1102 1897 tagat3
1126 1797 1268 1874 Nos
1294 1809 1377 1871 ut
1401 1796 1747 1872 Sodalitas
1774 1798 2181 1895 hujusmodi
2211 1796 2478 1893 majora
2506 1799 2579 1869 in
2607 1798 2756 1870 dies
2786 1796 3007 1870 susci·

875 1918 1029 2014 piat
1056 1918 1521 2004 incrementa,
1552 1916 1638 1989 de
1667 1914 2194 2012 omnipotentis
2221 1912 2351 1987 Dei
2375 1914 2881 2001 Misericordia,
2924 1936 3007 1987 ac

879 2032 1022 2108 ΒΒ.
1072 2033 1263 2107 Petri
1299 2046 1372 2108 et
1403 2032 1596 2107 Pauli
1637 2032 2136 2130 Apostolorum
2172 2034 2324 2129 ejus
2358 2030 2795 2107 Auctoritate
2831 2055 3013 2107 con-

876 2154 1012 2241 fisi,
1047 2155 1376 2230 omnibus
1413 2156 1779 2251 utriusque
1833 2179 2045 2229 sexus
2084 2152 2695 2240 christifidelibus,
2733 2152 2859 2250 qui
2896 2152 3012 2227 di·-

887 2285 1076 2347 ctam
1108 2272 1568 2347 sodalitatem
1599 2273 1673 2346 in
1701 2284 2067 2369 posterum
2094 2273 2602 2370 ingredientur,
2631 2271 2745 2346 die
2771 2273 3007 2367 primo

882 2413 1132 2465 eorum
1215 2394 1571 2487 ingressus
1610 2444 1633 2477 ,
1718 2393 1777 2465 si
1832 2415 1997 2465 vere
2075 2392 2519 2489 poenitentes
2572 2402 2647 2465 et
2696 2387 3007 2464 confessi

887 2508 1191 2585 SSmum
1245 2507 1733 2582 Eucharistiae
1758 2506 2298 2583 Sacramentum
2334 2509 2797 2604 sumpserint,
2835 2505 3009 2582 Ple-

884 2626 1184 2711 nariam,
1217 2649 1347 2699 nec
1381 2648 1522 2699 non
1562 2624 1811 2698 iisdem
1843 2647 2031 2698 nunc
2056 2636 2131 2699 et
2166 2649 2296 2721 pro
2324 2635 2646 2721 tempore
2682 2626 3009 2700 existen-

877 2740 1072 2814 tibus
1112 2740 1338 2815 dictae
1376 2741 1782 2816 Sodalitatis
1836 2739 2322 2816 Confratrihus
2358 2753 2433 2815 et
2466 2738 3007 2829 ConsororibuS,

877 2860 1094 2933 etiam
1132 2883 1298 2933 vere
1334 2858 1860 2956 poenitentibus
1896 2872 1971 2935 et
2005 2860 2373 2948 confessiS,
2414 2882 2496 2934 ac
2532 2860 2743 2934 Sacra
2782 2856 3006 2932 Com-

878 2978 1217 3052 munione
1271 2976 1554 3051 refectis
1587 3030 1608 3064 ‚
1666 2979 1786 3075 qui
1846 2978 2237 3076 quamlibet
2303 2978 2693 3053 Ecclesiam
2762 2976 3002 3074 publi-

875 3120 1036 3171 cam
1075 3096 1300 3169 trihus
1351 3095 1598 3169 diebus
1650 3095 1876 3185 festis,
1932 3120 2191 3193 nempe
2228 3097 2650 3173 Sanctorum
2687 3093 2881 3169 Petri
2934 3106 3011 3170 et

874 3212 1071 3289 Pauli
1128 3213 1651 3312 Apostolorum,
1692 3216 1866 3288 item
1903 3214 2293 3289 Cathedrae
2330 3216 2403 3289 S.
2444 3215 2641 3290 Petri
2682 3214 3003 3311 Apostoli

876 3356 1016 3429 qua
1066 3333 1379 3428 primum
1433 3331 1705 3407 Romae
1759 3333 1969 3420 sedit,
2025 3355 2107 3406 ac
2160 3331 2445 3405 tandem
2501 3331 2575 3405 S.
2651 3329 2847 3403 Petri
2918 3330 3009 3405 ad

882 3446 1174 3522 Vincula
1227 3472 1268 3522 a
1321 3450 1569 3545 primis
1633 3450 1949 3546 vesperis
2010 3472 2236 3545 usque
2288 3449 2376 3522 ad
2440 3469 2768 3522 occasum
2832 3446 3005 3521 solis

872 3567 1149 3640 dierum
1202 3566 1607 3661 hujusmodi
1648 3618 1670 3653 ,
1738 3566 2029 3664 singulis
2080 3566 2284 3640 annis
2324 3618 2346 3655 ,
2412 3567 2669 3640 devote
2734 3564 2999 3639 visita-

883 3682 1116 3758 verint
1156 3734 1177 3769 ,
1251 3693 1326 3755 et
1379 3682 1474 3755 ibi
1527 3705 1654 3779 pro
1711 3680 2272 3758 Christianorum
2346 3680 2755 3778 Principum
2816 3706 3005 3758 con-

885 3802 1122 3877 cordia
1161 3854 1182 3889 ,
1264 3801 1639 3895 haeresum
1712 3800 2182 3898 extirpatione
2254 3824 2336 3875 ac
2408 3800 2706 3876 Sanctae
2760 3800 3023 3875 Matris,

877 3920 1234 3994 Ecclesiae
1287 3919 1716 3994 exaltatione
1769 3920 1923 4015 pias
2000 3920 2087 3993 ad
2142 3916 2373 3993 Deum
2435 3940 2680 4014 preces
2732 3916 3003 3991 effude-

878 4037 1026 4109 rint
1063 4089 1084 4124 ,
1141 4060 1280 4135 quo
1337 4038 1450 4111 die
1502 4036 2024 4133 praedictorum
2078 4036 2147 4109 id
2200 4037 2475 4133 egerint
2504 4089 2525 4123 ‚
2601 4031 3005 4109 Plenariam

883 4153 1210 4228 similiter
1296 4154 1616 4229 omnium
1685 4165 2139 4249 peccatorum
2230 4175 2520 4227 suorum
2608 4150 3005 4247 Indulgen—

869 4272 1041 4345 tiam
1073 4280 1148 4345 et
1173 4270 1667 4347 remissionem
1706 4270 2254 4345 misericorditer
2280 4270 2353 4343 in
2399 4267 2703 4345 Domino
2740 4289 3001 4343 conce-

1547 4494 1603 4501 -ν
