3317 5267
926 436 1070 503 42⁴
1542 557 1802 649 PIVS
1864 560 2162 649 PAPA
2220 560 2374 649 IX.

1628 946 1918 991 vannum
1929 946 2030 991 Les
2071 948 2315 992 turnus

1278 1173 1537 1219 sunau
1578 1174 1647 1219 m·
1693 1174 2090 1221 nosroucm
2173 1177 2647 1225 BBNEMGUONEU

921 1397 1545 1558 Amantissimus
1598 1478 1889 1554 humani
1917 1481 2194 1576 generis
2221 1480 2658 1581 Redemptor
2723 1478 3058 1555 Christus

920 1607 1266 1683 Dominus
1322 1604 1748 1701 Unigenitus
1800 1602 1926 1677 Dei
1983 1604 2204 1680 Filius
2267 1606 2510 1680 volens
2543 1658 2562 1693 ,
2621 1617 2703 1679 ut
2773 1607 3058 1703 optime

914 1728 1169 1814 nostis,
1226 1724 1678 1799 venerabiles
1731 1723 2042 1811 Fratres,
2101 1750 2352 1801 omnes
2403 1725 2732 1801 homines
2785 1748 2824 1797 a
2873 1726 3056 1799 dae-

916 1849 1149 1923 monis
1200 1848 1639 1945 captivitate,
1697 1857 1771 1918 et
1824 1868 1862 1916 a
1919 1848 2191 1942 peceati
2247 1848 2410 1944 iugo
2469 1848 2852 1933 vindicare,
2893 1870 3056 1921 eos*-

910 1990 1057 2066 que‘
1110 1968 1199 2042 de
1252 1965 1567 2040 tenebris
1620 1966 1690 2037 in
1747 1964 2160 2038 admirabile
2225 1964 2464 2037 lumen
2539 1986 2751 2039 suum
2793 1986 3052 2037 vocare

912 2099 987 2162 et
1038 2087 1276 2161 salvos
1330 2086 1587 2174 facere‚
1644 2108 1806 2160 cum
1857 2086 2189 2172 delesset,
2249 2086 2437 2183 quod
2494 2085 2834 2158 adversus
2915 2107 3052 2157 nos

912 2218 1091 2293 erat,
1149 2206 1694 2302 chirographum
1749 2206 2042 2292 decreti,
2101 2204 2389 2301 affigens
2446 2202 2614 2275 illud
2669 2202 2886 2288 cruci,
2921 2226 3052 2275 ca-

912 2322 1249 2397 tholicam
1308 2322 1698 2396 Ecclesiam
1758 2348 1887 2396 suo
1941 2322 2280 2418 sanguine
2362 2320 2783 2416 acquisitam
2841 2332 3052 2391 tam-

913 2462 1130 2536 quam
1185 2461 1401 2512 unam
1454 2436 1746 2511 domum
1799 2436 1931 2512 Dei
1987 2438 2132 2511 vivi
2171 2437 2302 2535 (1),
2345 2462 2709 2536 unumque
2739 2462 3050 2536 requam

912 2556 1275 2631 caelorum
1330 2552 1461 2654 (2),
1494 2557 1605 2630 vel
1642 2580 1859 2631 unam
1911 2558 2271 2631 civitatem
2304 2581 2528 2659 supra
2555 2570 2866 2631 montem
2907 2583 3052 2657 po-

912 2676 1127 2747 sitam
1182 2672 1311 2773 (3),
1368 2686 1492 2747 aut
1544 2698 1776 2746 unum
1826 2672 2007 2747 ovile
2064 2674 2166 2775 (4)
2223 2688 2298 2749 et
2333 2698 2566 2748 unum
2601 2688 2857 2775 corpus
2895 2701 3046 2749 uuo

910 2792 1172 2891 spiritu
1226 2792 1623 2867 consistens
1670 2794 2080 2890 vigensque,
2139 2806 2212 2867 et
2263 2816 2405 2868 una
2459 2794 2619 2881 fide,
2677 2818 2802 2891 spe
2835 2848 2855 2882 ,
2913 2818 3044 2869 ca·-

912 2914 1151 3000 ritate,
1204 2924 1278 2985 et
1330 2912 1488 2985 unis
1526 2912 1934 3008 eisdemque
1973 2924 2608 2999 sacramentorum,
2651 2911 3038 3009 religionis»,

910 3032 1411 3127 doctrinaeque
1443 3029 1740 3106 vinculis
1767 3044 2216 3129 compactum
2235 3043 2310 3106 et
2337 3042 2914 3129 coagmentatum
2931 3030 3036 3131 (5)

900 3149 1398 3237 conformavit,
1454 3151 1855 3236 constituit,
1912 3164 1984 3222 et
2037 3148 2428 3223 rectoribus
2485 3172 2522 3221 a
2577 3172 2651 3222 se
2706 3150 3040 3223 nomina-

913 3270 1001 3343 tis
1054 3294 1135 3344 ac
1185 3269 1476 3344 delectis
1529 3270 1894 3357 instruxit,
1952 3292 2252 3366 eamque
2293 3270 2390 3341 ita
2429 3292 2467 3341 a
2501 3292 2576 3341 se
2628 3266 3036 3341 conforma-

908 3400 1055 3461 tam
1109 3401 1185 3461 et
1234 3388 1730 3473 constitutam,
1786 3390 2124 3484 quamdiu
2183 3388 2489 3461 mundus
2519 3389 2670 3484 ipse
2727 3410 2867 3462 non
2922 3389 3038 3459 in·-

907 3517 1134 3579 tereat
1188 3517 1260 3578 et
1312 3504 1635 3579 concidat
1677 3558 1696 3589 ,
1754 3526 2173 3600 permanere
2209 3558 2230 3592 ‚
2289 3513 2362 3578 et
2416 3526 2664 3579 omnes
2719 3504 3030 3579 universi

906 3640 1251 3701 terrarum
1306 3623 1497 3699 orbis
1550 3623 1875 3722 populoS,
1907 3625 2230 3699 nationes
2261 3622 2639 3721 complecti
2691 3624 3032 3711 decrevit,

1062 3862 1143 3943 (1)
1184 3860 1231 3924 1.
1278 3860 1351 3925 ad
1390 3860 1653 3924 Timoth.
1704 3858 1808 3923 ΙΙΙ.

1064 3958 1151 4038 (2)
1194 3956 1407 4021 Matth.
1450 3956 1609 4021 xm.
1656 3973 1726 4021 ac
1769 3973 1949 4039 saepe
1993 3956 2162 4022 alias.

1068 4052 1153 4131 (3)
1192 4050 1407 4115 Matth.
1450 4050 1524 4115 V.

1062 4146 1156 4225 (4)
1202 4143 1364 4209 ioan.
1410 4144 1485 4208 X.

1063 4238 1149 4318 (ὅ)
1194 4234 1416 4319 Ephes.
1456 4236 1556 4306 lv.
1608 4246 1728 4303 tum
1775 4238 1939 4304 alibi.
