3317 5267
836 424 980 494 264

834 540 1026 611 mine
1079 534 1294 610 Nobis
1347 534 1434 607 de
1445 535 1803 609 votissime
1854 534 2245 611 offerendas
2298 534 2595 621 studuit,
2660 548 2741 611 ut
2776 559 2969 611 nova

838 654 1294 729 Victoriensis
1351 650 1785 749 Episcopalis
1838 653 2057 729 Sedes
2108 656 2250 727 iam
2290 678 2477 729 nunc
2512 654 2811 729 feliciter
2847 658 2969 729 in·-

835 772 1278 845 stitueretur.

987 886 1130 962 Nos
1181 898 1578 983 propterea,
1617 888 1741 985 qui
1780 884 2088 963 Pastoris
2127 886 2363 961 Divini
2417 888 2605 961 vices
2640 891 2713 963 in
2752 890 2965 963 terris

693 1054 702 1065 -
835 1017 1188 1102 gerentes,
1245 1026 1328 1077 ea
1383 1026 1671 1099 semper
1722 1004 2075 1100 inquirere
2127 1018 2203 1077 et
2250 1017 2567 1081 statuere
2602 1006 2789 1079 haud
2834 1006 2971 1081 de·-

839 1135 1250 1210 trectamuS,
1289 1146 1469 1219 quae
1507 1125 1594 1197 ad
1633 1121 2111 1197 Christianum
2152 1148 2437 1220 gregem
2474 1124 2805 1199 alendum
2846 1148 2973 1199 sa·-

837 1239 1246 1338 lubriusque
1275 1240 1801 1335 depascendum
1830 1243 2279 1338 potissimum
2306 1242 2767 1315 beneven-tere
2794 1264 2975 1315 cen-

837 1378 1106 1443 semuS,
1144 1358 1407 1454 quique
1445 1358 1685 1432 omnia
1723 1372 1797 1432 et
1833 1359 2136 1454 singula,
2177 1381 2359 1456 quae
2396 1360 2467 1433 in
2504 1358 2744 1433 relatis
2770 1356 2975 1433 Con-

843 1476 1300 1555 ventionihus
1319 1476 1638 1572 apprime
1664 1476 2044 1551 deliberata
2074 1490 2271 1565 sunt,
2303 1476 2689 1563 observari,
2722 1478 2969 1573 peragi

838 1596 1262 1691 penitusque
1287 1594 1656 1691 adimpleri
1684 1609 2133 1693 exoptamus,
2172 1596 2707 1691 praenunciatus
2734 1594 2975 1669 Elisa-

840 1712 1014 1787 beth
1044 1711 1354 1807 Reginae
1383 1736 1624 1809 preces
1649 1713 1957 1811 benigno
1982 1714 2223 1791 favore
2256 1716 2587 1811 prosequi
2612 1714 2965 1799 volentes,

841 1854 924 1905 ac
975 1832 1295 1907 omnium
1333 1834 1703 1907 consensui
1743 1834 2157 1932 quorumvis
2194 1834 2267 1905 in
2304 1832 2707 1928 hujusmodi
2760 1856 2981 1927 nego-

845 1948 944 2021 tio
979 1949 1320 2023 interesse
1357 1949 1776 2023 habentium
1832 1974 1959 2024 seu
2012 1950 2677 2047 quomodocumque
2704 1948 2973 2023 habere

843 2070 1454 2163 praesumentium
1529 2070 1971 2167 Apostolicae
2032 2072 2474 2145 auctoritatis
2532 2068 2973 2165 plenitudine

846 2189 1096 2263 harum
1125 2213 1408 2287 quoque
1433 2193 1618 2265 serie
1643 2191 2085 2288 supplentes,
2116 2194 2431 2287 itemque
2459 2188 2799 2285 singulos„
2822 2190 2977 2285 qui·-

849 2302 984 2379 bus
1037 2306 1170 2379 hae
1199 2305 1498 2381 Nostrae
1550 2306 1861 2383 Litterae
1892 2307 2163 2393 favent,
2200 2332 2241 2381 a
2278 2306 2645 2404 quibusvis
2678 2328 2977 2379 excom-

849 2422 1344 2497 municationis
1371 2426 1853 2519 suspensionis
1880 2438 1955 2500 et
1982 2426 2363 2510 interdicti,
2394 2424 2687 2519 aliisque
2720 2420 2975 2497 Eccle-

847 2540 1146 2613 siasticis
1186 2543 1582 2629 sententiis,
1623 2544 1939 2619 censuris
1976 2558 2051 2619 et
2092 2544 2367 2641 poenis,
2406 2543 2466 2617 si
2503 2541 2759 2638 quibus
2792 2566 2983 2639 quo-

848 2658 1232 2733 modolibet
1269 2656 1580 2735 innodati
1619 2663 1961 2749 existunt,
2000 2665 2087 2738 ad
2126 2664 2457 2738 effectum
2486 2662 2973 2757 piaesentium

852 2792 1132 2853 tantum
1185 2786 1787 2880 consequendum,
1844 2785 2095 2859 harum
2150 2786 2330 2861 serie
2392 2782 2791 2879 respective
2840 2780 2970 2853 ab-

851 2901 1206 2976 solventes
1249 2918 1322 2975 et
1375 2903 1733 2983 absolutos
1786 2904 1937 2980 fore
1970 2918 2345 2980 censentes
2376 2927 2401 2991 3
2442 2903 2641 2978 Motu
2679 2900 2973 2997 Proprie

849 3031 923 3092 et
957 3042 1048 3091 ex
1085 3031 1278 3092 certa
1329 3022 1622 3095 scientia
1659 3022 1889 3121 deque
1916 3020 2361 3118 Apostolicae
2392 3023 2565 3093 item
2594 3018 2975 3115 potestatis

852 3136 1284 3232 plenitudine
1317 3148 1460 3211 tres
1491 3135 1923 3221 Provincias,
1954 3160 2137 3234 quae
2172 3164 2203 3207 α
2242 3135 2511 3222 Alavia,
2540 3134 2971 3230 Guipuscoa‚

849 3267 926 3325 et
960 3252 1278 3328 Biscavia
1313 3280 1345 3323 »ι
1396 3255 1602 3350 vulgo
1639 3268 2163 3349 nuncupantur,
2202 3255 2272 3327 id
2310 3268 2425 3329 est
2458 3252 2689 3328 civilia
2726 3272 2975 3324 earum

854 3372 1204 3445 territoria
1236 3423 1259 3456 ,
1315 3394 1594 3469 quaque
1659 3393 1739 3447 se
1790 3372 2229 3465 protendunt
2257 3423 2278 3457 ,
2352 3372 2649 3467 ideoque
2720 3388 2975 3443 omnes

856 3488 1026 3561 inibi
1083 3490 1391 3563 consitas
1420 3487 1791 3574 Civitates,
1830 3486 2132 3584 Oppida,
2164 3486 2417 3586 PagoS,
2452 3488 2669 3574 Rura,
2708 3499 2785 3559 et
2836 3485 2975 3557 Pa-

855 3607 1118 3681 roecias
1169 3609 1382 3683 etiam
1438 3607 1887 3681 Succursales
1938 3630 2079 3681 una
2132 3628 2295 3682 cum
2348 3607 2497 3680 suis
2542 3600 2971 3702 quibuslibet

853 3724 1220 3819 utriusque
1271 3746 1486 3797 sexus
1538 3724 1779 3797 incolis
1816 3746 1945 3797 nec
2002 3746 2141 3799 non
2180 3724 2471 3797 adnexis
2524 3721 2733 3795 terris
2768 3736 2969 3795 cum-

853 3864 992 3937 que
1029 3843 1311 3917 insimul
1347 3844 1620 3917 cunetis
1653 3840 2015 3929 EcclesiiS,
2054 3840 2457 3930 Coenohiis,
2498 3840 2967 3922 Monasteriis,

851 3958 1218 4047 Oratoriis,
1262 3960 1626 4035 Beneficiis
1669 3960 2203 4049 Ecclesiasticis‚
2244 3972 2319 4035 et
2364 3958 2499 4057 piis
2550 3962 2969 4057 cujuscum*

853 4102 992 4175 que
1027 4080 1302 4177 generis
1331 4078 1707 4163 InstitutiS‚
1740 4079 1967 4165 bonis,
2002 4078 2237 4167 rebuS,
2276 4078 2574 4165 iuribus,
2610 4092 2685 4150 et
2720 4074 2971 4149 ceteris

863 4196 1262 4293 quibusque
1289 4197 1843 4283 inhaerentibus,
1874 4220 1997 4271 seu
2024 4198 2111 4271 dc
2143 4198 2553 4298 jure-,deque
2580 4216 2777 4269 more
2802 4216 2973 4267 con·-
