3317 5267
8 651 11 688 -—
8 481 16 636 Ὶ-τ-Ἷ-
7 285 12 462 -.-,-ή
8 221 10 226 -
8 159 10 168 -
8 125 10 134 ἡ
7 1 9 9 ν

881 461 1140 652 aeneiae
1197 573 1498 672 Virginis
1549 575 1663 648 die
1716 570 1910 646 XVII
1964 572 2291 650 Octobris
2348 575 2439 648 ab
2466 573 2801 650 omnibus
2828 569 3021 650 chri-'-

878 691 1290 767 stifidelibus
1353 705 1500 764 tam
1555 690 2054 786 saecularibus,
2110 713 2325 790 quam
2382 693 2849 790 regularibus,
2898 698 3021 793 qui

878 809 1088 885 horas
1139 813 1513 884 canonicas
1565 809 1865 883 recitare
1918 820 2294 884 teneantur
2324 863 2346 898 ‚
2402 823 2480 886 et
2530 824 2885 907 quantum
2936 813 3029 885 ad

877 926 1128 1001 Missas
1186 929 1452 1000 attinet
1505 925 1600 999 ab'
1647 925 1979 1001 omnibus
2000 965 2009 974 ·
2032 925 2535 1002 Sacerdotibus
2586 928 2677 1000 ad
2712 929 3023 1023 templa,

871 1033 950 1116 in
1001 1043 1258 1141 quibus
1311 1042 1576 1116 festum
1629 1043 2055 1129 celebratur,
2112 1043 2657 1118 confluentibus.
2698 1041 3027 1141 Denique

879 1159 1334 1234 eoncedimus
1389 1169 1472 1231 ut
1523 1181 1713 1232 auno
1766 1181 1807 1232 a
1842 1158 2029 1232 datis
2066 1158 2263 1233 bisce
2299 1157 2589 1234 Litteris
2624 1162 2861 1256 primo
2898 1185 3025 1235 so—

874 1276 1139 1351 lemnia
1189 1273 1739 1350 Beatificationis
1806 1273 1983 1348 Ven.
2042 1274 2308 1349 Servae
2385 1273 2516 1350 Dei
2592 1275 3021 1373 Margaritae

874 1393 1136 1468 Mariae
1187 1394 1276 1466 de
1331 1391 1683 1488 Alaeoque
1737 1391 1809 1462 in
1863 1388 2213 1478 Dioecesi‚
2270 1403 2485 1488 atque
2536 1393 2611 1465 in
2666 1393 3015 1490 Templis,

872 1512 962 1586 de
1011 1510 1268 1609 quibus
1319 1509 1562 1583 habita
1603 1511 1887 1584 'mentio
1942 1520 2093 1594 est,·
2137 1509 2585 1584 celebrentur
2634 1533 2797 1585 cum
2836 1511 3021 1588 offi-

873 1629 1010 1715 cio,
1043 1637 1142 1700 'et
1193 1625 1424 1702 Missis
1461 1626 1759 1723 duplicis
1796 1625 2083 1698 maioris
2108 1631 2115 1641 '
2139 1625 2345 1713 rituS‚
2376 1626 2587 1724 idque
2612 1627 2765 1700 fieri
2802 1651 3015 1725 prae-

871 1749 1172 1845 cipimus
1223 1747 1338 1821 die
1388 1768 1516 1842 per
1565 1745 1972 1820 ordinarios
2000 1745 2391 1833 indicenda,
2422 1769 2503 1820 ac
2534 1759 3009 1844 posteaquam

867 1868 1121 1942 eadem
1175 1867 1526 1941 Solemnis
1578 1867 1650 1938 in
1704 1864 2003 1938 Basilica
2057 1863 2399 1938 Vaticana
2448 1866 2807 1941 celebrata
2834 1871 3011 1942 sint.

873 1987 1028 2062 Non
1079 1983 1530 2064 obstantibus
1611 1983 2253 2058 Constitutionibus
2305 1996 2379 2058 et
2430 1982 3015 2064 ordinationibus

877 2104 1322 2202 Apostolieis,
1377 2104 1773 2199 ceterisque
1826 2102 2197 2176 contrariis
2226 2101 2821 2200 quibuscumque.
2867 2105 3015 2180 Vo-

815 2300 824 2312 ,
865 2219 1104 2294 lumus
1157 2232 1398 2294 autem
1453 2230 1534 2292 ut
1585 2218 1841 2291 harum
1894 2215 2329 2290 Litterarum
2382 2218 2731 2314 exemplis
2786 2222 3009 2296 etiam

867 2339 1260 2434 impressiS,
1290 2337 1677 2412 dummodo
1712 2357 1929 2410 manu
1966 2334 2337 2410 Secretarii
2376 2336 2781 2430 praedictae
2818 2337 3011 2414 Con-

866 2456 1294 2551 gregationis
1339 2477 1711 2529 sacrorum
1764 2453 2029 2528 rituum
2081 2451 2483 2546 subscripta
2546 2453 2721 2539 sint,
2776 2466 2851 2527 et
2898 2455 2997 2529 si-

875 2571 1038 2668 gillo
1093 2569 1440 2646 Praefecti
1493 2571 1800 2656 munita,
1858 2570 2106 2643 eadem
2158 2589 2449 2664 prorsus
2498 2567 2681 2644 fides
2734 2570 2993 2644 babea-

863 2699 1007 2775 tur,
1063 2709 1244 2786 quae
1297 2685 1594 2760 Nostrae
1648 2686 2035 2760 voluntatis
2078 2682 2595 2781 significationi,
2668 2687 2855 2762 hisce
2902 2711 2991 2762 o-

861 2807 1120 2882 stensis
1171 2803 1458 2878 Litteris
1507 2801 1913 2876 haberetur.

873 2963 880 2972 ·
1015 2921 1280 2996 Datum
1331 2945 1424 2994 ex
1481 2918 1656 2994 Arce
1710 2918 2110 3016 Gandulphi
2166 2921 2299 2996 sub
2358 2919 2641 2996 Annulo
2676 2919 3004 2996 Piscato-

859 3042 960 3115 ris
1010 3040 1124 3115 die
1183 3036 1342 3111 XIX
1396 3037 1659 3112 Mensis
1750 3035 2047 3133 Augusti
2128 3035 2335 3114 Anno
2427 3035 3001 3124 MDCCCLXIV,

862 3155 1320 3230 pontificatus
1372 3153 1606 3229 Nostri
1666 3153 1869 3226 Anno
1924 3150 2110 3226 XlX.

1403 3388 1489 3462 N.
1549 3385 1822 3462 CARD.
1882 3386 2439 3464 PARACClANl
2496 3386 2985 3462 CLARELLl.
