3317 5267
2338 447 2482 516 679

345 561 795 638 moderanda.
853 563 1480 640 Persuasissimum
1533 573 1777 636 autem
1829 563 2045 637 Nobis
2110 573 2247 650 est,
2307 557 2477 648 Vos,

351 676 806 755 Venerabiles
860 681 1172 769 Fratres,
1229 704 1358 776 pro
1409 691 1737 775 spectata
1789 691 2027 753 vestra
2080 678 2419 774 religione
2459 728 2481 764 ‚

343 805 420 868 et
471 797 846 894 episcopali
903 799 1052 872 zelo
1105 798 1382 880 naviter
1431 819 1608 882 esse,
1641 795 2055 870 defensuros
2137 795 2273 868 alia
2337 793 2482 868 Ec-

342 912 594 988 clesiae
647 915 824 1003 iura,
895 939 1078 1013 quae
1143 915 1458 990 nondum
1529 913 1604 986 in
1674 911 1974 988 Bavaria
2028 914 2233 1010 plene
2312 923 2484 986 sunt

342 1034 728 1130 recognita,
785 1047 859 1108 et
909 1058 1040 1131 pro
1091 1034 1346 1130 quibus
1397 1031 1735 1106 Bavariae
1812 1031 2191 1107 Sacrorum
2274 1027 2481 1102 Anti-

340 1151 546 1225 stites
597 1152 672 1224 in
724 1151 1156 1250 Frisingensi
1210 1153 1584 1248 praecipue
1637 1161 2001 1225 conventu
2082 1171 2248 1222 suas
2312 1171 2483 1243 pro-

343 1268 760 1342 testationes
811 1271 1138 1343 emittere
1169 1269 1397 1360 sliaud
1450 1268 1867 1343 omiserunt.
1951 1264 2051 1340 Ac
2106 1277 2481 1362 propterea

341 1405 792 1482 summopere
864 1385 1246 1483 probamus
1297 1386 1671 1460 consilium
1710 1409 1751 1458 a
1806 1384 2016 1460 Vobis
2068 1395 2480 1480 susceptum

339 1501 644 1578 habendi
696 1506 1075 1602 quotannis
1155 1507 1342 1580 inter
1376 1503 1524 1578 Vos
1603 1527 2047 1601 congressus.
2140 1499 2219 1578 Id
2308 1525 2479 1576 vero

339 1622 532 1696 nullo
583 1625 796 1698 modo
850 1623 1190 1720 impedire
1243 1623 1482 1712 debet,
1537 1625 1946 1722 quominus,
2028 1620 2479 1696 venerabiles

341 1737 648 1828 Fratres,
703 1741 940 1815 omnia
991 1743 1374 1828 conemini,
1430 1752 1512 1816 ut
1569 1743 2105 1839 quamprimum
2148 1791 2171 1828 ,
2252 1738 2479 1814 veluti

335 1851 610 1930 Nostris
661 1857 734 1930 in
788 1858 976 1931 votis
1029 1868 1168 1946 est,
1226 1856 1703 1932 Provinciales
1756 1857 2081 1954 Synodos
2164 1879 2257 1928 ex
2346 1855 2479 1930 Sa-

335 1995 616 2048 crorum
671 1971 1040 2048 Canonum
1093 1976 1532 2071 praescripto
1585 1974 2079 2050 concelebrare
2132 1974 2422 2070 possitis
2450 2025 2475 2060 ,

335 2090 932 2186 quemadmodum
985 2091 1104 2164 alii
1175 2093 1250 2164 in
1317 2091 1687 2187 germania
1752 2091 2129 2170 Sacrorum
2183 2089 2479 2164 Antisti-

334 2217 448 2282 tes
503 2209 576 2282 in
655 2210 804 2284 suis
875 2207 1368 2284 ecclesiasticis
1447 2211 1831 2308 provinciis
1930 2233 2095 2285 cum
2186 2231 2475 2284 summo

335 2325 553 2398 animi
603 2324 838 2400 Nostri
890 2327 1144 2422 gaudio
1184 2378 1205 2413 ‚
1287 2338 1363 2400 et
1413 2350 1709 2402 suorum
1782 2327 2093 2402 fidelium
2164 2328 2471 2404 utilitate

335 2453 653 2538 egerunt.
711 2441 898 2517 Nihil
949 2455 1142 2518 certe
1193 2442 1412 2520 Nobis
1463 2445 1733 2540 gratius
1770 2445 1907 2522 erit
1948 2467 2163 2541 quam
2230 2445 2303 2516 in
2338 2445 2475 2520 hac

333 2585 410 2637 re
461 2572 746 2638 omnem
788 2562 1004 2638 Vobis
1077 2586 1288 2660 opem
1351 2564 1837 2661 auxiliumque
1872 2563 2081 2639 ferre.
2150 2563 2471 2664 Denique

334 2705 466 2780 pro
524 2695 720 2760 certo
780 2684 1102 2758 habeatis
1157 2685 1482 2770 velimuS,
1539 2685 1967 2782 peculiarem
2030 2707 2187 2760 esse
2220 2735 2243 2771 ‚
2330 2709 2475 2783 qua

335 2797 480 2874 Vos
529 2803 1048 2898 prosequimur,
1101 2800 1696 2876 benevolentiam.
1748 2799 1965 2875 Cuius
2001 2823 2289 2900 quoque
2328 2826 2473 2876 cer·

335 2917 690 2990 tissimum
769 2919 1024 3012 pignus
1093 2919 1392 3012 accipite
1465 2917 1947 3013 Apostolicam
2022 2917 2471 2994 Benedictio-

335 3055 529 3120 nem,
575 3055 792 3130 quam
853 3057 946 3107 ex
997 3034 1250 3108 intimo
1311 3033 1518 3107 corde
1573 3032 1961 3128 profectam
2015 3033 2229 3108 Vobis
2264 3035 2465 3130 ipsis,

341 3150 788 3226 Venerabiles
827 3151 882 3224 F
883 3163 1142 3240 ratres,
1223 3151 1634 3248 cunctisque
1696 3151 2011 3239 Clericis,
2100 3151 2469 3250 Laicisque

337 3267 716 3358 Fidelibus‚
779 3272 1118 3366 cuiusque
1173 3269 1504 3345 Vestrum
1557 3293 1769 3344 curae
1866 3272 2272 3346 commissis
2350 3295 2469 3370 pe-

335 3399 692 3460 ramanter
743 3389 1218 3484 impertimus.

435 3500 696 3578 Datum
735 3527 824 3578 ex
851 3505 1028 3578 Arce
1055 3503 1452 3600 Gandulphi
1480 3504 1593 3578 die
1627 3509 1721 3578 18
1750 3508 2031 3602 augusti
2058 3529 2247 3586 anno
2279 3513 2503 3598 ¹864,

438 3615 896 3698 Pontificatus
949 3621 1190 3698 Nostri
1241 3645 1426 3696 anno
1477 3622 1963 3700 decimonono.
