3317 5267
2312 478 2461 553 357

337 598 696 679 observari
717 599 1072 697 iubemus.
1115 596 1370 673 Habita
1405 618 1574 673 vero
1609 598 2117 674 hodiernamm
2148 597 2461 672 circum-a

333 720 762 793 stantiarum
787 715 1238 791 convenienti
1265 714 1675 801 ratione,ab
1712 716 1910 790 initio
1940 712 2269 789 eamdem
2298 705 2467 790 Por-

337 850 456 912 tus
475 836 676 911 Pacis
689 836 1078 911 Ecclesiam
1103 836 1178 909 in
1207 845 1743 931 temporaneam
1772 832 2461 909 administrationem

337 958 674 1056 Episcopi
709 956 978 1056 Capitis
1027 956 1314 1031 Haitani
1367 956 1728 1031 committi
1768 958 2213 1045 mandamus,
2244 956 2469 1031 donec

341 1090 416 1152 et
465 1078 600 1174 ipsi
639 1076 1101 1174 Episcopatui
1136 1077 1224 1151 de
1259 1074 1547 1174 proprio
1575 1074 1873 1151 Pastore
1908 1076 2043 1151 rite
2096 1074 2469 1173 providea-

338 1205 508 1283 tur;
563 1195 881 1269 iniuncto
933 1207 1175 1266 tamen
1227 1193 1459 1267 eidem
1513 1192 1899 1290 Episcopo,
1954 1204 2037 1267 ut
2092 1214 2271 1289 quae
2342 1214 2473 1288 pro

335 1306 599 1385 Portus
652 1307 856 1383 Pacis
909 1308 1269 1384 Ecclesiae
1322 1320 1400 1381 et
1448 1308 1797 1383 dioecesis
1858 1307 2269 1404 hujusmodi
2330 1308 2473 1382 ad*

335 1426 858 1501 ministratione
912 1427 1250 1503 continuo
1303 1425 1624 1501 obeunda
1676 1424 1970 1514 fuerint,
2026 1424 2471 1500 commodius

339 1553 415 1617 et
465 1543 759 1617 celerius
788 1566 918 1640 pro
956 1544 1240 1619 illorum
1293 1541 1871 1617 Christilidelium
1908 1541 2255 1639 spirituali
2280 1538 2470 1618 bono

336 1668 548 1757 atque
601 1660 1038 1735 instantibus
1089 1658 1634 1734 necessitatibus
1688 1659 2003 1757 expediri
2058 1668 2360 1756 queant,
2398 1660 2469 1734 id

339 1778 660 1874 apprime
721 1778 1152 1854 servandum
1217 1788 1400 1865 esto,
1441 1788 1522 1852 ut
1560 1778 1983 1876 praecipuus
2036 1800 2167 1873 pro
2229 1789 2467 1852 eamet

335 1891 638 1967 dioecesi
696 1892 1011 1969 Vicarius
1069 1892 1438 1967 Generalis
1475 1892 1568 1967 ab
1603 1896 1855 1969 eodem
1884 1890 2155 1990 Capitis
2180 1890 2465 1966 Haitani

335 2010 692 2108 Episcopo
744 2012 1104 2110 eligendus
1139 2024 1216 2087 et
1247 2013 1610 2087 consuetis
1645 2036 1814 2087 cum
1852 2012 2307 2087 facultatibus
2334 2036 2467 2109 op-

335 2131 659 2225 portunis
709 2130 1157 2227 deputandus
1209 2132 1670 2207 residentiam
1722 2132 1795 2205 in
1848 2152 1933 2205 ea
1970 2128 2231 2205 Portus
2260 2128 2463 2207 Pacis

331 2246 620 2320 civitate
673 2248 768 2323 sit
817 2248 1189 2323 habiturus
1243 2271 1514 2346 suoque
1567 2270 1861 2323 munere
1900 2246 2171 2321 utiliter
2206 2248 2283 2321 in
2315 2246 2461 2323 Do-

337 2363 532 2437 mino
580 2362 1074 2438 defuncturuS.

483 2476 1088 2578 Quotiescumque
1143 2502 1312 2556 vero
1367 2482 1642 2556 vacatio
1679 2480 2037 2578 praefatae
2062 2482 2459 2580 Episcopa-

329 2594 414 2669 lis
451 2594 710 2672 Portus
749 2596 952 2673 Pacis
989 2599 1176 2673 sedis
1213 2601 1557 2687 evenerit,
1590 2600 2058 2688 declaramus,
2090 2600 2278 2699 quod
2306 2613 2461 2674 sta-

334 2712 469 2786 tim
523 2736 604 2789 ac
659 2717 885 2812 ipsam
941 2712 1434 2813 Episcopalem
1472 2714 1867 2790 Ecclesiam
1906 2718 2195 2791 viduare
2230 2718 2467 2793 conti-

336 2830 543 2925 gerit,
584 2834 906 2928 protinus
937 2834 1062 2928 jux
1075 2844 1143 2905 ta
1172 2854 1535 2909 sacrorum
1563 2856 1914 2908 canonum
1944 2835 2463 2930 praescriptum

337 2946 384 3022 ii
439 2950 794 3046 dignitarii
847 2960 921 3024 et
974 2954 1290 3027 canonici
1340 2954 1476 3025 rite
1527 2952 1835 3025 debeant
1873 2951 2224 3025 Vicarium
2250 2948 2467 3048 Capi-

340 3070 644 3143 tularem
673 3070 955 3168 eligere,
989 3074 1106 3170 qui
1149 3072 1538 3145 vacationis
1577 3080 1901 3167 tempore
1938 3082 2218 3169 satagat
2244 3070 2465 3167 ipsius

334 3184 692 3262 Ecclesiae
739 3200 816 3262 et
867 3189 1206 3263 dioecesis
1259 3187 1576 3284 regimen
1632 3187 1853 3283 probe
1908 3198 1983 3260 et
2018 3188 2289 3262 utiliter
2341 3210 2470 3283 ge-

338 3328 556 3394 rere3
637 3306 825 3404 quod
877 3308 935 3380 si
1001 3308 1278 3381 vacatio
1357 3304 1763 3402 hujusmodi
1828 3303 2065 3380 forsan
2142 3305 2467 3380 inciderit

331 3426 760 3521 perdurante
821 3424 1180 3499 Ecclesiae
1235 3424 1854 3498 administratione
1909 3424 2291 3521 praedicta,
2348 3424 2463 3499 vel

331 3544 548 3617 etiam
635 3544 1046 3643 priusquam
1123 3542 1521 3617 cathedrale
1579 3542 1986 3641 Capitulum
2062 3541 2463 3617 confectum

333 3675 638 3761 actuque
675 3664 1086 3737 institutum
1121 3660 1360 3750 suerit,
1394 3674 1562 3737 tunc
1591 3663 1663 3735 in
1700 3662 1896 3737 hisce
1933 3660 2211 3737 duobus
2244 3684 2467 3757 pecu-

329 3780 616 3856 liaribus
664 3782 941 3856 casibus
995 3782 1310 3878 ejusdem
1367 3780 1725 3856 Ecclesiae
1763 3794 1837 3856 et
1872 3782 2213 3856 dioecesis
2272 3779 2467 3854 ordi-

333 3898 608 3971 nariam
645 3898 1332 3973 administrationem
1369 3910 1699 3972 exerceat
1732 3898 1851 3972 ille
1878 3900 1998 3997 qui
2028 3922 2113 3975 eo
2145 3909 2465 3992 tempore

331 4016 401 4089 in
433 4014 688 4090 Vicarii
729 4014 1088 4090 Generalis
1117 4038 1410 4089 munere
1437 4018 1939 4115 comperiatur,
1973 4014 2463 4112 praecipiendo

329 4133 518 4230 quod
573 4134 633 4208 si
685 4132 922 4230 plures
974 4134 1047 4206 in
1101 4158 1185 4209 eo
1238 4134 1576 4209 exercitio
1629 4158 1757 4232 per
1793 4146 2023 4210 totam
2079 4133 2457 4209 dioecesim

329 4261 582 4325 extent
637 4248 913 4340 Vicat-ii,
953 4250 1088 4327 hoc
1127 4250 1198 4324 in
1251 4272 1420 4323 casu
1456 4250 1570 4326 ille
1605 4252 1979 4349 praecipue
2034 4274 2296 4327 munus
2340 4250 2463 4325 Vid
