3317 5267
2280 446 2425 519 233

315 560 738 637 vicariorum
777 561 1342 658 Apostolicorum
1377 561 1785 637 auctoritati
1820 584 1913 635 ex
1964 560 2155 636 facto
2206 562 2430 635 subii-

313 679 693 766 ciebantur,
747 676 882 752 suh
933 678 1346 753 eorumdem
1376 688 1735 775 potestate
1788 688 1864 751 et
1914 677 2203 775 pacifica
2240 678 2429 754 obe-

310 798 562 872 dientia
613 798 904 873 omnino
955 797 1463 894 permansuris.
2047 888 2057 895 .

455 913 676 989 Porro
725 914 908 988 circa
944 911 1467 1009 metropolitica
1505 913 1654 986 iura
1690 935 1733 985 a
1770 934 1957 986 novo
2011 910 2259 988 Goano
2298 910 2433 989 Ar-

308 1030 748 1129 chiepiscopo
780 1032 1176 1107 exercenda
1201 1030 1370 1107 illud
1405 1042 1644 1105 ratum
1680 1028 1843 1115 fuit,
1884 1039 1973 1104 ut
1994 1029 2069 1103 in
2096 1052 2431 1125 praesens

310 1150 488 1225 idem
529 1150 1118 1247 Archiepiscopus
1144 1172 1230 1223 ea
1281 1171 1614 1225 exercere
1670 1147 1905 1222 valeat
1937 1150 2435 1225 tantummodo

315 1265 380 1339 in
405 1263 804 1341 Dioecesim
831 1266 1430 1342 Machaonensem
1467 1268 1668 1341 iuxta
1694 1265 2145 1341 territorium
2178 1265 2279 1339 illi
2312 1290 2441 1363 per

315 1382 682 1459 articulum
709 1396 996 1460 sextum
1021 1384 1422 1480 praedictae
1433 1380 1943 1459 conventionis
1968 1383 2433 1481 assignatum.

315 1498 488 1575 Cum
513 1525 686 1578 vero
713 1502 1010 1576 aliarum
1041 1499 1545 1588 Ecclesiam,
1580 1522 1841 1597 nempe
1868 1498 2446 1598 Archiepiscopa-

309 1618 388 1695 lis
424 1617 520 1693 ad
553 1620 894 1695 honorem
920 1621 1010 1695 de
1035 1616 1470 1716 Crauganor‚
1509 1632 1584 1693 et
1617 1618 2149 1715 Episcopalium
2184 1616 2443 1695 Cochi-

311 1738 604 1826 maasia,
635 1736 1198 1833 MeliapurensiS‚
1237 1746 1314 1810 et
1347 1734 1831 1825 Malacccnsis,
1866 1734 2443 1835 Archiepiscopa·

311 1864 422 1929 tus
461 1852 686 1929 Goani
709 1852 1328 1950 suffraganearum
1354 1876 1542 1929 nova
1575 1854 2139 1952 circutnscriptio
2166 1855 2255 1929 ad
2290 1866 2443 1931 tra-

308 1971 520 2045 mites
555 1972 882 2068 superius
931 1982 1368 2046 memoratae
1435 1969 1945 2049 Conventionis
2006 1972 2439 2049 conficienda

311 2088 431 2177 sit,
468 2110 774 2188 cumque
811 2112 1036 2165 novae
1073 2088 1250 2185 erigi
1284 2086 1589 2187 possint,
1627 2089 1931 2165 servatis
1964 2088 2057 2165 de
2090 2089 2243 2164 iure
2290 2112 2445 2167 ser·-

313 2204 584 2292 vandis,
637 2204 1100 2303 Episcopales
1153 2205 1358 2281 sedes
1413 2206 1488 2279 in
1543 2205 1628 2279 iis
1683 2206 2017 2281 territorii
2089 2205 2439 2303 partibus,

309 2344 492 2421 quae
518 2335 721 2397 extra
748 2325 1014 2401 limites
1040 2324 1454 2401 memoratis
1482 2320 1935 2399 Dioeccsibus
1970 2324 2433 2421 assignandos

309 2453 760 2536 supererunt3
811 2442 980 2517 hinc
1031 2464 1196 2517 cum
1247 2442 1661 2519 earumdem
1698 2438 2145 2517 Dioecosium
2180 2441 2439 2517 suffra·-

308 2578 694 2654 ganearum
745 2558 818 2633 in
856 2558 1072 2635 Indiis
1118 2558 1706 2656 circumscriptio,
1745 2569 1821 2635 et
1870 2558 2203 2635 canonica
2260 2557 2439 2656 Epi-
2529 2553 2541 2567 “

311 2696 688 2771 scoporum
721 2676 1078 2751 institutio
1113 2686 1400 2772 peracta
1426 2674 1667 2763 fucrit,
1694 2675 2283 2771 metropolitanae
2319 2676 2433 2751 iu·-

308 2790 734 2871 risdictionis
785 2794 1204 2870 exercitium
1255 2816 1422 2891 erga
1483 2814 1729 2869 earum
1792 2792 2104 2891 singulas
2156 2794 2247 2867 ab
2297 2793 2432 2871 hac

308 2910 570 2989 Sancta
603 2914 786 2991 Sede
835 2915 1236 2989 successive
1287 2911 1731 2987 admittetur.

474 3030 567 3105 At
601 3056 770 3108 vero
807 3056 970 3108 eum
1007 3032 1210 3131 plura
1255 3031 1777 3129 praedictarum
1802 3026 2245 3107 Dioecesium
2274 3030 2427 3105 loca

309 3146 748 3225 vicariorum
813 3148 1378 3247 Apostolicorum
1441 3147 1849 3221 auctoritati
1900 3168 1992 3221 ex
2040 3144 2231 3223 facto
2284 3168 2427 3219 non

303 3266 674 3357 suberant,
709 3288 874 3343 cum
911 3267 1312 3363 supradicta
1327 3262 1747 3341 ‘Conventio
1781 3263 2059 3339 firmata
2086 3276 2223 3350 est,
2261 3264 2429 3338 hinc

303 3388 750 3485 propositum
803 3397 1376 3483 conventumque
1409 3383 1572 3471 fuit,
1625 3394 1712 3457 ut
1761 3384 2033 3457 interea
2084 3384 2429 3479 temporis

301 3507 861 3582 extraordinaria
919 3526 1088 3603 erga
1139 3506 1386 3581 eadem
1439 3515 1723 3577 tantum
1784 3502 1936 3577 loca
1996 3526 2037 3575 a
2108 3502 2429 3579 Romano

304 3620 460 3698 Pon
471 3622 650 3699 tiflce
673 3622 1246 3701 committeretur
1267 3620 1654 3697 iurisdictio
1667 3618 2209 3716 Archiepiscopo
2238 3618 2429 3694 Goa-

303 3764 432 3828 no,
487 3739 580 3813 ab
630 3762 882 3838 eoque,
943 3740 1046 3814 uti
1076 3738 1438 3837 ·Delegato
1497 3736 1927 3834 Apostolico,
1981 3747 2431 3811 exerceretur

299 3859 398 3933 ad
451 3879 740 3933 sensum
792 3856 1272 3955 deputationis
1327 3880 1452 3953 per
1527 3854 1965 3952 Apostolicas
2030 3852 2304 3927 litteras
2356 3854 2431 3929 iu

293 3975 535 4053 forma
585 3976 834 4053 Brevis
875 3977 1015 4075 Ipsi
1055 3975 1444 4051 faciendae.

464 4094 644 4171 Cum
696 4098 870 4171 haec
923 4096 1196 4192 aliaque
1247 4095 1318 4167 in
1353 4091 1709 4191 religionis
1745 4092 2039 4177 bonum,
2080 4102 2155 4165 et
2188 4090 2435 4167 Eccle-

286 4214 450 4289 siae
479 4214 1059 4314 tranquillitatem
1089 4214 1160 4289 in
1192 4209 1403 4287 indiis
1429 4208 1903 4286 Orientalibus
1932 4222 2137 4308 pacta
2162 4220 2237 4283 et
2264 4232 2433 4287 san·-
