3317 5267
319 583 529 670 libus,
586 581 674 655 ad
724 577 949 655 Horas
989 579 1377 658 Canonicas
1437 579 1936 676 persolvendas
1991 469 2442 679 quoeumgfig

320 699 529 774 titulo
584 707 982 786 teneantur,
1022 699 1391 774 adsumere
1428 694 1762 784 debeant,
1810 697 2080 773 Romae
2121 699 2439 795 quidem,

322 827 535 912 atque
586 812 708 887 ubi
758 812 907 887 fieri
960 814 1331 889 commode
1368 812 1618 908 possit,
1658 812 1794 886 hoc
1828 813 1982 907 ipso
2039 837 2224 890 anno
2283 841 2448 891 ver-

327 943 525 1008 tente
566 984 587 1017 ‚
644 929 809 1003 alibi
864 955 1031 1006 vero
1084 931 1413 1027 sequenti
1467 952 1653 1004 anno
1707 927 2239 1006 MDCCCLXlV
2320 933 2454 1009 sub

322 1059 549 1144 poena
586 1043 827 1118 Divini
863 1045 1089 1120 Officii
1125 1069 1306 1123 onus
1342 1045 1639 1118 minime
1695 1046 2149 1142 adimplendi.
2190 1049 2454 1148 Nequis

323 1187 492 1238 vero
544 1173 829 1260 reputet
878 1163 1213 1259 peculiari
1267 1185 1716 1260 quocumque
1775 1152 1980 1238 titulo
2033 1166 2250 1239 etiam
2287 1191 2456 1264 spe-

322 1282 565 1356 ciatim
616 1280 1049 1376 designando
1103 1279 1505 1355 huiusmodi
1543 1279 1848 1377 generali
1901 1283 2453 1379 praescriptione

324 1400 619 1474 minime
670 1399 1207 1495 comprehendi,
1264 1401 1688 1473 auctoritate
1741 1397 1998 1474 Nostra
2053 1399 2455 1497 Apostolica

322 1515 689 1592 abolemus
730 1566 751 1603 ,
809 1527 883 1588 et
934 1513 1438 1611 proscribimus
1493 1515 1988 1612 quodcumque
2042 1516 2230 1592 aliud
2282 1517 2458 1592 offi-

326 1633 542 1721 cium,
598 1641 673 1706 et
708 1653 1233 1728 quamcumque
1272 1631 1481 1705 aliam
1520 1630 1811 1706 Missam
1863 1633 1952 1706 de
2004 1633 2454 1710 immaculata

326 1751 831 1848 Conceptione,
880 1752 1095 1824 etiam
1150 1755 1207 1826 si
1262 1751 1409 1826 sint
1460 1753 1639 1826 ritus
1693 1773 1736 1824 a
1791 1751 2112 1827 Romano
2165 1753 2454 1842 diversi,

324 1893 409 1944 ac
459 1868 628 1943 licet
676 1866 1009 1964 singulari
1064 1868 1433 1966 privilegio
1476 1891 1810 1944 concessa
1860 1867 2125 1942 fuerint
2155 1921 2186 1957 ,
2233 1871 2454 1946 etiam

320 1986 743 2081 cuicumque
794 1982 1037 2058 Ordini
1092 1985 1419 2082 regulari,
1458 2007 1540 2058 ac
1571 1982 1932 2081 jubemus,
1989 1997 2070 2059 ut
2122 1986 2196 2059 in
2251 1987 2457 2062 novis

322 2100 749 2180 editionibus
784 2101 1125 2175 Breviarii
1162 2114 1238 2175 et
1270 2101 1576 2177 Missalis
1630 2101 1768 2176 hoc
1819 2103 2034 2176 unice.
2061 2117 2460 2199 apponatur

317 2220 647 2296 Officium
700 2219 773 2291 in
824 2243 1119 2317 corpore
1171 2219 1512 2294 Breviarii
1532 2272 1555 2308 ,
1610 2231 1688 2294 et
1738 2217 1954 2294 Missa
2005 2222 2460 2317 imprimatur

314 2337 395 2412 -in
452 2359 743 2434 corpore
793 2336 1093 2412 Missalis
1130 2337 1243 2411 die
1282 2337 1441 2410 Vlll
1479 2320 1920 2426 Decembris}
1957 2339 2031 2412 in
2067 2343 2454 2437 appendice

322 2479 497 2532 vero
546 2453 848 2529 Missalis
900 2452 1113 2528 Missa
1166 2455 1253 2528 de
1313 2453 1561 2552 vigilia
1616 2455 1986 2528 adiiciatur
2040 2478 2188 2551 pro¹
2219 2455 2392 2530 locis
2431 2509 2454 2543 ,

318 2574 446 2650 ubi
498 2597 591 2648 ex
646 2572 1043 2670 Apostolica
1098 2574 1553 2648 concessione
1608 2571 1846 2668 vigilia
1899 2571 2317 2666 celebratur.
2357 2573 2457 2649 Et

320 2691 659 2790 quoniam
694 2688 1071 2763 nonnullae
1101 2687 1894 2785 Regulariumsamiliae
1920 2689 2140 2762 ritum
2167 2700 2457 2764 servant

318 2833 363 2884 a
420 2809 743 2885 Romano
790 2806 1151 2882 diversum
1184 2859 1207 2894 ,
1266 2806 1593 2892 volumus
1650 2821 1735 2880 ut
1787 2809 1980 2904 ipsae
2033 2795 2456 2904 quantocius

306 2927 645 3003 exhibere
700 2935 1078 2998 teneantur
1128 2921 1676 3020 Congregationi
1731 2923 2112 2998 Sacrorum
2158 2925 2454 3001 Rituum

310 3069 453 3144 pro
504 3056 907 3142 opportuno
962 3043 1291 3116 examine
1344 3055 1418 3115 et
1468 3042 1818 3115 revisione
1871 3043 2290 3131 additiones,
2329 3057 2456 3120 aut

326 3165 758 3240 variationes
790 3161 1072 3259 proprio
1108 3160 1274 3234 ritui
1299 3161 1834 3258 respondentes.
1867 3159 2056 3236 Haec
2093 3161 2453 3250 volumus,

328 3281 689 3380 jubemuS,
746 3280 1195 3370 mandamus,
1236 3278 1635 3367 contrariis,
1691 3279 1977 3374 speciali
2023 3279 2194 3354 licet
2243 3291 2460 3377 atque

306 3400 693 3475 ⁸individua
744 3398 1107 3473 mentione
1156 3397 1413 3495 dignis,
1451 3420 1594 3472 non
1658 3395 2108 3472 obstantibus
2161 3397 2458 3494 quibus·-

330 3538 749 3712 cumgalssum
807 3636 1079 3712 Romae
1140 3638 1324 3735 apud
1380 3637 1720 3713 Sanctum
1776 3637 2068 3712 Petrum
2123 3637 2256 3711 sub
2309 3636 2458 3712 An—

306 3757 505 3832 ·nulo
556 3756 939 3832 Piscatoris
1000 3757 1111 3832 die
1175 3755 1371 3830 XXV
1425 3757 1866 3854 Septembris
1928 3754 2459 3832 MDCCCLXHI

333 3872 806 3952 Pontificatus
830 3927 837 3937 »
858 3873 1095 3950 Nostri
1150 3874 1356 3951 Anno
1409 3873 1938 3952 Decimoctavo.

720 4187 731 4196 .
813 4111 901 4186 N.
961 4109 1240 4185 CARD.
1300 4111 1863 4188 PARACClANI
1919 4109 2374 4187 CLARELLI
