3317 5267
928 422 1071 495 llo

915 556 1153 617 tamen
1208 542 1552 617 incumbit
1586 594 1607 630 ‚
1665 540 2292 637 Archiepiscopum
2337 562 2426 615 ea
2483 542 2572 616 de
2641 564 2722 615 re
2775 539 3050 641 absque

916 682 1117 735 mora
1165 659 1543 732 certiorem
1596 656 1918 731 reddere.
1978 654 2184 746 Quod
2235 657 2298 731 si
2349 658 2424 731 in
2461 656 3054 733 Ecclesiasticum

917 776 1151 848 virum
1203 774 1455 849 mortis
1507 774 1621 847 vel
1671 771 1972 847 carceris
2033 772 2218 846 ultra
2266 773 2832 873 quinquennium
2909 774 3052 849 du-

910 894 1133 965 raturi
1184 894 1542 967 sententia
1595 892 1894 980 feratur,
1953 890 2498 987 Archiepiscopo
2549 914 2834 989 semper
2881 904 3046 968 acta

908 1010 1266 1085 iudiciaria
1342 1024 1555 1085 erunt
1638 1008 2226 1086 communicanda
2259 1059 2282 1096 ‚
2335 1020 2411 1083 et
2487 1010 3046 1084 condemnatum

908 1128 1237 1203 audiendi
1285 1128 1583 1203 facultas
1632 1129 1784 1216 fiet,
1841 1138 1924 1201 ut
1979 1126 2072 1201 de
2129 1144 2357 1222 poena
2408 1126 2884 1201 ecclesiastica
2933 1127 3046 1201 ei-

904 1245 1071 1321 de'm
1122 1248 1501 1347 infligenda
1576 1268 2006 1345 cognoscere
2059 1246 2314 1343 possit.
2383 1242 2536 1320 Hoc
2611 1246 2832 1335 idem,
2889 1245 3046 1321 An—

906 1367 1136 1442 tistite
1190 1379 1511 1465 petente,
1553 1362 2062 1465 praestabitur,
2092 1363 2152 1439 si
2203 1364 2440 1439 minor
2471 1386 2701 1461 poena
2751 1365 3040 1442 decreta

904 1483 1135 1559 fuerit·

1789 1713 1966 1790 Αιιτ.
2034 1714 2152 1788 vl.

1050 1952 1606 2051 Archiepiscopi‚
1648 1952 1834 2029 Cleri
1869 1966 1947 2028 et
1997 1955 2242 2053 populi
2279 1966 2534 2031 mutua
2569 1974 2732 2029 cum
2770 1952 3032 2031 Sancta

896 2074 1078 2149 Sede
1128 2074 1680 2149 communicatio
1715 2074 1790 2147 in
1825 2071 2040 2149 rebus
2079 2074 2573 2149 ecclesiasticis
2607 2071 2828 2147 libera
2861 2074 3026 2147 erit·

896 2193 1077 2267 Item
1115 2192 1704 2290 Archiepiscopus
1740 2216 1910 2267 cum
1950 2191 2140 2267 clero
2177 2205 2256 2267 et
2291 2192 2556 2290 populo
2579 2192 2802 2267 libero
2825 2214 3030 2267 com-

892 2309 1308 2383 municabit.
1364 2308 1545 2386 Hinc
1598 2310 2110 2385 instructiones
2189 2323 2266 2385 et
2325 2310 2810 2386 ordinationes
2889 2310 3030 2383 Ar-

886 2426 1344 2523 chiepiscopi,
1414 2452 1549 2503 nec
1606 2452 1752 2503 non
1823 2428 2092 2526 Synodi
2159 2430 2618 2503 dioecesanae
2651 2479 2674 2516 ‚
2727 2424 3024 2503 Concilii

890 2546 1339 2643 provincialis
1390 2558 1467 2622 et
1516 2547 1742 2645 ipsius
1793 2547 2098 2622 Sanctae
2151 2548 2354 2623 Sedis
2429 2560 2589 2621 acta
2641 2548 2732 2623 de
2803 2544 3024 2623 rebus

886 2661 1379 2739 ecclesiasticis
1432 2665 1583 2739 sine
1635 2666 1926 2762 praevia
1977 2665 2418 2763 inspectione
2471 2664 2586 2740 vel
2665 2662 3028 2762 adproba-

890 2782 1083 2857 tione
1134 2780 1471 2858 Gubernii
1526 2780 2105 2881 publicabuntur,

1761 3018 1936 3093 Aur.
1999 3017 2150 3093 Vll.

1042 3251 1623 3351 Archiepiscopus
1677 3276 1768 3328 ex
1819 3252 2086 3350 proprii
2137 3252 2510 3348 pastoralis
2563 3252 2772 3327 officii
2847 3273 3016 3325 mu-

882 3392 1051 3445 nere
1131 3372 1527 3469 religiosam
1582 3370 1969 3446 catholicae
2049 3370 2440 3444 iuventutis
2518 3380 2676 3443 tum
2741 3370 3016 3443 instru-

886 3488 1195 3562 ctionem
1250 3498 1405 3563 tum
1439 3489 1938 3564 educationem
1993 3486 2067 3559 in
2119 3486 2450 3559 omnihus
2485 3486 2746 3561 scholis
2771 3482 3012 3583 publi-

880 3608 983 3681 cis
1036 3616 1111 3678 et
1157 3605 1453 3702 privatis
1501 3607 1758 3702 diriget
1797 3657 1820 3692 ‚
1901 3614 1978 3677 et
2035 3626 2250 3701 super
2301 3613 2603 3701 utraque
2655 3602 3002 3698 vigilabit.

884 3721 1185 3797 Proinde
1236 3732 1530 3809 statuet,
1564 3724 1858 3820 quinam
1883 3722 1974 3795 ad
2009 3721 2410 3817 religiosam
2461 3721 3008 3798 instructionem

883 3836 1042 3911 libri
1116 3849 1191 3911 et
1262 3838 1676 3913 catechismi
1753 3836 2132 3913 adhibendi
2183 3836 2352 3909 sint.

1025 3954 1105 4025 ln
1154 3953 1413 4029 scholis
1462 3955 1934 4031 elementariis
1983 3953 2305 4049 religiosa
2359 3952 2730 4027 instructio
2769 3974 2812 4025 a
2848 3950 2992 4026 Pa-

878 4072 1109 4149 mchis
1164 4071 1479 4149 tradetur
1508 4124 1529 4162 ,
1584 4074 1657 4149 in
1711 4073 1994 4171 reliquis
2047 4072 2308 4149 scholis
2333 4071 2646 4149 ‘nonnisi
2697 4070 2788 4145 ab
2857 4070 2946 4147 iis
2975 4124 3000 4159 ,
