3317 5267
2226 361 2375 440 485

289 493 482 558 tatus
534 487 788 578 corpus
840 479 1095 566 inedia,
1151 476 1536 576 ferreisque
1587 477 1925 552 catenulis
1963 477 2376 574 castigabat.

287 601 370 674 ln
422 599 550 675 Dei
603 620 979 696 sacraeque
1031 597 1491 672 eucharistiae
1541 596 2131 691 contemplatione
2206 597 2383 672 defi-

288 741 426 792 xus
477 717 840 793 nocturnis
891 713 1190 789 fratrum
1227 713 1574 818 Minorum
1631 713 2033 810 diurnisque
2059 711 2385 810 precibus
2492 785 2499 792 .

287 834 504 910 choro
581 832 928 908 adstabat.
1039 830 1244 907 Domi
1333 853 1498 905 suae
1575 851 1921 926 pauperes
2004 854 2385 928 aegrosque

287 951 648 1049 excipiens
699 946 834 1024 iilis
863 948 968 1022 uti
1007 946 1286 1024 Christo
1337 946 1719 1022 serviebat.
1762 945 1987 1019 Urbes
2020 970 2185 1021 curn
2238 947 2389 1022 Mi·-

289 1067 576 1142 neribus
629 1089 886 1162 magno
939 1066 1338 1140 animarum
1389 1077 1693 1162 quaestu
1740 1063 2096 1150 lustravit,
2131 1065 2393 1138 fllium-

289 1209 428 1283 que
479 1209 688 1261 suum
739 1187 1026 1261 nomine
1079 1183 1458 1270 Thomam,
1513 1185 1839 1280 superins
1888 1197 2387 1270 memoratum,

289 1302 539 1378 habuit
589 1304 872 1377 virtutis
925 1326 1006 1377 ac
1058 1304 1404 1398 passionis
1457 1303 1755 1376 socium.

443 1423 508 1516 3.
567 1425 690 1494 29.
750 1420 1002 1495 Petrus
1080 1419 1494 1518 Sequexein.
1527 1419 1747 1494 Meaci
1800 1419 1974 1493 civis
2028 1419 2099 1492 in
2171 1417 2401 1515 Japo-

292 1537 433 1624 nia,
489 1551 764 1612 mature
801 1537 1075 1634 abjecta
1127 1539 1652 1635 superstitione,
1694 1535 1957 1611 Christi
1994 1537 2255 1610 assecla
2292 1535 2404 1607 fa-

291 1665 452 1728 ctus
501 1666 638 1728 est.
695 1649 1174 1729 Sanctimonia
1201 1666 1276 1727 et
1336 1655 1771 1750 poenitentia
1822 1651 2113 1728 illustris
2192 1654 2403 1724 tertio

289 1771 518 1844 sancti
570 1768 922 1844 Francisci
958 1769 1201 1844 Ordini
1253 1771 1650 1866 adscriptus
1688 1781 1823 1842 est.
1860 1769 2147 1843 Fratres
2176 1768 2408 1843 Mino-

293 1909 408 1962 res
463 1888 758 1985 diligens
787 1887 878 1961 ab
904 1911 1148 1964 eorum
1201 1890 1422 1962 latere
1450 1895 1815 2008 nunquan?
1846 1887 2193 1962 discessit.
2226 1885 2407 1960 Cum

291 2004 464 2100 ipsis
517 2006 591 2077 in
644 2007 922 2080 vincula
957 2006 1294 2102 conjectis
1327 1985 1828 2092 ministrasset,
1859 2019 2109 2103 captus
2146 2019 2220 2077 et
2256 2005 2407 2100 ipse

289 2123 614 2222 martyrii
667 2124 988 2196 lauream
1041 2125 1340 2220 adeptus
1391 2134 1526 2196 est.

447 2241 512 2335 3.
573 2241 694 2313 30.
751 2239 1048 2316 Cosmas
1107 2239 1416 2338 Requisa
1444 2264 1535 2315 ex
1565 2263 1786 2337 regno
1820 2242 1983 2316 Oari
2020 2241 2407 2318 clarissimo

293 2377 550 2451 genere
575 2368 784 2430 natus
820 2356 1212 2454 opibusque
1246 2356 1573 2443 refertus,
1603 2357 1929 2434 fortunae
1954 2361 2412 2434 conversione

291 2471 564 2548 balistis
617 2471 1067 2547 conficiendis
1125 2483 1356 2547 totum
1387 2497 1464 2546 se
1493 2474 1715 2548 dedit.
1759 2473 1977 2548 Meaci
2020 2478 2233 2550 vitam
2288 2477 2416 2548 de·-

291 2590 528 2686 gebat,
583 2613 748 2665 cum
801 2613 888 2666 eo
940 2602 1178 2688 patres
1229 2589 1677 2666 franciscales
1714 2593 2089 2668 devenere.
2124 2593 2303 2690 ipsis
2340 2597 2409 2666 in

293 2706 634 2782 coenobio
687 2707 1116 2782 aedificando
1167 2709 1582 2803 adjumento
1623 2707 1797 2783 fuit.
1838 2707 1916 2783 ln
1970 2712 2420 2784 catechizan-

293 2823 405 2896 dis
458 2825 694 2918 pueris
745 2824 1038 2898 emicuit
1080 2846 1099 2895 ε
1163 2822 1376 2899 tertio
1453 2826 1681 2897 sancti
1760 2823 2111 2901 Francisci
2174 2825 2421 2900 Ordini

293 2939 716 3035 adscriptus,
775 2940 1152 3038 seraphico
1209 2939 1403 3012 Patri
1457 2941 1847 3014 decennem
1900 2943 2123 3016 filium
2213 2965 2421 3016 suum
2515 2987 2519 2992 -

293 3053 578 3142 obtulit,
651 3067 734 3130 ut
801 3057 954 3152 ipse
1025 3078 1310 3153 quoque
1379 3057 1823 3131 catechistae
1890 3081 2183 3132 munere
2260 3058 2427 3132 sun-

294 3186 605 3270 geretur.
662 3173 1098 3271 Pauperibus
1150 3177 1222 3248 in
1276 3175 1707 3250 nosocomiis
1764 3174 2197 3250 inserviebat
2234 3179 2428 3252 assi-

293 3290 460 3377 due,
514 3286 910 3388 fratresque
961 3313 1048 3366 eo
1099 3292 1486 3387 interprete
1540 3291 1963 3366 utebantur.

449 3407 515 3500 3.
574 3409 696 3480 31.
755 3407 1166 3482 Franciscus
1220 3406 1604 3482 Fabelante
1645 3407 2175 3506 Campiutensis
2219 3427 2429 3487 sutor

299 3523 650 3600 virtutum
701 3526 1024 3600 omnium
1052 3526 1256 3601 laude
1295 3529 1867 3601 commendatus.
1914 3525 2244 3603 Fratrum
2292 3531 2430 3605 Mi-

295 3663 552 3717 norum
613 3643 953 3719 coenobio
1033 3645 1251 3720 Meaci
1337 3646 1775 3720 aedificando
1860 3669 2149 3744 operam
2198 3673 2433 3724 suam

295 3761 678 3855 praestitit,
733 3762 824 3834 ab
872 3763 1102 3862 iisque
1169 3765 1384 3838 tertio
1468 3766 1816 3860 seraphici
1886 3763 2121 3840 Patris
2183 3765 2433 3840 Ordini

299 3875 802 3952 adnumeratus
853 3890 991 3952 est.
1051 3877 1203 3977 Caji
1256 3879 1330 3953 in
1369 3879 1727 3954 Francisci
1767 3904 2029 3965 nomen
2076 3883 2438 3986 immutass-

295 3991 429 4064 vit.
508 3990 712 4069 Anno
762 3993 1322 4070 MDLxxxxvl
1375 4019 1416 4068 a
1476 4007 1679 4092 patre
1732 3998 2076 4073 Martinez
2118 3999 2441 4074 Societa-

299 4109 396 4180 tis
471 4109 644 4185 Jesu
706 4114 940 4208 primo
1009 4111 1352 4210 Japoniae
1445 4116 1787 4213 episcopo
1872 4117 2164 4192 confirm
2179 4097 2437 4192 ationis
