3317 5267
2297 463 2439 536 517

327 575 692 654 Trinitatis
741 601 783 650 a
819 578 1116 676 captivis
1153 575 1669 672 recuperandis,
1709 545 2433 672 quem⁸sacratissima

331 695 788 772 Pentecostes
837 696 950 769 die
1003 704 1413 769 sanctorum
1475 691 1636 767 albo
1694 691 1945 768 ‘libenti
2009 695 2245 769 animo
2308 700 2447 772 ad·-

328 817 762 912 scripsimus.

485 934 553 1028 §.
609 939 683 1007 2.
740 931 962 1006 Vichii
1019 931 1088 1003 in
1141 929 1474 1027 Hispania
1529 931 1868 1016 citeriore,
1908 953 2089 1008 anno
2142 957 2182 1007 a
2236 945 2443 1034 partu

334 1047 638 1147 Virginis
673 1049 1245 1146 quingentesimo
1282 1050 1741 1144 nonagesimo
1778 1050 2005 1145 primo
2041 1073 2253 1148 supra
2288 1053 2449 1124 mil-

327 1167 656 1240 lesimum
708 1167 820 1240 die
871 1189 1066 1238 sacra
1123 1165 1385 1262 inclyto
1437 1165 1763 1240 coelestis
1818 1165 2109 1241 militiae
2142 1169 2301 1242 duci
2332 1193 2453 1241 or-

329 1296 448 1360 tus
497 1294 609 1360 est
663 1284 982 1358 Michael.
1041 1281 1378 1357 Parentes
1431 1279 1681 1355 habuit
1718 1281 2097 1358 Henricum
2134 1282 2454 1381 Argemi-

331 1401 517 1474 rium
597 1413 672 1474 et
748 1398 1198 1495 Murgan-itam
1275 1397 1799 1473 Monserradam
1860 1421 2141 1474 morum
2194 1403 2455 1496 pietate

333 1541 418 1592 ac
467 1541 720 1614 genere
771 1519 1112 1613 insigneS‚
1169 1536 1398 1612 neque
1454 1517 1560 1587 uti
1611 1515 1781 1588 olim
1832 1515 2097 1592 divitiis
2164 1519 2459 1592 affluen-
2594 1527 2613 1546 ·

335 1649 472 1712 tes.
539 1634 718 1710 Octo
781 1645 1180 1731 genuerunt
1237 1631 1442 1718 filios,
1519 1653 1825 1728 quorum
1895 1629 2241 1730 septimus
2310 1634 2459 1708 Mi·-

337 1754 562 1840 chael,
619 1751 1030 1826 lustralibus
1081 1751 1286 1824 undis
1338 1747 1620 1824 ablutus
1655 1751 1879 1845 pridie
1916 1751 2065 1824 Kal.
2105 1751 2457 1840 Octobri&

340 1871 612 1966 integro
665 1869 854 1940 vitae
905 1891 1033 1941 suo
1085 1865 1427 1941 curriculo
1490 1868 1667 1938 mira
1734 1867 2075 1942 virtutum
2142 1872 2458 1945 omnium

335 1988 539 2084 copia
599 1981 884 2061 effulsit.
959 1985 1016 2058 A
1081 1985 1342 2059 teneris
1401 1987 1799 2082 unguiculis
1858 1987 2098 2063 divino
2172 1989 2461 2062 numine

337 2105 614 2180 afflatus
665 2103 814 2180 Deo
867 2125 944 2177 se
996 2104 1428 2200 mancipavit
1477 2127 1560 2176 ac
1613 2128 1993 2200 puerorum
2032 2127 2227 2180 more
2266 2115 2457 2178 totus

337 2224 412 2296 in
465 2219 618 2316 ejus
669 2221 882 2294 arulis
933 2217 1266 2293 ornandis
1325 2243 1368 2292 e
1429 2219 1821 2295 sublimiori
1888 2222 2239 2295 interdum
2308 2223 2463 2296 loco

335 2349 612 2414 ceteros
663 2339 748 2411 ad
801 2339 1088 2434 pietatis
1145 2335 1588 2434 virginisque
1641 2361 1959 2413 amorem
2012 2335 2241 2413 infans
2294 2340 2463 2413 hor-

339 2459 643 2532 tabatur.
699 2457 1078 2552 septennis
1131 2455 1478 2552 Deiparae
1543 2457 1893 2531 humanae
1954 2458 2128 2532 labis
2190 2461 2465 2534 nesciae

345 2575 824 2670 virginitatem
887 2595 1090 2646 suam
1157 2573 1382 2660 vovit,
1451 2585 1793 2670 tantoque
1856 2576 1928 2648 in
1998 2598 2157 2648 eam
2229 2599 2470 2652 amore

343 2693 636 2779 exarsit,
691 2703 774 2766 ut
825 2693 912 2765 de
968 2692 1232 2787 nuptiis
1287 2715 1416 2765 nec
1468 2713 1596 2787 per
1644 2693 1883 2788 jocum
1938 2696 2223 2790 quidem
2263 2719 2303 2768 a
2338 2719 2471 2792 pa-

343 2819 546 2884 rente
597 2809 788 2905 loqui
852 2831 1104 2906 passus
1165 2809 1284 2880 sit.
1354 2803 1509 2895 Quo
1573 2811 1801 2904 magis
1867 2811 2219 2884 solitariae
2282 2812 2471 2886 vitae

345 2926 728 3021 asperitate
782 2924 1208 3020 virginitatis
1243 2922 1466 2996 lilium
1505 2921 1853 2996 illibatum
1892 2939 2235 3013 servaret,
2274 2949 2474 3002 asce-

355 3054 583 3114 tarum
635 3041 966 3136 exempla
1046 3050 1390 3136 sequutus
1423 3091 1442 3124 ,
1499 3040 1943 3114 Monsenium
2022 3043 2096 3114 in
2150 3058 2472 3120 montem

351 3181 430 3233 se
455 3159 777 3244 contulit,
811 3171 1240 3256 antrumque
1291 3159 1497 3255 petiit
1551 3159 2043 3232 austeritatum
2098 3165 2323 3235 sancti
2374 3163 2477 3236 Si-

353 3277 704 3374 gismundi
743 3275 1191 3372 Burgundiae
1231 3276 1414 3372 regis
1453 3275 1854 3362 conscium,
1894 3297 2106 3372 quem
2142 3301 2283 3351 una
2317 3303 2479 3353 cum

341 3394 708 3490 seraphieo
762 3392 968 3468 Patre
1027 3395 1450 3468 imitandum
1505 3392 1638 3468 sibi
1690 3407 2180 3491 proposuerat.
2222 3397 2331 3471 Rc
2356 3423 2480 3474 co-

351 3511 550 3608 gnita
602 3511 905 3606 genitor,
971 3511 1337 3601 sollicitus,
1401 3512 1522 3610 qui
1585 3511 1783 3586 illum
1848 3513 1970 3586 diu
2036 3514 2482 3612 multumque

351 3629 827 3728 quaesiverat,
886 3629 1402 3704 adolescentem
1463 3629 1912 3726 provolutum
1969 3631 2036 3703 in
2092 3653 2321 3727 genua
2355 3633 2486 3706 ob-

353 3749 592 3847 jurgat
643 3749 766 3846 qui
817 3749 1288 3845 lacrymarum
1343 3751 1488 3821 vim
1521 3747 1888 3824 effundens
1920 3749 2199 3822 veniam
2229 3750 2487 3846 implo-

207 3903 218 3912 ·
353 3879 492 3955 rat,
549 3867 878 3963 patrique
931 3869 1180 3962 aperit,
1235 3891 1313 3940 se
1366 3891 1452 3942 eo
1503 3865 2019 3954 devenisse,”ut
2082 3867 2177 3941 ibi
2240 3869 2493 3963 poeni-

357 3993 636 4057 tentem
695 3985 917 4057 vitam
979 3983 1264 4060 liberius
1327 3999 1592 4083 ageret,
1664 3985 2069 4082 Christique
2132 3985 2489 4087 cruciatus

357 4101 567 4176 altius
623 4113 1004 4197 repeteret.
1063 4101 1348 4176 Parenti
1404 4125 1674 4178 morem
1733 4107 1940 4199 gerit,
2008 4113 2083 4176 et
2142 4124 2356 4199 quam
2418 4103 2491 4174 in

359 4217 648 4293 deserto
701 4221 988 4316 pietatis
1045 4220 1372 4318 vitaeque
1409 4221 1752 4296 rationem
1790 4220 2111 4308 imvm-at,
2154 4219 2493 4294 obediens
