3317 5267
2299 439 2441 512 637

306 560 583 656 ctisqne
612 555 903 646 viribuS,
936 581 1351 656 germanam
1388 557 1775 632 catholicae
1821 555 2180 632 Ecclesiae
2221 557 2455 630 scien-

309 680 485 752 tiam
523 689 1049 775 promoverent,
1080 699 1381 774 eamque
1420 697 1459 748 a
1514 673 1828 760 nefarii&
1861 657 1944 748 ac
2003 673 2457 771 perniciosis-

307 797 507 870 simis
587 807 697 870 tot
773 795 1334 870 adversariorum
1420 791 1870 889 opinionibus
1945 791 2456 888 conatibusque

310 899 756 975 vindicarent
787 950 808 987 ,
890 911 966 976 et
1044 897 1530 982 defenderent.
1612 895 1752 973 Sed
1841 895 1915 968 in
1986 895 2121 969 hac
2173 894 2456 977 sublimi

312 1015 661 1112 Principis
747 1015 1243 1112 Apostolorum
1315 1012 1671 1088 Cathedra
1761 1011 1928 1086 licet
2005 1012 2463 1094 immerentes

315 1133 637 1218 collocati,
739 1133 1149 1229 asperrimis
1220 1131 1415 1216 hisce
1473 1127 1912 1225 temporibus
1951 1179 1972 1218 ,
2026 1126 2281 1224 quibus
2332 1125 2465 1206 Sa-

316 1273 599 1326 crorum
691 1249 1117 1326 Antistitum
1213 1248 1596 1324 auctoritas
1636 1297 1657 1340 ,
1749 1247 1810 1320 si
1861 1267 2176 1342 unquam
2260 1243 2458 1334 alias,

315 1367 401 1441 ad
496 1367 853 1443 unitatem
944 1377 1022 1440 et
1122 1366 1609 1463 integritatem
1710 1363 2096 1448 catholicae
2196 1364 2466 1440 doctri-

314 1507 451 1570 nae
503 1485 1043 1570 custodiendam
1134 1483 1248 1567 vel
1300 1484 1614 1564 maxime
1687 1493 1800 1559 est
1850 1483 2297 1570 necessaria,
2389 1492 2465 1557 et

314 1601 407 1676 ab
458 1603 791 1681 omnibus
828 1613 1019 1679 sarta
1073 1614 1261 1681 tecta
1298 1601 1567 1686 servari
1622 1597 1868 1686 debet,
1901 1625 2042 1676 non
2096 1601 2496 1699 potuimus-

318 1747 461 1800 non
516 1724 983 1800 vehementer
1018 1724 1267 1799 mirari
1326 1723 1648 1800 videntes
1703 1723 2076 1806 memorati
2131 1721 2465 1796 Conven-

320 1855 440 1922 tus
496 1842 997 1918 invitationem
1056 1841 1337 1940 privato
1392 1840 1680 1926 nomine
1734 1841 1998 1923 saetam,
2049 1852 2124 1920 et
2145 1841 2467 1936 promul-

318 1973 589 2056 getam,
648 1960 823 2058 quin
883 1959 1033 2039 0110
1085 1959 1301 2036 modo
1354 1960 1826 2044 intercederet
1877 1957 2222 2053 impulsus
2251 2010 2274 2044 ,
2339 1980 2470 2038 au,-

316 2079 641 2165 ctoritas,
700 2089 777 2152 et
829 2078 1078 2154 missio
1119 2076 1635 2160 ecclesiasticae
1685 2077 2088 2173 potestatis,
2125 2077 2214 2156 ad
2251 2097 2465 2174 quam

322 2197 635 2292 proprio,
692 2220 773 2272 00
808 2199 1055 2271 nativo
1106 2197 1255 2277 iure
1319 2195 1525 2274 unice
1588 2196 1900 2292 pertinet
1949 2195 2327 2290 advigilare
2387 2217 2468 2272 00

316 2313 619 2408 ‹litiget-e
673 2313 1235 2410 theologicarum
1294 2313 1718 2409 praesertim
1768 2335 2004 2392 rerum
2043 2314 2464 2392 doctrinam.

327 2429 527 2523 Quae
578 2454 749 2514 sane
800 2456 941 2518 res,
999 2442 1083 2508 ut
1134 2431 1405 2528 optime
1456 2430 1718 2520 neseis,
1773 2433 2064 2514 omnino
2117 2453 2326 2520 nora.
2381 2453 2466 2511 00

323 2572 615 2647 prorsus
658 2551 999 2633 inusitata
1050 2549 1123 2630 in
1176 2548 1494 2629 Ecclesia
1549 2561 1685 2630 est.
1747 2547 1980 2648 Atque.
2031 2549 2284 2630 iccirco
2335 2573 2467 2628 vo-

324 2669 617 2758 luimus,
675 2669 803 2757 Te,
862 2666 1298 2748 Venerabilis
1351 2667 1601 2745 Frater
1638 2719 1659 2756 ,
1715 2691 2008 2748 noeeeoe.
2081 2667 2267 2746 hanc
2317 2667 2464 2746 No·-

318 2799 553 2868 ctram
604 2787 823 2870 fuisse
872 2787 1331 2875 sententiam,
1390 2797 1474 2863 ut
1520 2809 1686 2864 cum
1739 2810 1784 2864 a
1812 2787 1942 2872 Te,
1980 2798 2136 2868 tum
2189 2787 2282 2865 ab
2307 2785 2462 2864 aliis

330 2903 863 2986 venerabilibus
917 2902 1289 2984 Fratribus
1340 2902 1718 2982 Sacrorum
1773 2908 1846 2980 in
1901 2901 2278 2986 (lemania
2317 2901 2468 2978 An-

338 3023 683 3100 tistitibus
733 3021 955 3120 probe
1008 3022 1299 3100 iudicari
1352 3032 1595 3117 posset
1644 3021 1738 3096 de
1789 3043 2006 3118 scopo
2091 3045 2222 3118 per
2271 3019 2464 3097 Con-

328 3151 588 3216 ventus
638 3163 1091 3238 programma
1140 3139 1539 3226 enuntiato,
1592 3140 1653 3214 ei
1707 3161 1966 3236 nempe
2033 3139 2196 3214 talis
2248 3153 2464 3230 000οι,

332 3270 415 3333 ut
474 3281 711 3336 veram
762 3259 1121 3336 Ecclesiae
1156 3257 1539 3336 utilitatem
1570 3255 1878 3348 afferret.
1917 3255 2188 3340 Eodem
2225 3269 2468 3334 autem

336 3389 658 3473 tempore
712 3377 886 3450 certi
942 3399 1250 3462 eramus,
1309 3374 1439 3462 Te,
1496 3371 1934 3453 Venerabilis
1990 3372 2045 3447 F
2049 3385 2286 3474 mter„
2338 3397 2468 3472 pro

336 3496 671 3592 pastorali
726 3497 879 3571 Tua
930 3495 1397 3571 sollicitudine
1450 3517 1537 3570 ac
1584 3495 1737 3568 zelo
1791 3494 2028 3572 omnia
2053 3495 2340 3570 consilia
2393 3506 2470 3570 et

334 3613 571 3687 studia
628 3635 785 3688 esse
849 3611 1331 3689 adhibiturum
1370 3663 1391 3699 ,
1476 3634 1565 3688 ne
1619 3611 1692 3683 in
1761 3611 2013 3688 codem
2093 3607 2468 3686 Conveni-u

336 3742 491 3806 tum
545 3729 937 3815 catholicae
982 3728 1141 3808 fidei
1220 3753 1302 3806 ac
1378 3729 1742 3806 doetrinae
1797 3730 2168 3826 integritas
2208 3781 2232 3816 ,
2311 3739 2466 3804 tum

342 3849 770 3940 obedientia,
828 3872 1041 3948 quam
1096 3872 1345 3926 omnes
1398 3851 1736 3947 cuiusque
1787 3849 2033 3926 0100010
2079 3859 2156 3923 et
2224 3849 2472 3924 eondi-

338 3968 553 4042 tionis
604 3968 929 4043 catholici
992 3968 1317 4044 homines
1369 3965 1728 4044 Ecclesiae
1757 3965 2159 4042 auctoritati
2187 3989 2270 4043 ao
2307 3987 2472 4040 ma-

338 4086 631 4183 gisterio
684 4096 1042 4182 praestare
1097 4085 1391 4161 omnino
1426 4081 1717 4170 debent,
1762 4083 1874 4158 vel
1926 4083 2302 4160 minimum
2329 4081 2474 4160 de·-

340 4205 759 4278 trimcntum
814 4215 1173 4300 caperent.
1236 4203 1334 4277 Ac
1384 4201 1827 4277 dissimulare
1881 4224 2022 4276 non
2062 4223 2466 4296 possumus,

340 4345 487 4398 non
536 4321 813 4397 levibus
866 4319 1009 4397 Nos
1044 4321 1385 4418 angustiis
1422 4319 1710 4394 affectos
1737 4315 1980 4406 fuisse,
2017 4317 2470 4416 quandoqui-
