3317 5267
2242 487 2390 561 483

277 605 706 686 admirabilis
733 607 1149 706 patientiae,
1191 607 1494 686 invictae
1549 609 1975 686 fortitudinis
2030 621 2104 684 et
2154 608 2388 682 maxi-

279 751 438 802 mae
487 726 801 801 caritatis
855 727 1184 824 exempla
1237 725 1497 825 ubique
1548 728 1895 826 praebuit.

432 843 496 936 §t
534 843 656 915 23.
697 841 778 915 In
813 852 1013 916 vasta
1065 854 1276 940 atque
1305 843 1580 940 patenti
1619 843 1825 918 Asiae
1860 844 2169 939 regione,
2208 863 2389 939 quae

281 956 510 1034 Corea
560 957 980 1055 appellatur,
1009 981 1330 1056 quaeque
1370 958 1413 1031 J
1416 961 1746 1056 aponiam
1773 970 2203 1055 prospectat,
2242 959 2387 1032 cla-

209 1115 224 1132 ·
277 1077 580 1150 rissimis
631 1075 1043 1172 parentibus
1093 1090 1305 1153 natus
1359 1091 1472 1152 est
1521 1075 1667 1154 Leo
1716 1075 2125 1154 Carazuma.
2184 1077 2391 1150 Ado-

277 1193 550 1267 lescens
605 1193 950 1267 idolorum
1005 1195 1292 1270 servitio
1330 1207 1705 1291 parentum
1753 1194 1956 1291 jussu
1992 1217 2067 1268 se
2119 1193 2393 1266 manci-

199 1301 208 1308 ’
280 1310 500 1408 pavit.
537 1306 1008 1406 Trigesimum
1043 1309 1296 1407 agebat
1347 1313 1601 1387 aetatis
1640 1334 1934 1398 annum,
1969 1333 2131 1384 cum
2168 1309 2391 1382 menti

279 1427 462 1502 iilius
513 1428 938 1501 christianae
1001 1429 1322 1502 veritatis
1385 1430 1507 1504 lux
1563 1429 1847 1504 effulsit.
1916 1429 2145 1503 Tanto
2214 1451 2391 1524 per-—

278 1545 603 1622 fectionis
655 1544 904 1619 ardore
939 1544 1286 1641 flagravit,
1327 1561 1410 1621 ut
1461 1557 1817 1621 annuente
1870 1544 2084 1621 nobili
2138 1545 2392 1641 piaque

279 1661 615 1749 foemina,
647 1660 1020 1758 quamsibi
1051 1663 1121 1734 in
1153 1666 1600 1739 matrimonio
1625 1665 1982 1762 junxerat,
2013 1685 2154 1738 non
2182 1662 2395 1736 modo

283 1777 579 1852 celibem
615 1777 864 1851 deinde
905 1779 1121 1850 vitam
1151 1779 1456 1868 duxerit,
1485 1783 1610 1855 sed
1646 1783 1861 1853 etiam
1892 1779 2117 1852 sancti
2158 1775 2391 1850 Fran-

277 1895 448 1972 cisci
465 1896 868 1970 institutum
891 1896 1154 1992 ingredi
1172 1899 2024 2000 postulaverim-sacrisque
2045 1896 2227 1970 votis
2246 1893 2393 1968 Deo

273 2040 358 2090 se
412 2016 644 2112 magis
697 2015 1152 2112 adstringere.
1205 2017 1260 2091 A
1285 2031 1484 2114 patre
1539 2018 1753 2093 Petro
1806 2017 2126 2113 Baptista
2182 2017 2395 2090 tertio

279 2132 530 2208 Ordini
571 2131 788 2206 Meaci
843 2133 1264 2230 adscriptuS,
1307 2159 1443 2211 non
1499 2136 1713 2210 modo
1772 2133 1985 2208 verbo
2020 2145 2094 2207 et
2144 2153 2395 2206 exem-

275 2250 400 2348 plo
439 2249 956 2345 poenitentium
992 2247 1328 2325 Ordinem
1357 2253 1590 2349 ipsum
1629 2251 2067 2348 propagavit,
2106 2250 2230 2323 sed
2267 2271 2395 2321 re·-

278 2367 478 2463 liquo
527 2365 716 2437 vitae
755 2387 921 2438 suae
975 2366 1204 2461 spatio
1239 2365 1683 2441 franciscales
1712 2367 1813 2440 uti
1866 2387 2104 2440 comes
2158 2376 2231 2438 et
2282 2365 2394 2437 in-

280 2493 556 2578 terpres
610 2490 952 2577 sequutus
1007 2495 1145 2554 est.

440 2597 504 2690 §.
565 2599 690 2668 24.
745 2595 1046 2672 Mathias
1107 2596 1531 2694 Japonensis
1585 2623 1673 2672 ex
1728 2599 2073 2674 Meacensi
2128 2597 2301 2672 urbe
2354 2619 2395 2669 a

283 2712 604 2809 patribus
679 2711 1048 2786 Societatis
1119 2713 1290 2788 Jesu
1339 2713 1773 2811 baptizatae,
1828 2715 1943 2812 pie
2014 2725 2394 2811 sancteque

284 2828 596 2902 vivebat.
641 2829 774 2902 Ubi
805 2831 1110 2924 primum
1141 2831 1396 2905 fratres
1433 2831 1739 2907 Minores
1776 2833 2171 2928 conspexit,
2204 2854 2399 2927 aspe-

281 2969 445 3020 rum
490 2945 844 3036 habitum,
885 2949 1118 3023 nudos
1155 2951 1396 3046 pedes,
1439 2949 1919 3046 virtutemque
1956 2971 2203 3024 eorum
2258 2949 2399 3021 ad·-

283 3065 582 3138 miratus
607 3063 744 3137 inis
781 3089 858 3138 se
895 3065 1233 3139 comitem
1273 3065 1490 3140 dedit.
1524 3064 1868 3138 Mundum
1906 3087 2123 3162 seque
2159 3066 2395 3160 ipsum

281 3194 750 3257 contemnens
800 3184 1238 3279 paupertatis
1317 3205 1400 3257 ac
1449 3181 1927 3278 poenitentiae
1980 3181 2225 3256 ardore
2278 3201 2401 3254 ae·-

255 3297 596 3373 ·stuabat:
637 3297 966 3373 omnibus
1023 3300 1214 3372 tertii
1265 3299 1547 3373 Ordinis
1599 3299 1827 3372 sancti
1880 3297 2234 3372 Francisci
2288 3297 2403 3369 in-

281 3415 674 3489 citamento
725 3415 811 3488 ad
868 3417 1206 3490 virtutem
1235 3426 1413 3491 erat.
1456 3415 1699 3512 Neque
1756 3415 1951 3490 illum
2006 3415 2159 3490 sine
2208 3436 2405 3487 mer-

286 3531 458 3605 cede
487 3531 767 3626 reliquit
805 3528 1017 3604 Deus:
1052 3545 1302 3628 eaptus
1332 3532 1518 3605 enim
1550 3555 1590 3604 a
1626 3531 2071 3620 satellitibuS,
2110 3534 2228 3629 qui
2268 3529 2405 3604 Mi-

287 3671 542 3722 norum
573 3647 988 3722 coenobium
1015 3649 1462 3736 obsederant,
1494 3649 1726 3724 locum
1760 3649 2048 3723 alterius
2100 3648 2407 3723 Mathiae

291 3766 605 3842 absentis
657 3766 874 3840 subiit
927 3769 1248 3865 martyrii
1303 3767 1536 3865 palma
1589 3779 2000 3842 exornatus.

449 3881 514 3974 S.
573 3885 698 3954 25.
757 3879 1100 3957 Antonius
1156 3883 1629 3980 Nangasachii
1685 3882 1995 3955 natalem
2048 3881 2237 3955 diem
2274 3879 2407 3951 ha-

291 3995 473 4085 buit,
527 4009 834 4072 matrem
906 3999 1405 4096 Japonensem,
1480 4010 1757 4104 patrem
1814 4022 1983 4073 vero
2043 3997 2133 4070 ab
2184 3995 2435 4073 India..

289 4112 478 4189 Puer
527 4116 894 4193 abhorruit
945 4141 988 4190 a
1039 4117 1244 4192 ludis:
1303 4116 1594 4213 flagellis
1645 4118 2141 4214 corpusculum
2196 4135 2404 4189 suum

289 4233 660 4330 affligebat.
705 4235 1090 4332 Singularis
1127 4236 1200 4307 in
1236 4257 1322 4310 eo
1356 4232 1492 4310 fuit
1543 4237 1889 4310 castitatis
1918 4259 2145 4323 amor,
2186 4257 2401 4332 quam
