3317 5267
892 373 1037 440 456

885 488 1176 585 gitimae
1211 485 1550 584 cuiusque
1579 484 2035 582 proprietatis
2062 485 2212 557 iura
2252 483 2609 570 invadere,
2648 483 3013 560 destruere

885 603 1352 690 contendunt,
1409 626 1491 676 ac
1543 623 1917 700 perperam
1974 603 2215 678 animo
2248 613 2326 676 ct
2376 602 2809 696 cogitatione
2862 627 3029 677 con·

890 721 1172 816 fingunt
1221 729 1295 792 et
1351 719 1831 814 imaginantur
1884 720 2001 792 ius
2050 717 2403 816 quoddam
2430 713 2656 788 nullis
2704 717 3025 792 circum-

885 839 1234 936 scriptum
1297 834 1673 924 limitibus,
1726 857 1871 934 quo
1920 835 2349 932 reipublicae
2402 834 2689 909 Statum
2760 835 3025 931 pollere

891 956 1338 1041 existimant,
1393 975 1608 1050 quem
1664 953 1985 1028 omnium
2038 953 2297 1026 iurium
2351 953 2697 1048 originem
2734 965 2813 1026 et
2862 951 3025 1028 son·

892 1085 1036 1146 tem
1091 1093 1246 1145 esse
1305 1083 1569 1145 temere
1621 1069 2077 1144 arbitrantur.

1047 1187 1232 1264 Dum
1291 1211 1458 1264 vero
1510 1189 1641 1263 hos
1696 1189 2112 1284 praecipuos
2169 1185 2689 1260 infelicissimae
2728 1199 3025 1262 nostrae

887 1305 1146 1379 aetatis
1199 1328 1472 1379 errores
1507 1305 1829 1379 dolenter
1870 1325 1953 1376 ac
2006 1302 2267 1398 raptim
2304 1303 2877 1398 perstringimuS,
2906 1327 3025 1376 re-

897 1445 1186 1498 censere
1239 1424 1670 1509 omittimus,
1728 1419 2183 1494 venerabiles
2238 1417 2522 1492 Fratres
2554 1471 2576 1506 ‚
2662 1433 2771 1496 tot
2848 1421 3025 1494 alias

889 1540 1038 1614 fere
1089 1538 1634 1614 innumerabiles
1688 1537 2035 1610 falsitates
2088 1549 2165 1610 et
2218 1533 2500 1612 fraudes
2540 1535 2757 1612 Vobis
2792 1539 3026 1634 appri-
3130 1533 3135 1536 ’

894 1679 1012 1733 me
1063 1671 1270 1734 notas
1323 1681 1405 1732 ac
1461 1669 1897 1754 perspectae,
1954 1654 2211 1753 quibus
2294 1652 2423 1728 Dei
2504 1655 3023 1753 hominumque

886 1779 1130 1854 hostes
1183 1799 1334 1852 rem
1390 1789 1544 1850 tum
1597 1797 1873 1852 sacram
1926 1789 2083 1849 tum
2122 1773 2477 1871 publicam
2522 1774 2912 1870 pertubare
2948 1787 3023 1850 et

885 1895 1282 1972 convellere
1331 1895 1815 1971 connituntur.
1880 1893 1979 1966 Ac
2030 1893 2311 1966 silentio
2362 1893 3019 1988 praetermittimus

885 2015 1312 2112 multiplices
1363 2015 1957 2111 gravissimasque
2010 2012 2325 2096 iniuriae,
2360 2010 2790 2098 calumnias,
2830 2035 3019 2086 con-

891 2137 1094 2223 vicia,
1135 2133 1392 2233 quibus
1417 2157 1653 2208 sacros
1690 2133 2049 2208 Ecclesiae
2074 2131 2465 2217 ministros,
2496 2141 2572 2202 et
2601 2130 2793 2204 hanc
2826 2129 3021 2226 Apo-

884 2255 1206 2330 stolicam
1261 2255 1515 2329 Sedem
1569 2253 1949 2329 dilacerare
1984 2264 2061 2326 et
2097 2250 2427 2325 insectari
2466 2271 2608 2324 non
2644 2249 3007 2324 desinunt.

889 2373 1074 2446 Nihil
1128 2373 1490 2472 loquimur,
1533 2373 1622 2448 de
1676 2374 1917 2471 iniqua
1968 2393 2141 2444 sane
2179 2370 2565 2466 hypocrisi,
2600 2391 2741 2466 qua
2810 2369 3018 2444 sune-

887 2492 1242 2565 stissimae
1296 2492 1366 2563 in
1419 2491 1622 2564 ltalia
1675 2491 2095 2587 praesertim
2148 2487 2701 2585 perturbationis
2752 2509 2839 2562 ac
2898 2511 3015 2561 re-

885 2604 1212 2682 bellionis
1261 2607 1475 2681 duces
1529 2619 1604 2680 et
1655 2607 2003 2682 satellites
2056 2605 2412 2690 dictitant,
2468 2627 2545 2677 se
2602 2603 2807 2690 velle,
2875 2603 3017 2678 Ec·

887 2727 1175 2800 clesiam
1228 2749 1354 2800 sua
1397 2727 1699 2823 gaudere
1736 2725 2100 2812 libertate,
2138 2724 2309 2798 dum
2346 2722 2685 2819 sacrilego
2720 2743 3011 2818 prorsus

887 2867 1063 2918 ausu
1116 2844 1354 2917 omnia
1407 2843 1625 2938 ipsius
1662 2841 2021 2919 Ecclesiae
2076 2843 2227 2914 iura
2278 2853 2353 2914 et
2430 2839 2621 2936 leges
2697 2840 3012 2937 quotidie

889 2963 1114 3058 magis
1167 2961 1601 3057 proculcant,
1659 2963 1959 3060 eiusque
2006 2959 2200 3035 bona
2236 2959 2609 3054 diripiunt,
2646 2969 2721 3032 et
2756 2958 3013 3034 Sacro-

885 3103 1047 3156 rum
1103 3079 1506 3168 Antistites,
1583 3079 2239 3176 ecclesiasticosque
2293 3078 2483 3151 viros
2532 3099 2665 3151 suo
2718 3099 3015 3152 munere

887 3199 1242 3295 praeclare
1291 3197 1671 3295 fungentes
1723 3221 2009 3295 quoquo
2062 3196 2275 3270 modo
2324 3194 2665 3270 divexant
2694 3247 2719 3281 ,
2796 3208 2872 3268 et
2940 3195 3013 3268 in

885 3311 1240 3388 carcerem
1293 3309 1715 3401 detrudunt,
1770 3325 1846 3388 et
1896 3313 2410 3408 Religiosorum
2438 3308 2783 3385 Ordinum
2840 3309 3014 3385 Alu-

887 3457 1125 3521 mnoS,
1183 3453 1268 3506 ac
1319 3429 1640 3531 Virgines
1694 3432 1845 3510 Deo
1908 3455 2145 3508 sacras
2206 3455 2247 3506 e
2274 3432 2422 3506 suis
2460 3429 2818 3508 coenobiis
2858 3433 3015 3506 vio-

883 3551 1116 3624 lenter
1167 3550 1580 3638 exturbant,
1635 3555 1925 3650 suisque
2004 3552 2309 3649 propriis
2384 3549 2589 3624 bonis
2670 3549 3007 3646 spoliant,

886 3670 1202 3768 nihilque
1251 3672 1683 3746 intentatum
1738 3672 2173 3770 relinquunt,
2230 3681 2317 3744 ut
2352 3670 2579 3766 ipsam
2618 3667 3013 3744 Ecclesiam

884 3791 956 3862 in
1013 3789 1498 3885 turpissimam
1551 3791 1872 3887 redigant
1924 3790 2374 3874 servitutem,
2429 3799 2505 3860 et
2574 3785 3009 3884 opprimant.

887 3907 985 3981 Ac
1035 3907 1206 3981 dum
1279 3884 1705 4006 singularem
1785 3921 1979 3983 certe
2056 3928 2147 3980 ex
2230 3905 2679 4002 optatissima
2762 3903 3015 3979 Vestra

889 4024 1292 4114 praesentia
1345 4024 1787 4122 voluptatem
1844 4023 2297 4121 percipimus,
2354 4020 2500 4096 Vos
2552 4021 2687 4119 ipsi
2728 4022 3013 4108 videtis»,

884 4163 1100 4236 quam
1151 4139 1552 4215 libertatem
1591 4163 1777 4214 nunc
1832 4140 2139 4216 habeant
2196 4137 2653 4214 Venerabiles
2706 4137 2997 4212 Fratres
