3317 5267
905 438 1051 512 140

902 555 1177 631 indiciis
1232 552 1493 651 prodiit
1544 574 1768 651 quum
1825 549 1896 623 in
1953 547 2332 625 Parisiensi
2409 546 2789 625 Conventa
2817 600 2840 639 ‚
2899 570 3038 623 an-

898 694 993 745 no
1054 674 1251 750 ¹856
1290 684 1476 759 acto,
1515 695 1607 746 ex
1658 682 1864 769 parte
1919 670 2238 747 eiusdem
2289 667 2657 767 Subalpini
2683 667 3034 745 Gubernii

900 790 971 862 in
981 800 1086 863 ter
1124 787 1433 865 hostiles
1484 787 1858 864 nonnullas
1914 786 2400 883 expositiones
2441 787 2766 884 speciosa
2801 808 3036 884 quae-

894 908 1065 992 dam
1120 908 1299 982 ratio
1353 907 1715 1004 proposita
1765 904 1906 982 fuit
1957 906 2046 983 ad
2081 904 2288 981 civile
2329 906 2635 981 Romani
2662 904 3034 983 Pontificis

898 1025 1294 1102 dominium
1346 1022 1873 1111 infirmandum,
1901 1034 1982 1097 et
2013 1023 2104 1097 ad
2139 1022 2372 1120 Ipsius
2409 1022 2854 1121 Sanctaeque
2889 1022 3036 1097 hu-

900 1144 1010 1219 ius
1062 1141 1269 1221 Sedis
1320 1141 1822 1219 auctoritatem
1876 1140 2464 1215 imminuendam.
2507 1139 2646 1216 Ubi
2682 1164 2856 1217 vero
2903 1162 3032 1217 su-

812 1287 819 1308 ·
896 1262 1171 1359 periore
1219 1281 1411 1337 anno
1464 1258 1789 1337 Italicum
1841 1257 2110 1333 exarsit
2159 1257 2424 1335 bellum
2461 1259 2649 1333 inter
2687 1255 3026 1335 Austriae

903 1379 1417 1477 Imperatorem
1450 1428 1471 1465 ,
1528 1387 1605 1455 et
1642 1374 2045 1455 foederatos
2121 1376 2432 1453 invicem
2502 1375 3024 1475 Imperatorem

902 1494 1291 1595 Galliarum
1342 1518 1425 1571 ac
1474 1494 1842 1573 Sardiniae
1894 1494 2170 1591 Regem
2200 1545 2221 1583 ,
2276 1493 2454 1569 nihil
2531 1493 2798 1569 {randis
2847 1491 3028 1569 nihil

890 1613 1176 1694 sceleris
1227 1611 1812 1709 praetermissum
1865 1621 1978 1685 est
2015 1662 2038 1699 ,
2095 1622 2176 1685 ut
2227 1608 2636 1687 Pontificiae
2715 1608 3022 1687 Nostrae

900 1730 1209 1807 Ditionis
1258 1729 1503 1827 populi
1552 1730 1642 1803 ad
1695 1727 2038 1804 nefariam
2089 1728 2562 1807 defectionem
2595 1728 2827 1805 modis
2865 1748 3033 1805 om-

900 1851 1113 1928 nibus
1164 1848 1722 1947 impellerentur.
1779 1847 1960 1925 Hinc
2011 1849 2462 1947 instigatores
2515 1848 2744 1937 missi,
2799 1870 3028 1944 pecu-

900 1972 1039 2044 nia.
1066 1968 1357 2065 largiter
1406 1964 1629 2052 effusa
1658 2020 1680 2055 ‚
1735 1988 1934 2042 arma
1985 1968 2436 2065 suppeditata
2476 2019 2497 2055 ,
2553 1967 3022 2043 incitamenta

896 2087 1137 2185 pravis
1190 2084 1473 2181 scriptis
1524 2095 1602 2159 et
1654 2084 2226 2182 ephemeridibus
2277 2085 2564 2161 admota
2595 2136 2616 2172 ,
2673 2095 2752 2157 et
2801 2104 3022 2159 omne

899 2206 1229 2280 fraudum
1282 2226 1506 2300 genus
1560 2204 1960 2279 adhibitum
2015 2203 2124 2278 vel
2177 2202 2269 2277 ab
2320 2202 2486 2293 illis,
2539 2204 2666 2301 qui
2699 2202 3026 2277 eiusdem

898 2319 1239 2398 Gubernii
1287 2320 1645 2417 legatione
1699 2310 1972 2397 Romae
2025 2320 2404 2419 fungentes
2441 2372 2466 2410 ‚
2531 2319 2724 2395 nulla
2775 2318 3024 2394 habita

902 2438 1225 2535 gentium
1274 2438 1447 2515 iuris
1498 2438 2038 2536 honestatisque
2075 2438 2374 2527 ratione,
2403 2436 2690 2535 proprio
2724 2458 3031 2511 munere.

902 2576 1277 2654 perperam
1332 2554 1810 2633 abutebantur
1859 2555 1950 2631 ad
2005 2554 2482 2633 tenebricosas
2519 2555 2926 2632 molitiones
2955 2556 3028 2629 in

903 2671 1253 2749 Pontificii
1305 2672 1543 2751 Nostri
1595 2672 1934 2751 Gubernii
1986 2674 2376 2772 perniciem
2427 2674 2762 2773 agendas.

1059 2790 1327 2869 Oborta
1378 2792 1633 2868 deinde
1687 2793 1762 2867 in
1797 2793 2154 2870 nonnullis
2187 2792 2490 2871 Ditionis
2515 2792 2816 2870 Nostrae
2845 2791 3028 2871 Pro-

904 2908 1180 2997 vinciis,
1236 2929 1419 3005 quae
1470 2907 1740 2984 dudum
1791 2909 2072 3015 occulte⁵
2119 2922 2530 3008 comparata
2579 2909 2850 2999 fuerat,
2907 2933 3026 2985 se-

901 3027 1201 3114 ditione,
1254 3025 1439 3103 illico
1489 3050 1619 3124 per
1671 3024 1986 3103 fautores
2040 3028 2262 3127 Regia
2311 3026 2682 3104 Dictatura
2739 3027 3028 3126 procla·-

902 3153 1099 3217 mata
1150 3153 1289 3230 est,
1329 3144 1718 3245 statimque
1769 3166 1814 3217 a
1862 3142 2248 3242 Subalpino
2274 3143 2634 3221 Gubernio
2659 3143 3028 3221 Commis-

900 3260 1067 3336 sarii
1118 3259 1401 3349 adlecti,
1456 3260 1607 3358 qui,
1665 3259 1803 3337 alio
1855 3260 2076 3337 etiam
2127 3262 2416 3338 nomine
2469 3273 2720 3360 postea
2771 3260 3028 3359 appel-

896 3378 1051 3468 lati,
1106 3380 1505 3476 provincias
1554 3380 1712 3457 illas
1763 3382 2110 3479 regendas
2158 3394 2552 3459 sumerent.
2605 3381 2798 3457 Dum
2831 3381 3014 3457 haec

902 3508 1281 3595 agerentur
1310 3550 1333 3587 ‚
1390 3496 1531 3577 Nos
1583 3500 1986 3595 gravissimi
2053 3500 2268 3579 officii
2340 3501 2580 3579 Nostri
2657 3524 3020 3577 memores
3075 3542 3084 3549 ·

902 3636 1045 3689 non
1096 3615 1704 3711 praetermisimus
1751 3615 1938 3691 binis
1991 3616 2266 3693 Nostris
2305 3616 2864 3695 Allocutionibus
2899 3617 3020 3691 die

902 3730 1033 3807 XX
1088 3732 1269 3809 lunii
1318 3745 1395 3809 et
1448 3730 1681 3808 XXVI
1743 3734 2188 3833 Septembris
2237 3739 2602 3835 superiore
2654 3761 2845 3814 anno
2877 3738 3018 3811 ha-

898 3850 1069 3926 bitis
1114 3852 1207 3927 de
1258 3852 1524 3928 violato
1574 3852 1768 3927 civili
1841 3854 2134 3931 huiusce
2186 3857 2262 3931 S.
2329 3856 2532 3933 Sedis
2609 3856 3016 3954 principatu

900 3969 1241 4045 altissime
1292 3972 1653 4070 conqueri,
1695 3973 2048 4075 simulque
2085 3975 2462 4052 violatores
2499 3975 2682 4051 serio
2717 3998 3014 4054 monere

897 4090 987 4164 de
1039 4091 1354 4166 censuris
1406 4114 1489 4167 ac
1540 4094 1786 4189 poenis
1838 4117 1966 4191 per
2015 4097 2386 4173 canonicas
2437 4098 2837 4171 sanctiones
2891 4096 3005 4168 in—

896 4204 1129 4296 ffictis,
1185 4209 1257 4283 in
1310 4232 1487 4306 quas
1539 4211 1671 4307 ipsi
1726 4212 2020 4308 proinde
2074 4215 2330 4291 misere
2369 4213 2782 4290 inciderant.
2829 4212 3008 4288 Exi-
