3317 5267
861 407 1002 480 680

1591 758 1841 850 1³le
1900 761 2067 849 ΡΡ.
2130 761 2280 850 ΙΧ.

1451 1145 1526 1188 ΑΒ
1571 1144 1909 1190 runnu!
1948 1145 2041 1190 nt!
2084 1143 2395 1191 fluctu!

861 1501 1202 1662 Auctor
1252 1598 1538 1661 nostrae
1589 1587 1749 1660 fidei
1802 1600 1879 1661 et
1928 1599 2469 1662 consummator
2550 1587 2751 1664 lesus
2786 1639 2809 1674 ,
2866 1589 2997 1685 qui

859 1707 1076 1780 nimia
1126 1706 1380 1782 ductus
1431 1705 1803 1790 charitate,
1860 1719 2153 1780 naturae
2200 1707 2521 1781 mortalis
2568 1707 2987 1782 infirmitate

858 1835 1250 1917 assumpta,
1287 1821 1546 1896 obtulit
1581 1846 1658 1896 se
1694 1824 1765 1896 in
1804 1847 1927 1896 ara
1962 1823 2205 1898 Crucis
2244 1824 2779 1898 immaculatum
2807 1823 2987 1912 Deo,

855 1952 939 2015 ut
991 1961 1119 2014 nos
1171 1959 1213 2010 a
1265 1939 1534 2033 peccati
1589 1941 1957 2014 teterrima
2010 1941 2357 2012 servitute
2392 1939 2751 2027 liberaret,
2808 1942 2989 2014 nihil

860 2058 1098 2153 potius
1149 2054 1400 2129 habuit
1435 2107 1456 2142 ‚
1513 2080 1729 2154 quam
1784 2072 1864 2130 ut
1916 2057 2277 2131 flammam
2340 2057 2701 2132 charitatis
2744 2110 2767 2144 ,
2852 2081 2995 2156 qua

861 2177 1002 2251 Cor
1051 2174 1224 2249 Eius
1279 2189 1628 2264 ureretur,
1674 2179 1757 2254 ‚in
1812 2177 2182 2252 hominum
2220 2175 2477 2250 animis
2504 2177 2733 2252 modis
2759 2179 2999 2253 omni·

861 2294 995 2369 hus
1047 2297 1416 2382 excitaret,
1474 2295 2079 2392 quemadmodum
2134 2295 2283 2368 suis
2334 2295 2731 2368 adseruisse
2780 2295 2997 2368 disci-

865 2413 1048 2507 pulis
1101 2413 1434 2486 novimus
1485 2435 1578 2484 ex
1631 2412 1997 2508 evangelio
2056 2437 2089 2480 α
2134 2411 2389 2506 ,ignem
2470 2411 2633 2484 veni
2710 2414 2993 2484 mittere

863 2531 936 2602 in
993 2541 1281 2616 terram,
1337 2541 1414 2602 et
1468 2530 1636 2625 quid
1678 2529 1835 2604 volo
1872 2529 2006 2602 nisi
2048 2541 2127 2602 ut
2162 2530 2591 2604 accendatur
2624 2555 2663 2600 n
2696 2525 2739 2601 ⁶?
2788 2527 2987 2602 Hunc

863 2671 1034 2721 vero
1087 2647 1450 2722 charitatis
1503 2651 1742 2741 ignem
1798 2658 1879 2720 ut
1926 2649 2157 2744 magis
2210 2647 2641 2734 incenderet,
2696 2649 2990 2724 sanctis-

861 2766 1026 2839 simi
1077 2765 1202 2840 Sui
1255 2763 1502 2839 Cordis
1562 2766 2093 2838 venerationem
2144 2764 2557 2863 cultumque
2594 2767 2873 2840 institui
2916 2767 2993 2838 in

863 2879 1178 2955 Ecclesia
1232 2881 1481 2966 voluit,
1535 2903 1620 2954 ac
1672 2881 2103 2976 promoveri.
2148 2878 2410 2978 Ecquis
2446 2883 2639 2956 enim
2670 2893 2821 2956 tam
2860 2883 2997 2956 du-

861 3023 982 3074 rus
1033 3022 1115 3072 ac
1165 2998 1434 3073 ferreus
1487 2999 1606 3083 sit,
1664 2999 1837 3094 quin
1890 3011 2265 3074 moveatur
2316 3001 2405 3073 ad
2482 3001 2995 3076 redamandum

863 3115 1003 3190 Cor
1053 3114 1221 3188 iilud
1273 3115 1777 3189 suavissimum
1832 3115 2091 3189 idcirco
2146 3114 2566 3190 transfixum
2618 3139 2703 3190 ac
2744 3118 2993 3192 vulne-

861 3245 1098 3308 ratum
1145 3235 1414 3321 lancea,
1467 3247 1546 3308 ut
1591 3235 1871 3307 animus
1930 3233 2023 3307 ibi
2078 3246 2329 3308 noster
2380 3235 2737 3331 quoddam
2790 3239 2995 3332 quasi

863 3353 1264 3440 latibulum,
1320 3376 1402 3426 ac
1457 3353 1851 3449 perfugium
1907 3353 2196 3441 habeat,
2250 3377 2395 3450 quo
2428 3377 2507 3428 se
2540 3355 2631 3428 ab
2676 3354 2995 3430 hostium

863 3473 1286 3558 incursione,
1341 3473 1753 3570 insidiisque
1806 3473 2129 3569 recipiat,
2186 3493 2271 3546 ac
2324 3485 2609 3547 tueatur
2637 3469 2675 3545 ἰ’
2730 3473 2995 3572 Ecquis

859 3614 1002 3664 non
1055 3603 1478 3685 provocetur
1531 3593 1616 3665 ad
1676 3591 2243 3690 prosequendum
2272 3594 2465 3666 omni
2490 3591 2985 3666 observantiae

861 3708 1098 3784 studio
1149 3706 1286 3782 Cor
1343 3709 1505 3781 illud
1562 3710 2147 3796 sacratissimum,
2202 3710 2401 3783 cuius
2455 3733 2545 3784 ex
2601 3709 2889 3784 vulnere
2925 3733 2995 3782 a·

859 3851 1028 3924 qua,
1084 3839 1158 3901 et
1209 3827 1492 3923 sanguis
1524 3879 1543 3913 ,
1599 3825 1757 3901 fons
1810 3826 2077 3901 scilicet
2124 3839 2411 3900 nostrae
2468 3827 2679 3912 vitae,
2738 3851 2821 3900 ac
2872 3851 2991 3899 sa·-

861 3943 1032 4018 lutis
1083 3939 1396 4018 effluxit?
1451 3943 1773 4018 lamvero
1822 3945 1907 4017 ad
1964 3957 2109 4015 tam
2170 3944 2548 4019 salutarem
2582 3995 2603 4029 ‚
2658 3966 2743 4016 ac
2792 3943 2995 4017 debi—

869 4074 1024 4135 tum
1076 4063 1360 4159 pietatis
1411 4064 1684 4135 cultum
1740 4062 2283 4149 instituendum,
2338 4063 2621 4159 lateque
2646 4063 2833 4136 inter
2866 4061 2997 4135 ho-

864 4181 1091 4254 mines
1144 4180 1673 4277 propagandum
1724 4180 1978 4275 eligere
2032 4179 2367 4256 Servatur
2418 4179 2677 4255 Noster
2726 4180 2989 4276 digna-
