3317 5267
849 478 998 550 250

845 600 1252 689 separatum
1307 587 1652 665 Volumen
1708 585 2119 691 (protocole)
2172 586 2261 663 de
2312 588 2425 677 iis,
2479 609 2662 684 quae
2714 590 2994 663 consti-

845 710 954 783 tui
999 706 1187 781 haud
1273 717 1675 803 potuerant.
1714 704 1815 779 Ut
1898 718 2142 779 autem
2210 702 2483 779 facilius
2554 726 2989 779 amoveren-

849 836 966 898 tur
999 824 1460 900 difficultates
1498 877 1520 915 ,
1599 847 1785 925 quae
1836 834 2251 919 exoptatam
2328 842 2565 896 rerum
2652 822 2994 897 ecclesia-

851 941 1188 1017 sticarum
1276 942 1436 1017 istic
1495 944 2090 1018 instaurationem
2180 938 2665 1037 impediebant
2706 992 2727 1029 ,
2792 942 2997 1015 omni

850 1062 1091 1137 studio
1137 1062 1399 1137 iterum
1458 1064 1725 1137 instare
1793 1062 1983 1136 haud
2021 1060 2423 1149 omisimus,
2460 1073 2542 1135 ut
2572 1057 2832 1134 Nostra
2866 1082 3001 1157 pe-

851 1182 1010 1256 titio
1077 1182 1381 1281 benigne
1415 1186 1883 1281 exciperetur,
1960 1192 2043 1257 ut
2098 1181 2366 1256 scilicet
2429 1181 2503 1253 in
2575 1179 2997 1254 Russiarum

851 1297 1303 1395 Imperatoris
1355 1313 1429 1377 et
1480 1300 1811 1377 Poloniae
1853 1299 2075 1395 Regis
2132 1298 2464 1373 dominiis
2492 1297 2744 1393 aliquis
2780 1296 3003 1371 eccle·-

854 1414 1180 1492 siasticus
1233 1418 1340 1489 vir
1375 1440 1416 1490 a
1469 1417 1687 1493 Nobis
1741 1417 2001 1489 missus
2044 1413 2407 1501 resideret,
2463 1414 2583 1511 qui
2618 1412 2886 1487 Nostro
2922 1424 3005 1485 et

855 1530 1064 1606 huius
1115 1532 1190 1605 S.
1231 1533 1430 1607 Sedis
1467 1535 1754 1609 nomine
1785 1530 2255 1607 ecclesiastica
2304 1530 2587 1625 negotia
2622 1528 2999 1603 tractanda

857 1663 1158 1724 curaret.
1222 1651 1451 1749 Atque
1509 1653 1703 1726 hunc
1740 1653 1811 1723 in
1846 1649 2061 1725 finem
2096 1648 2353 1723 Noster
2378 1647 2636 1725 Orator
2669 1648 2847 1721 nihil
2876 1649 3006 1722 in—

859 1780 1215 1842 tentatum
1265 1770 1574 1867 reliquit,
1633 1782 1717 1842 ut
1750 1768 1975 1842 eidem
2030 1767 2445 1864 Imperatori
2498 1767 2791 1864 eiusque
2846 1764 3003 1841 Gu-

858 1884 1104 1961 bernio
1155 1888 1482 1962 suaderet
1533 1888 1997 1963 iustissimam
2050 1907 2207 1958 esse
2258 1885 2605 1981 planeque
2656 1896 2999 1981 opportu-

859 2024 1026 2075 nam
1077 2004 1479 2079 huiusmodi
1531 2003 1861 2078 Nostram
1915 2000 2488 2098 postulationem.
2532 2002 2625 2073 At
2675 2000 3003 2074 dolenter

869 2122 1198 2211 dicimus,
1263 2123 1578 2198 nondum
1611 2119 2091 2195 consolatione
2136 2120 2244 2191 uti
2266 2119 2654 2213 potuimuS,
2691 2130 2777 2191 ut
2826 2141 3005 2192 con-

867 2249 1114 2331 ceptae
1166 2261 1208 2309 a
1277 2237 1492 2313 Nobis
1542 2261 1707 2334 spes
1794 2246 2120 2332 optatum
2206 2244 2753 2330 assequerentur
2840 2234 2999 2307 exi-

869 2364 1050 2425 tum.
1109 2354 1428 2429 lamvero
1481 2354 1908 2449 deploranda
1959 2374 2131 2427 sane
2180 2352 2491 2427 conditio
2542 2353 2613 2425 in
2666 2374 2811 2448 qua
2848 2350 3005 2424 Ru-

865 2468 1066 2542 theni
1125 2481 1199 2543 et
1269 2470 1582 2543 Armenii
1642 2467 1969 2543 catholici
2028 2469 2188 2543 istic
2223 2481 2623 2557 versantur,
2688 2491 2833 2543 non
2873 2490 3009 2565 po-

869 2596 1052 2659 terat
1121 2609 1263 2661 non
1325 2586 1787 2661 vehementer
1846 2608 2297 2661 commovere
2348 2600 2423 2661 et
2475 2588 2785 2663 excitare
2824 2586 3009 2683 Apo-

874 2705 1190 2778 stolicam
1253 2702 1584 2778 Nostram
1653 2704 2022 2778 caritatem
2072 2716 2148 2778 et
2198 2703 2766 2779 sollicitudinem.
2824 2702 3007 2779 Hinc

870 2823 983 2895 die
1036 2826 1082 2897 3
1138 2822 1294 2896 lulii
1346 2822 1549 2898 Anno
1610 2827 1803 2897 1848
1858 2822 2153 2898 Nostras
2203 2823 2525 2898 dedimus
2576 2820 2879 2897 Litteras
2916 2822 3013 2897 ad

869 2938 1284 3013 defunctum
1337 2939 1960 3037 Archiepiscopum
2038 2940 2619 3019 Mohiloviensem
2708 2941 3007 3038 ejusque

877 3056 1394 3155 Suffraganeos‚
1449 3056 1727 3155 illisque
1780 3058 2311 3146 inculcavimuS‚
2367 3072 2449 3132 ut
2518 3060 2805 3133 interim
2856 3058 3013 3155 spi-

872 3174 1108 3249 rituali
1165 3172 1590 3250 Graecorum
1641 3175 2005 3250 unitorum
2056 3198 2289 3263 curae,
2344 3176 2665 3273 regimini
2705 3227 2725 3263 ‚
2794 3176 3010 3249 saluti

875 3293 1386 3370 studiosissime
1421 3292 1893 3379 consulerent,
1934 3314 2016 3365 ac
2050 3292 2331 3387 saepius
2365 3291 2781 3389 praesertim
2820 3315 3009 3366 anno

882 3414 1070 3484 1857
1129 3412 1401 3486 iteratis
1453 3408 1919 3509 petitionibus
1970 3430 2189 3505 penes
2263 3409 2629 3508 Imperiale
2716 3406 3013 3485 Guber—

873 3530 1072 3603 nium
1125 3530 1390 3604 instare
1447 3530 1632 3605 haud
1686 3528 2311 3631 praetermisimus,
2370 3542 2451 3605 ut
2502 3548 2751 3606 omnes
2804 3552 3011 3607 amo-

879 3659 1216 3723 verentur
1265 3646 1715 3721 difficultates
1766 3669 1946 3743 quae
1997 3645 2474 3742 impediebant
2511 3698 2532 3733 ,
2622 3648 3009 3744 quominus

877 3760 1316 3839 Chelmensis
1366 3762 1682 3839 Ecclesia
1746 3784 1957 3839 suum
1994 3760 2297 3839 haberet
2344 3762 2804 3865 Episcopum.
2866 3762 3011 3837 At-

875 3907 1014 3981 que
1069 3884 1319 3958 eodem
1372 3893 1695 3981 tempore
1746 3881 2281 3957 reclamavimus
2356 3895 2729 3980 propterea
2812 3882 3009 3980 quod

873 4000 1057 4076 illius
1094 3999 1447 4077 Dioecesis
1511 3998 1765 4075 Clerici
1796 4000 1883 4073 ad
1918 3997 2554 4075 Greco-Russicam
2618 3999 3015 4075 mitteban-

879 4128 994 4191 tur
1045 4108 1626 4205 Universitatem,
1680 4127 1756 4190 et
1806 4116 2435 4215 expostulavimus,
2490 4129 2573 4191 ut
2624 4112 3017 4193 Chelmen-

886 4234 983 4309 sis
1022 4234 1338 4311 Antistes
1376 4235 1656 4334 plenam
1692 4232 1986 4311 haberet
2019 4235 2416 4313 libertatem
2455 4234 2781 4314 mittendi
2822 4258 3015 4311 non-
