3317 5267
887 381 1028 450 ⁶94

884 493 1290 594 stitutiones
1344 488 1783 586 Apostolicns
1836 488 1971 590 (ί),
2036 491 2302 588 quibus
2328 493 2761 568 damnantur
2808 496 3009 571 clan-

882 612 1199 686 destinae
1225 609 1626 695 societates,
1666 610 1915 684 sivein
1950 610 2054 686 eis
2086 609 2439 706 exigatur,
2480 613 2632 688 sive
2660 634 2807 688 non
2839 616 2995 688 exi-

883 737 1088 824 gatur
1110 726 1588 802 iuramentum
1615 726 1704 802 de
1732 737 2005 802 secreto
2040 729 2420 815 servande,
2456 750 2843 827 earumque
2888 753 3011 806 as-

881 846 1110 922 seclae
1144 855 1218 917 et
1267 843 1578 920 fautores
1605 845 2061 920 anathemate
2086 846 2550 940 mulctantur,
2582 849 2853 922 nullam
2883 849 3007 922 ba-

885 961 1054 1037 bere
1105 961 1252 1036 vim
1307 962 1378 1034 in
1433 962 1566 1035 illis
1617 960 1809 1038 orbis
1860 961 2267 1058 regionibus
2328 961 2451 1036 ubi
2488 963 2837 1040 eiusmodi
2890 987 3027 1061 ag-

885 1081 1331 1175 gregationes
1385 1078 1777 1154 tolerantur
1826 1102 1869 1152 a
1920 1079 2111 1153 civili
2160 1079 2533 1174 gubernio,
2586 1103 3021 1158 excommu-

888 1196 1312 1272 nicationem
1345 1219 1386 1270 a
1415 1193 1731 1272 Concilio
1756 1193 2257 1272 Tridentinoet
2272 1193 2614 1272 Romanis
2644 1195 3023 1272 Pontifici-

886 1310 1018 1386 bus
1043 1312 1262 1386 latam
1311 1313 1386 1386 in
1437 1335 1589 1398 eos,
1619 1311 1745 1407 qui
1798 1312 1953 1384 iura
1986 1310 2604 1410 possessionesque
2654 1311 3022 1388 Ecclesiae

887 1429 1258 1515 invadunt,
1313 1440 1390 1502 et
1441 1439 1825 1524 usurpant,
1857 1429 1991 1503 niti
2042 1427 2451 1505 confusione
2486 1430 2751 1504 ordinis
2798 1431 3025 1526 spiri-

891 1547 1098 1625 tualis
1130 1596 1151 1633 ‚
1225 1545 1632 1643 ordinisque
1688 1545 1919 1628 civilis
1968 1567 2051 1621 ac
2102 1544 2371 1644 politici
2432 1545 2521 1618 ad
2572 1547 3019 1622 mundanum

884 1665 1262 1741 dumtaxat
1294 1664 1563 1740 benum
1591 1663 2197 1760 prosequendum3
2226 1661 2617 1736 Ecclesiam
2654 1663 2831 1736 nihil
2880 1665 3023 1740 de·-

888 1780 1054 1854 bere
1105 1783 1510 1868 decernere,
1543 1781 1733 1876 quod
1766 1779 2205 1876 obstringere
2242 1779 2465 1876 possit
2490 1779 2801 1856 fidelium
2828 1806 3025 1858 con-

887 1901 1222 1975 scientias
1272 1904 1352 1975 in·
1397 1903 1638 1976 ordine
1678 1901 1769 1976 ad
1797 1923 2005 1975 usum
2041 1920 2277 1974 rerum
2310 1901 2841 1996 temporalium
2872 1901 3021 1978 Ec—

887 2021 1137 2094 clesiae
1187 2022 1300 2094 ius
1353 2045 1496 2096 non
1547 2029 1959 2118 competere
2000 2020 2375 2095 violatores
2427 2021 2662 2116 legum
2716 2045 3017 2096 suarum

838 2123 844 2130 ⁶
886 2140 1132 2234 poenis
1189 2139 1703 2236 temporalibus
1738 2137 2138 2226 coercendi3
2172 2137 2535 2214 conforme
2560 2159 2721 2214 csse
2772 2163 3015 2214 sacrae

891 2257 1316 2353 theologiae,
1347 2258 1657 2354 iurisque
1714 2255 1974 2354 publici
2009 2257 2401 2354 principiis,
2430 2254 2781 2333 bonorum
2836 2281 3015 2354 pro-

887 2376 1287 2468 prietatem,
1353 2397 1535 2470 quae
1597 2374 1688 2448 ab
1738 2373 2093 2462 Ecclffliis,
2132 2397 2177 2446 a
2230 2375 2541 2472 Familiis
2605 2373 3005 2471 Religiosis,

891 2493 1188 2587 aliisque
1209 2492 1380 2566 l'ocis
1407 2492 1541 2587 piis
1580 2492 2055 2588 possidentur,
2084 2492 2277 2566 civili
2298 2490 2639 2589 gubernio
2664 2513 3001 2577 asserere,

885 2623 960 2684 et
1012 2607 1366 2682 vindicare
1417 2634 1484 2680 n.
1543 2607 2250 2704 Neque²erubescunt
2300 2609 2533 2704 palam
2588 2609 3001 2706 publiceque

885 2725 1196 2822 profiteri
1225 2725 1743 2799 haereticorum
1772 2724 2065 2801 effatum
2118 2741 2195 2802 et
2244 2728 2703 2825 principium,
2737 2751 2825 2802 ex
2858 2751 3007 2825 quo

889 2853 995 2918 tot
1020 2851 1400 2940 pei-'versae
1425 2842 1754 2918 oriuntm·
1788 2845 2439 2941 sententiae,atque
2464 2869 2764 2920 errores.
2780 2843 3006 2920 Dicti-

889 2974 1044 3036 tant
1095 2963 1285 3036 enim
1329 2987 1366 3030 α
1407 2959 1977 3038 Ecclesiasticam
2006 2973 2435 3057 potestatem
2492 2985 2637 3036 non
2690 2962 2842 3036 iure
2893 2963 3005 3037 di-

887 3083 1054 3156 vino
1105 3081 1514 3154 distinctam
1567 3093 1642 3154 et
1678 3079 2268 3175 independentem
2309 3102 2355 3152 a
2381 3091 2737 3175 potestate
2784 3078 3009 3166 civili,

888 3207 1116 3296 neque
1173 3200 1522 3274 eiusmodi
1599 3200 2131 3274 distinctionem
2165 3251 2188 3287 ,
2262 3211 2335 3274 et
2386 3199 3008 3296 independentiam

889 3321 1151 3394 servari
1189 3341 1421 3415 posse,
1459 3320 1628 3414 quin
1686 3317 1777 3390 ab
1824 3317 2139 3393 Ecclesia
2190 3319 2617 3393 invadantur
2666 3329 2747 3393 et
2794 3341 3009 3394 usur-

885 3448 1146 3533 pentur
1196 3435 1594 3510 essentialia
1666 3437 1815 3510 iura
1868 3437 2245 3532 potestatis
2304 3435 2536 3510 civilis
2618 3461 2687 3508 »-
2770 3435 3007 3532 Atque

884 3554 1170 3630 silentio
1219 3555 1602 3650 praeterire
1663 3578 1807 3630 non
1878 3578 2257 3651 possumus
2308 3577 2561 3631 eorum
2606 3537 3004 3640 audaciam,

885 3674 1006 3770 qui
1059 3680 1308 3746 sanam
1383 3694 1527 3745 non
1599 3672 2037 3746 sustinentes
2088 3671 2485 3746 doctrinam
2564 3671 3011 3746 contendunt

1051 3917 1136 4054 (1.)
1177 3970 1472 4069 Cle'nient.
1520 3973 1625 4038 ΧΠ
1678 4001 1707 4030 ae
1736 3973 1811 4036 ln
1853 3972 2207 4038 eminenti».
2238 3969 2544 4035 Benedict.
2588 3967 2723 4036 xlv
2764 3990 2795 4026 e
2840 3967 3003 4034 Pro-

886 4067 1073 4134 'vidus
1100 4069 1528 4136 Romanorum.
1569 4093 1600 4132 x>
1633 4067 1720 4134 Pii
1768 4068 1867 4138 vn
1899 4093 1927 4129 «
1966 4067 2319 4134 Ecclesiam.
2356 4097 2377 4124 ι
2408 4067 2623 4132 Leonis
2648 4065 2753 4131 ΧΠ
2804 4089 2833 4126 ι
2868 4065 3001 4142 Quo

729 4141 738 4151 ἢ
805 4195 820 4210 ·
889 4165 1178 4242 ςΓωίΟΥῦ
1214 4192 1309 4226 ι.·
