3317 5267
849 412 1036 601 230
1091 518 1785 620 praecellentioribus
1872 518 2381 615 praerogativis
2430 526 2507 592 et
2566 515 2989 614 opportunis

851 640 1302 715 adminiculis
1327 636 1811 715 commendari
1838 630 2253 731 perhibetur
2276 632 2755 708 adCivitatem
2780 630 2991 727 Epis-
3104 680 3119 693 ·

852 756 1170 853 copalem
1223 755 1598 829 fruituram
1653 752 1727 824 in
1765 762 2135 846 posterum
2186 748 2517 823 omnibus
2562 760 2637 822 et
2684 748 2989 846 singulis

855 872 1271 960 honoribuS,
1297 871 1572 970 iuribus
1629 866 2015 952 favoribus,
2044 864 2315 961 gratiis,
2342 864 2657 950 indultis,
2696 866 2989 961 privile-

855 992 988 1089 giis
1041 1000 1116 1063 et
1151 990 1438 1076 ceteris,
1473 982 1737 1083 quibus
1772 982 1949 1055 aliae
1982 981 2259 1055 illarum
2295 981 2605 1077 partium
2644 978 2991 1055 Civitatoe

855 1103 1312 1201 Episcopales
1349 1102 1701 1179 ordinarie
1755 1099 2069 1197 gaudent
2116 1110 2335 1194 atque
2378 1108 2713 1197 utuntur,
2738 1100 2991 1173 eadem

863 1221 1268 1319 Apostolica
1319 1218 1747 1293 auctoritate
1796 1226 2141 1312 perpetuo
2192 1236 2477 1311 quoque
2534 1215 2935 1289 evehimus.

1013 1338 1280 1414 Iccirco
1309 1336 1686 1433 templum,
1716 1334 1905 1430 quod
1942 1331 2387 1427 infrascripto
2416 1328 2821 1427 Apostolico
2850 1330 2997 1405 De-

711 1472 720 1481 ·
858 1456 1098 1553 legato
1127 1455 1208 1528 in
1237 1452 1312 1528 id
1346 1452 1612 1549 negotii
1649 1449 2049 1546 specialiter
2072 1449 2477 1545 deputando
2512 1451 2743 1524 visum
2780 1448 2997 1523 fuerit

859 1576 932 1649 in
961 1573 1214 1647 eadem
1253 1568 1634 1668 Gayesensi
1668 1566 1977 1643 Civitate
2014 1568 2457 1643 commodius
2492 1582 2879 1663 praestare,
2918 1580 2993 1642 et

866 1690 958 1765 ab
1009 1690 1166 1786 ipso
1217 1687 1582 1785 caligatur,
1636 1687 1731 1760 ad
1786 1684 2147 1759 Ecclesiae
2172 1682 2612 1758 cathedralis
2646 1684 2995 1759 honorem

861 1818 938 1881 et
987 1806 1412 1903 dignitatem
1443 1790 1622 1900 xpari
1682 1801 2077 1898 Apostolica
2116 1801 2537 1874 auctoritate
2588 1802 2805 1873 etiam
2844 1825 2998 1898 per-

864 1938 1083 2021 petuo
1119 1906 1538 2009 attollimus,
1579 1922 1681 1993 ita
1714 1931 1799 1995 ut
1831 1918 2147 1993 Ecclesia
2184 1920 2335 2015 ipsa
2375 1918 2811 2015 Episcopalis
2844 1922 2996 2017 pri-

879 2062 1214 2115 maevum
1267 2039 1739 2113 invocationis
1778 2037 2092 2123 titulum,
2130 2059 2263 2111 nec
2316 2060 2459 2112 non
2510 2060 2733 2136 quam
2780 2038 2997 2112 habet

865 2156 1482 2253 parochialitatem
1531 2164 1609 2229 et
1662 2155 2063 2227 animarum
2092 2176 2335 2227 curam
2388 2154 2631 2229 sedulo
2668 2157 2771 2229 uti
2822 2156 2997 2252 juris

869 2282 948 2344 et
998 2272 1218 2346 moris
1271 2283 1384 2345 est
1434 2274 1840 2345 navandam
1892 2282 2393 2345 conservatis-a
2442 2272 2538 2345 sit
2564 2323 2599 2359 r
2642 2294 2725 2347 ac
2790 2274 2861 2345 in
2914 2296 2995 2346 ea

871 2400 1226 2485 perpetuo
1261 2390 1572 2485 erigatur
1597 2389 1847 2475 Sede&
1880 2386 2225 2461 Cathedra
2254 2400 2329 2461 et
2354 2386 2673 2485 Dignitas
2701 2388 2999 2485 Episco-

870 2506 1050 2603 palis
1088 2528 1218 2601 pro
1253 2526 1398 2579 uno
1437 2504 1781 2579 Antistite
1810 2492 2191 2601 Cayesensi
2226 2506 2723 2601 nuncupando,
2754 2508 2873 2603 qui
2910 2508 3001 2580 ei·

875 2624 1040 2697 dem
1080 2618 1484 2719 Episcopali
1515 2621 1883 2697 Ecclesiae
1916 2618 2229 2711 Civitati,
2274 2618 2615 2711 Dioecesi‚
2654 2620 2891 2710 Clero,
2930 2635 3005 2696 et

875 2738 1154 2837 Populo
1197 2740 1496 2837 praesit,
1547 2740 1950 2837 cooptando
2000 2740 2131 2813 sibi
2195 2764 2327 2815 suo
2378 2739 2607 2813 lubitu
2660 2741 2735 2812 in
2784 2742 3007 2837 ipsius

880 2855 1236 2933 Dioecesis
1271 2858 1602 2933 mvando
1651 2858 1999 2956 regimine
2034 2870 2110 2932 et
2144 2858 2749 2933 administratione
2802 2856 3001 2931 Vica-

869 2974 1141 3048 earium
1195 2970 1646 3060 Generalem,
1682 2975 1797 3047 cui
1840 2997 2061 3047 unum
2120 2974 2229 3047 vel
2282 2974 2501 3047 etiam
2536 2972 2843 3047 alterum
2880 2974 3009 3047 ad-

875 3092 1170 3190 jungere
1223 3089 1328 3164 fas
1381 3090 1544 3177 erit,
1581 3092 1642 3163 si
1683 3088 1813 3186 pro
1850 3092 2073 3163 nimia
2122 3089 2441 3165 locorum
2492 3089 2681 3161 inter
2728 3112 2807 3163 se
2858 3088 3009 3163 dis-

885 3213 1184 3286 sitorum
1236 3207 1755 3305 longinquitate
1818 3208 2255 3305 aliarumque
2318 3208 3012 3283 circumstantiarum

883 3328 1228 3424 gravitate
1283 3325 1358 3399 id
1409 3324 1889 3399 necessarium
1942 3337 2073 3401 aut
2132 3323 2341 3401 valde
2402 3336 2887 3422 opportunum
2936 3336 3013 3398 et

883 3445 1196 3521 minitare
1238 3457 1640 3518 censeaturz
1702 3444 2023 3542 itemque
2077 3443 2521 3541 Religionem
2574 3441 3015 3519 catholicam

897 3560 1370 3659 Apostolicam
1427 3560 1825 3635 Romanam
1880 3564 2093 3639 sicuti
2142 3563 2467 3639 consulto
2530 3563 2605 3635 in
2655 3586 3015 3660 praenun-

883 3681 1070 3756 ciata
1121 3680 1340 3755 etiam
1381 3678 1869 3757 Conventione
1922 3684 2273 3759 sancitum
2324 3693 2437 3757 est
2460 3684 2781 3780 impense
2814 3694 3017 3757 curet

887 3799 976 3873 iis
1025 3818 1190 3873 cum
1237 3794 1514 3894 juribus
1553 3809 1628 3871 et
1662 3800 2195 3897 praerogativis,
2236 3800 2493 3898 quihus
2530 3824 2621 3875 ex
2656 3798 2787 3875 Dei
2826 3801 3017 3876 ordi-

887 3916 1174 3991 natione
1199 3926 1274 3989 et
1299 3913 1673 3989 Sacrorum
1708 3914 2075 3993 Canonum
2104 3916 2583 3993 sanctionibus
2610 3916 2745 3991 frui
2771 3918 3009 4005 dehet,

889 4042 1158 4109 sartam
1209 4043 1624 4129 tectamque
1672 4053 1959 4130 semper
2002 4058 2315 4123 servare,
2376 4036 2639 4134 quique
2674 4038 3015 4111 nimirum

889 4148 1068 4223 liber
1115 4150 1212 4224 sit
1259 4149 1430 4245 quin
1481 4145 1574 4220 ab
1625 4147 1767 4223 ullo
1820 4172 2136 4250 unquam
2196 4152 2422 4249 possit
2480 4152 2735 4250 quovis
2798 4152 3019 4227 titulo
