3317 5267
740 427 748 435 .
2281 369 2426 440 457

300 481 672 556 Sacrorum
731 482 800 552 in
855 479 1052 554 ltalia
1107 479 1506 570 AntistiteS‚
1563 484 1686 578 qui
1738 496 2025 558 strenue
2080 506 2250 558 cons
2262 495 2420 556 tan-

303 611 552 697 terque
605 599 1030 697 praeliantes
1065 599 1322 696 praelia
1378 598 1663 676 Domini
1690 603 1981 676 minime
2034 615 2429 699 potuerunt

300 742 468 792 cum
521 741 806 794 summo
841 719 1061 790 animi
1097 717 1336 793 Nostri
1389 721 1656 807 dolore,
1688 721 2209 797 adversantium
2251 743 2427 818 ope-

297 859 405 924 ra,
463 837 546 910 ad
603 836 747 912 Nos
801 831 1071 922 venire,
1127 849 1204 910 et
1255 838 1442 912 inter
1497 837 1642 912 Vos
1684 838 1974 926 versari,
2012 849 2224 936 atque
2259 838 2423 912 huic

296 953 546 1028 adesse
598 953 979 1028 conventui
1019 1005 1041 1040 ‚
1115 955 1307 1050 quod
1385 967 1845 1050 summopere
1926 957 2367 1052 optavissent
2396 1009 2417 1044 ,

298 1073 900 1168 quemadmodum
961 1071 1260 1148 infelicis
1297 1073 1538 1148 ltaliae
1580 1073 2107 1169 Archiepiscopi
2144 1087 2219 1148 et
2254 1073 2419 1170 Epi-

295 1189 492 1284 scopi
547 1189 694 1263 suis
747 1187 1035 1262 Litteris
1089 1191 1353 1264 summi
1413 1213 1582 1287 erga
1632 1189 1777 1264 Nos
1807 1241 1829 1276 ‚
1884 1201 1959 1263 et
2010 1187 2191 1264 hanc
2244 1190 2424 1262 San·-

295 1317 490 1380 etam
535 1306 790 1382 Sedem
845 1307 1106 1381 amoris
1161 1321 1236 1380 et
1287 1307 1605 1405 obsequii
1659 1306 2091 1403 plenissimis
2153 1305 2465 1403 signifl-.

295 1437 574 1496 carunt.
628 1423 1002 1498 Neminem
1055 1424 1272 1498 etiam
1327 1448 1418 1498 ex
1472 1423 1849 1500 Sacrorum
1905 1425 1978 1496 in
2058 1420 2423 1494 Lusitania

301 1538 754 1617 Antistitibus
780 1542 896 1616 bic
921 1544 1168 1616 adesse
1219 1543 1532 1629 cernitis,
1587 1563 1671 1616 ac
1724 1565 1866 1617 non
1931 1561 2185 1637 parum
2220 1538 2423 1614 dole-

299 1679 488 1745 mus,
541 1660 868 1756 inspecta·
885 1661 1374 1736 difficultatum
1415 1673 1693 1746 natura,
1734 1681 1915 1757 quae
1944 1659 2417 1742 obstiterunt,

293 1779 674 1874 quominus
727 1781 863 1876 ipsi
915 1801 1288 1855 romanum
1343 1781 1530 1854 inter
1581 1779 1865 1876 aggredi
1905 1788 2223 1875 possent.
2268 1776 2417 1852 Re·-

295 1917 584 1969 censere
637 1907 876 1969 autem
913 1897 1318 1972 omittimus
1355 1907 1467 1972 tot
1500 1897 1635 1970 alia
1673 1919 1839 1972 sane
1870 1895 2099 1969 tristia
2136 1905 2211 1968 et
2247 1894 2417 1969 hor-

295 2011 540 2099 renda,
595 2035 777 2109 quae
813 2012 903 2085 ab
973 2011 1168 2086 hisce
1222 2035 1719 2109 perversarum
1750 2013 2229 2087 doctrinarum
2266 2010 2419 2084 cul-

293 2127 568 2202 toribus
621 2149 784 2202 cum
837 2129 1222 2204 incredibili
1259 2128 1518 2204 Nostro
1553 2153 1636 2204 ac
1667 2142 1935 2216 vestro,
1988 2142 2063 2201 ot
2088 2127 2409 2202 omnium

292 2243 644 2320 bonorum
697 2245 894 2320 luctu
973 2258 1368 2343 patrantur.
1453 2247 1640 2320 Nihil
1720 2248 1894 2320 item
1972 2245 2275 2320 dicimus
2326 2245 2415 2318 de

293 2359 510 2456 impia
563 2363 1109 2459 conspiratione,
1151 2375 1226 2437 et
1257 2365 1496 2459 pravis
1533 2364 1875 2460 cuiusque
1912 2363 2191 2458 generis
2244 2383 2410 2436 mo-

293 2475 654 2553 litionibus
709 2502 791 2554 ac
841 2477 1158 2568 fallacii3‚
1211 2480 1470 2578 quibus
1521 2481 1803 2556 civilem
1857 2480 2067 2554 huius
2104 2477 2413 2576 Aposto-

293 2593 468 2668 licae
504 2595 708 2670 Sedis
742 2598 1216 2693 principatum
1247 2596 1536 2673 omnino
1575 2609 1897 2672 evertere
1926 2621 2009 2671 ae
2042 2598 2410 2704 destruere

295 2714 566 2788 volunt.
622 2715 828 2790 Iuvat
853 2718 1090 2822 potius
1143 2717 1278 2792 bac
1308 2720 1402 2791 de
1438 2741 1516 2790 re
1563 2739 2123 2792 commemorare
2154 2701 2411 2789 miram

287 2853 574 2928 prorsus
627 2834 1196 2921 consensionem,
1250 2855 1389 2932 qua
1443 2833 1584 2908 Vos
1641 2835 1773 2929 ipsi
1828 2857 1969 2906 una
2024 2855 2189 2907 cum
2254 2833 2408 2906 aliis

296 2946 826 3024 Venerabilibus
866 2951 1231 3024 Fratribus
1269 2952 1578 3024 universi
1617 2951 1945 3024 catholici
1998 2951 2192 3024 orbis
2260 2951 2403 3022 Sa·-

291 3090 572 3142 crorum
633 3067 734 3139 An
746 3067 1086 3141 tistitibus
1115 3091 1478 3165 nunquam
1507 3068 1986 3142 intermisistis
2024 3080 2103 3141 et
2143 3068 2414 3163 episto-

289 3183 376 3256 lis
413 3185 498 3259 ad
535 3183 678 3260 Nos
729 3184 941 3272 datis,
995 3195 1070 3259 et
1141 3184 1612 3281 pastoralibus
1691 3184 1952 3258 litteris
2032 3185 2123 3260 ad
2172 3183 2410 3259 fideles

293 3301 575 3397 scriptis
627 3300 1031 3376 huiusmodi
1081 3299 1390 3376 fallacias
1443 3302 1777 3398 detegere
1816 3353 1839 3388 ,
1894 3300 2207 3377 refutare
2244 3353 2267 3388 ,
2322 3325 2407 3374 ac

289 3416 504 3491 simul
557 3418 832 3504 docere,
886 3417 1076 3492 hunc
1128 3419 1408 3494 civilem
1463 3419 1767 3494 Sanctae
1794 3418 1997 3492 Sedis
2047 3419 2409 3514 principa-

295 3543 452 3606 tum
487 3532 812 3608 Romano
865 3532 1186 3610 Pontifici
1239 3533 1457 3609 fuisse
1511 3534 1847 3630 singulari
1910 3535 2191 3609 divinae
2240 3557 2409 3631 pro-

297 3650 648 3725 videntiae
683 3651 974 3728 consilio
1011 3653 1284 3737 datum,
1325 3651 1663 3749 illumque
1700 3654 2181 3726 necessatium
2218 3671 2405 3736 esse,

290 3784 375 3845 ut
428 3773 611 3846 idem
671 3771 1037 3848 Romanus
1091 3771 1422 3847 Pontifex
1479 3773 1647 3846 nulli
1712 3795 2025 3869 unquam
2103 3770 2408 3865 Principi
2480 3791 2483 3794 ’

293 3902 418 3963 aut
471 3890 659 3964 civili
697 3891 1030 3987 potestati
1066 3889 1424 3965 subiectus
1460 3911 1871 3986 supremam
1912 3889 2222 3964 universi
2258 3887 2407 3961 Do-

297 4009 538 4084 minici
591 4011 818 4108 gregis
873 4011 1202 4107 pascendi
1231 4011 1658 4108 regendique
1700 4021 2129 4107 potestatem
2168 4021 2407 4083 aucto-

291 4126 720 4225 ritatemque
771 4126 860 4202 ab
913 4128 1066 4224 ipso
1119 4127 1404 4204 Christo
1485 4126 1789 4204 Domino
1874 4127 2213 4201 divinitus
2284 4149 2405 4200 ac-
