3317 5267
899 510 992 580 76

1071 631 1420 681 vantsumu
1459 630 1658 675 num
1698 628 2015 675 vmcmmo
2054 626 2505 677 momumento
2543 630 2820 679 msmtno

1207 729 1546 781 Pussrostw
1589 727 1888 777 SACRORVH
1926 730 2040 775 SBV
2081 730 2449 777 cArrssttANo
2490 732 2693 779 ΗΜΘΝ

1484 826 1548 873 m
1597 822 1936 871 rounrmns
1977 824 2212 871 Nosnts
2252 824 2435 873 corus

1607 1128 1863 1227 1³le
1923 1126 2091 1221 PP.
2156 1128 2308 1223 lx.

905 1526 1410 1687 Venerabilis
1475 1604 1747 1694 Frater,
1788 1602 2109 1682 Salutem
2144 1606 2217 1679 et
2256 1598 2731 1695 Apostolicam
2788 1606 3027 1683 Bene-

899 1729 1305 1805 dictionem.
1347 1724 1606 1800 Intimo
1635 1747 1952 1799 moerore
1980 1715 2389 1798 conficimur
2418 1708 2739 1799 videntes
2770 1746 3023 1823 asper—

901 1849 1082 1920 rima
1118 1870 1288 1922 sane
1323 1844 1747 1919 christianae
1782 1836 2205 1939 reipublicae
2242 1854 2597 1937 tempora,
2632 1850 2713 1915 et
2740 1844 3025 1941 gravis-

903 1964 1086 2039 sima
1135 1965 1396 2037 damna
1433 2013 1454 2047 ,
1509 1982 1692 2057 quae
1740 1958 1990 2047 Nobis,
2046 1972 2121 2033 et
2170 1958 2335 2035 huic
2380 1958 2818 2055 Apostolicae
2856 1958 3027 2035 Sedi

905 2081 1254 2156 teterrimi
1305 2078 1691 2153 catholicae
1744 2074 2128 2166 Ecclesiae,
2180 2077 2637 2173 eiusdemque
2690 2074 2895 2150 Sedis
2956 2090 3033 2151 et

907 2200 1131 2274 civilis
1183 2196 1542 2271 societatis
1593 2195 1838 2270 hostes
1888 2194 2103 2291 impie
2155 2192 2559 2290 nefarieque
2594 2191 3018 2279 intulerunt,

908 2327 986 2389 et
1037 2314 1262 2409 magis
1313 2314 1384 2384 in
1437 2312 1588 2385 dies
1638 2309 1899 2385 inferre
1950 2319 2320 2385 conantur.
2380 2307 2459 2381 ln
2508 2309 2813 2383 summis
2852 2330 3025 2384 vero

901 2432 1176 2507 Nostris
1209 2430 1553 2525 angustiis
1589 2452 1735 2504 non
1767 2430 1908 2503 levi
1944 2429 2195 2504 solatio
2231 2428 2597 2514 afficimur,
2636 2448 2802 2501 cum
2838 2450 3019 2502 con-

911 2551 1292 2649 spiciamus
1343 2560 1608 2647 quanta
1647 2547 2007 2623 alacritate
2044 2561 2451 2647 quantoque
2492 2548 2726 2623 studio
2767 2570 3031 2645 quam-

905 2670 1192 2767 plurimi
1244 2692 1334 2742 ex
1391 2668 1600 2741 variis
1651 2668 2013 2741 christiani
2066 2667 2257 2744 orbis
2306 2666 2708 2764 regionibus
2764 2668 2899 2740 viri
2934 2692 3025 2741 ac

905 2789 1194 2861 iuvenes
1247 2788 1522 2885 generis
1575 2786 1791 2859 etiam
1845 2785 2211 2861 nobilitate
2248 2784 2605 2880 conspicui
2640 2784 2729 2858 ad
2766 2782 3023 2860 Ponti-

901 2906 1133 2979 ficiam
1186 2906 1518 2980 Nostram
1543 2907 1885 2981 ditionem
1916 2905 2228 3002 quotidie
2262 2913 2715 2990 concurrant,
2756 2914 2839 2977 ut
2876 2903 3027 2981 No-

905 3026 1072 3097 stris
1125 3026 1346 3121 copiis
1397 3025 1757 3122 adscripti,
1812 3034 2025 3120 atque
2060 3020 2193 3097 sub
2248 3020 2545 3097 Summo
2594 3044 2836 3095 earum
2890 3020 3030 3097 Du-

909 3166 990 3217 ce
1043 3142 1432 3217 clarissimo
1485 3166 1566 3217 ac
1627 3140 2117 3216 strenuissimo
2174 3140 2323 3215 viro
2383 3137 2801 3226 militantes,
2884 3140 3032 3215 No-

899 3272 1150 3348 stram,
1207 3269 1282 3333 et
1315 3259 1525 3333 huius
1564 3256 2007 3355 Apostolicae
2042 3256 2270 3343 Sedis,
2324 3267 2399 3331 et
2450 3256 2835 3331 catholicae
2880 3256 3025 3333 Ec-

897 3380 1150 3453 clesiae
1181 3400 1470 3451 causam
1505 3376 1783 3467 fortiter
1817 3388 1890 3450 et
1926 3375 2243 3449 animose
2282 3385 2617 3449 tueantur
2648 3396 2731 3449 ac
2765 3374 3023 3451 defen-

899 3496 1094 3568 dant.
1151 3494 1294 3569 Nos
1329 3494 1616 3592 quidem
1653 3516 2018 3589 nunquam
2052 3494 2463 3568 desistimus
2505 3493 2580 3565 in
2615 3493 3025 3569 humilitate

897 3614 1128 3688 cordis
1177 3611 1414 3689 Nostri
1465 3610 2024 3686 ferventissimas
2060 3612 2149 3687 ad
2186 3610 2413 3687 Deum
2450 3610 2808 3687 effundere
2846 3636 3019 3710 pre-

897 3752 1016 3804 ces
1055 3782 1076 3818 ,
1133 3740 1214 3803 ut
1265 3728 1594 3803 omnihus
1648 3728 2167 3825 optatissimam
2237 3728 2699 3803 christianam
2776 3752 3025 3826 pacem

895 3846 1127 3943 largiri
1181 3846 1379 3921 velit.
1435 3844 1574 3919 Sed
1628 3846 1828 3943 impii
1879 3845 2231 3935 homines,
2285 3844 2541 3943 quibus
2606 3844 3015 3922 Altissimus

897 3965 986 4038 ad
1035 3965 1354 4037 omnium
1405 3964 1811 4060 castiganda
1846 3975 2135 4060 peccata
2172 3986 2361 4037 nunc
2392 3964 2621 4038 utitur
2646 4016 2669 4051 ,
2728 3976 2813 4038 ut
2862 3966 3023 4041 illos

901 4090 1150 4174 postea
1201 4080 1275 4151 in
1325 4080 1441 4153 die
1479 4073 1735 4154 furoris
1770 4081 1878 4153 sui
1914 4079 2273 4175 disperdat
2310 4090 2387 4153 et
2418 4080 2694 4176 puniat,
2734 4084 3031 4157 concul-

902 4208 1146 4272 cantes
1197 4198 1428 4295 legem
1459 4195 1613 4285 Dei,
1643 4210 1720 4271 et
1752 4198 2327 4295 blasphemantes
2364 4199 2723 4297 eloquium
2776 4200 3025 4277 Sancti

899 4312 1142 4401 lsrael,
1182 4312 1717 4389 acerbissimum
1754 4327 1999 4388 contra
2038 4314 2453 4403 Ecclesiam,
2492 4328 2568 4389 et
2600 4316 2789 4389 hanc
2832 4316 3027 4414 Apo-
