3317 5267
2299 449 2440 522 639

306 561 799 659 magisterium
850 557 1211 633 Ecclesiae
1268 559 1357 632 ad
1410 557 1629 634 totius
1689 561 2044 637 revelatae
2129 567 2450 643 veritatis

306 677 793 774 integritatem
846 677 1271 750 servandam
1302 675 1647 750 divinitus
1672 676 2108 754 institutum.
2141 680 2259 756 Ex
2308 709 2450 784 quo

308 797 575 886 evenit,
630 807 713 870 ut
762 796 1163 870 huiusmodi
1216 794 1541 870 catholici
1596 795 1856 870 misere
1909 797 2185 898 decepti
2239 815 2316 878 et
2364 807 2450 881 iis

306 939 525 1013 saepe
570 915 1047 1001 consentiant,
1103 915 1225 1011 qui
1276 926 1523 988 contra
1572 913 1788 988 huius
1841 912 2286 1012 Apostolicae
2322 921 2456 998 Se-

306 1037 447 1123 dis,
501 1057 585 1108 ac
632 1033 1050 1108 Nostrarum
1107 1033 1752 1130 Congregationum
1842 1035 2126 1111 decreta
2217 1041 2456 1116 decla·-

313 1163 543 1241 mant,
599 1175 681 1227 ac
712 1151 1097 1241 blaterant,
1149 1174 1239 1225 ea
1289 1151 1593 1225 liberum
1620 1151 1958 1228 scientiae
2002 1177 2454 1254 progressum

308 1271 681 1369 impedire,
736 1280 811 1344 et
860 1269 1168 1367 periculo
1220 1291 1299 1342 se
1350 1281 1720 1366 exponunt
1771 1293 1972 1346 sacra
2050 1265 2168 1348 illa
2247 1275 2456 1353 fran-

305 1389 519 1487 gendi
566 1387 1011 1464 obedientiae
1062 1386 1367 1474 vincula,
1406 1384 1664 1484 quibus
1717 1409 1808 1461 ex
1871 1385 2000 1462 Dei
2087 1392 2454 1472 voluntate

308 1508 547 1582 eidem
599 1503 1041 1603 Apostolicac
1094 1502 1258 1578 huic
1310 1503 1850 1600 obstringuntur
1901 1505 2094 1596 Sodi,
2177 1533 2362 1606 quae
2411 1536 2457 1588 a

310 1621 463 1699 Deo
498 1624 671 1720 ipso·
706 1620 1025 1695 veritatis
1044 1621 1417 1716 magistra,
1452 1630 1527 1693 et
1582 1619 1840 1694 vindex
1871 1620 2010 1696 fuit
2035 1627 2452 1701 constituta.

311 1737 557 1836 Neque
608 1735 1132 1835 ignorabamus,
1189 1737 1265 1808 in
1320 1731 1700 1812 Germania
1755 1738 1976 1810 etiam
2027 1737 2280 1814 falsam
2347 1742 2465 1816 in-

310 1856 620 1930 valuisse
671 1853 1075 1950 opinionem
1108 1853 1453 1928 adversus
1494 1865 1812 1928 veterem
1851 1853 2196 1945 scholam,
2227 1869 2305 1931 et
2327 1859 2464 1934 ad-

310 1996 565 2048 versus
616 1972 1015 2046 doctrinam
1040 1991 1481 2044 summorum
1516 1969 1798 2046 illorum
1834 1969 2252 2064 Doctorum,
2283 2000 2464 2075 quos

307 2105 605 2191 propter
652 2090 1135 2166 admirabilem
1190 2112 1439 2166 eorum
1490 2091 1942 2188 sapientiam,
1971 2105 2048 2166 et
2085 2094 2276 2170 vitae
2301 2121 2462 2172 san-

310 2210 643 2286 ctitatem
695 2207 1111 2284 universalis
1163 2218 1545 2282 veneratur
1596 2205 1939 2282 Ecclesia.
2031 2207 2192 2300 Qua
2277 2213 2460 2290 falsa

304 2329 641 2428 opinione
693 2328 915 2423 ipsius
966 2325 1327 2402 Ecclesiae
1378 2328 1762 2400 auctoritas
1791 2329 1887 2401 -in
1917 2329 2298 2408 discrimen
2327 2357 2462 2410 vo·

308 2459 543 2534 catur,
594 2443 1167 2541 quandoquidem
1220 2443 1375 2540 ipsa
1424 2441 1742 2520 Ecclesia
1793 2467 1938 2518 non
2020 2445 2252 2522 solum
2331 2471 2460 2546 per

306 2573 429 2641 tot·
452 2562 913 2640 continentia
964 2559 1243 2639 saecula
1296 2561 1643 2656 permisit,
1719 2573 1802 2636 ut
1867 2587 1960 2637 ex
2041 2567 2458 2640 eorumdem

288 2679 703 2764 Doctorum
730 2677 1095 2764 methodo,
1126 2687 1201 2750 et
1235 2699 1325 2750 ex
1353 2676 1714 2773 principiis
1743 2681 2104 2755 communi
2135 2683 2463 2756 omnium

302 2796 818 2874 catholicarum
872 2795 1269 2871 scholarum
1324 2785 1674 2870 consensu
1730 2797 2023 2870 sancitis
2067 2797 2474 2896 theologica.

304 2911 757 2990 excoleretur
806 2911 1127 2997 scientia,
1184 2932 1439 2986 verum
1491 2910 1710 2984 etiam
1765 2913 2180 3008 saepissime
2257 2939 2462 2992 sum-

304 3032 457 3108 mis
509 3027 833 3104 laudibus
887 3027 1357 3124 theologicam
1408 3051 1655 3104 eorum
1713 3029 2108 3106 doctrinam
2171 3034 2456 3124 extulit,

304 3151 651 3246 illamque
706 3146 929 3224 veluti
978 3145 1447 3221 fortissimum
1499 3145 1662 3220 fidei
1715 3153 2322 3247 propugnaculum
2384 3165 2459 3229 et

301 3267 757 3374 formidanda
806 3276 1053 3342 contra
1104 3289 1271 3340 suos
1323 3265 1645 3340 inimicos
1709 3288 1904 3340 arma
1995 3268 2458 3348 vehementer

302 3387 870 3462 commendavit.
926 3384 1117 3460 Haec
1167 3407 1335 3461 sane
1374 3385 1611 3462 omnia
1663 3409 1791 3480 pro
1845 3387 2246 3482 gravissimi
2331 3415 2458 3466 su-.

302 3502 545 3601 premi
596 3501 833 3578 Nostri
888 3500 1269 3599 Apostoliei
1322 3502 1700 3583 ministerii
1755 3525 2072 3580 -munere
2113 3557 2138 3592 ,
2192 3529 2274 3581 ac
2327 3529 2468 3604 pro

299 3619 651 3716 singulari
681 3621 1259 3718 illo.amore,quo
1295 3643 1543 3696 omnes
1582 3617 2003 3695 Germaniae
2037 3623 2459 3712 catholicos,

296 3738 755 3815 carissimam
783 3737 1147 3824 „Dominici
1164 3739 1397 3835 gregis
1426 3745 2275 3836 partem,prosequimur,
2311 3741 2458 3818 No-

298 3869 551 3932 strum
584 3854 1081 3945 sollicitabant,
1114 3869 1187 3930 et
1222 3855 1575 3953 angebant
1602 3857 1922 3932 animum
1951 3867 2064 3934 tot
2091 3857 2246 3932 aliis
2271 3882 2467 3954 pres-

298 3995 480 4053 sum
506 3977 849 4072 angustiis
886 3975 1035 4064 ubi,
1070 3989 1359 4074 accepto
1413 3976 1790 4050 memorati
1841 3975 2254 4052 Conventus
2277 4001 2458 4052 nun·

240 4145 249 4156 .
300 4093 447 4176 tio,
475 4114 589 4169 res
640 4116 855 4210 sppra
902 4095 1267 4190 expositas
1305 4092 1465 4168 Tibi
1500 4093 1988 4190 significandas
2017 4096 2460 4201 curavimus.¹

298 4207 703 4306 Postquam
761 4233 927 4288 vero
980 4235 1106 4309 per
1152 4212 1653 4288 brevissimum
1743 4213 2074 4296 nuntium
2169 4215 2257 4290 ad
2309 4212 2461 4294 Non

1813 4335 1900 4404 41
