3317 5267
2302 481 2445 550 699

325 597 556 684 datas,
594 606 670 669 et
701 593 792 666 ad
827 591 1238 666 universum
1267 589 1737 687 episcopalem
1766 603 2083 668 vestrum
2110 592 2447 668 Ordinem

327 715 608 799 missas,
647 729 950 808 quarum
997 707 1281 780 initium
1341 733 1374 776 «
1423 704 1695 783 Arcano
1748 705 2043 783 Divinae
2076 707 2455 784 Providen-

331 830 474 904 tiae
519 828 808 904 consilio
851 851 920 914 »,
957 837 1035 902 et
1069 847 1234 900 cum
1285 823 1616 900 omuibus
1651 825 1916 900 eisdem
1970 825 2446 916 facultatibuS,

333 967 516 1044 quae
565 969 696 1043 per
743 945 938 1042 ipsas
987 942 1296 1018 Litteras
1331 967 1373 1016 a
1425 942 1642 1019 Nobis
1692 945 1901 1020 datae
1951 944 2263 1020 fuerunt.
2307 944 2453 1022 Vo-

329 1065 568 1140 lumus
621 1074 889 1150 tamen,
926 1074 1010 1138 ut
1059 1087 1146 1138 ea
1179 1063 1420 1138 omnia
1470 1075 1871 1152 serventur,
1908 1085 2091 1162 quae
2142 1065 2217 1138 in
2242 1085 2453 1140 com·-

333 1182 750 1258 memoratis
772 1177 1058 1254 Litteris
1085 1180 1518 1277 praescripta
1543 1191 1737 1270 sunt,
1768 1192 1842 1254 et
1876 1203 1959 1255 ea
1985 1182 2451 1278 excipiantur,

336 1323 521 1398 quae
571 1309 868 1396 excepta
919 1321 1078 1374 esse
1129 1297 1667 1374 declaravimus.
1728 1297 1959 1398 Atque
2010 1300 2081 1375 id
2132 1299 2459 1374 concedi-

337 1438 527 1524 mus,
609 1439 752 1490 non
839 1415 1286 1492 obstantibus
1365 1417 1438 1490 in
1518 1417 1950 1492 contrarium
2036 1416 2462 1494 facientibus

336 1533 924 1632 quibuscumque,
961 1534 1180 1608 etiam
1233 1534 1520 1631 speciali
1555 1545 1633 1608 et
1670 1535 2022 1610 individua
2070 1535 2457 1625 mentione,

337 1673 422 1727 ac
469 1651 922 1750 derogatione
973 1652 1230 1748 dignis.
1272 1651 1372 1726 Ut
1422 1663 1665 1726 autem
1720 1655 1952 1727 omnis
1986 1653 2337 1730 dubitatio
2388 1666 2465 1729 et

337 1755 708 1844 difficultas
759 1783 1202 1858 amoveatur,
1258 1771 1671 1845 earumdem
1720 1768 2151 1847 Litterarum
2213 1795 2465 1848 exem-

340 1887 495 1985 plar
543 1889 632 1964 ad
683 1886 828 1964 Vos
877 1887 1172 1984 perferri
1223 1889 1582 1964 iussimus.

503 2033 540 2078 α
583 2006 968 2102 Rogemus,
1011 2003 1462 2082 venerabiles
1516 2005 1827 2096 Fratres,
1868 2009 1957 2082 de
2009 1997 2263 2083 intimo
2304 2031 2467 2084 cor-
2504 2032 2513 2040 ·

353 2149 388 2195 n
447 2125 536 2199 de
587 2135 663 2200 et
710 2126 800 2201 de
852 2138 1006 2201 tota
1055 2138 1300 2200 mente
1353 2127 1905 2204 misericordiam
1956 2125 2113 2216 Dei,
2170 2129 2335 2226 quia
2394 2140 2471 2202 et

355 2267 390 2313 n
449 2243 600 2339 ipse
651 2243 918 2318 addidit
965 2245 1258 2319 dicens:
1315 2244 1869 2320 misericordiam
1921 2255 2161 2319 autem
2232 2267 2467 2319 meam

357 2385 394 2430 n
447 2383 588 2435 non
639 2359 1036 2459 dispergam
1073 2362 1164 2436 ab
1213 2363 1341 2437 eis.
1384 2360 1725 2436 Petamus
1776 2373 1851 2436 et
1902 2363 2355 2459 accipiemus,
2396 2373 2473 2436 et

355 2501 392 2547 »
451 2478 514 2552 si
591 2478 974 2574 accipiendi
1023 2501 1228 2554 mora
1305 2490 1384 2554 et
1433 2479 1731 2554 tarditas
1808 2477 2019 2554 fuerit
2049 2531 2071 2567 ,
2137 2480 2475 2577 quoniam

357 2619 394 2666 »
451 2597 761 2693 graviter
819 2595 1240 2672 offendimus
1269 2647 1294 2686 ,
1347 2596 1713 2694 pulsemus
1744 2647 1767 2686 ,
1823 2598 1989 2695 quia
2038 2608 2115 2672 et
2163 2598 2474 2694 pulsanti

362 2738 399 2783 n
455 2714 830 2810 aperietur,
859 2717 922 2791 si
955 2717 1168 2792 modo
1209 2715 1496 2814 pulsent
1529 2717 1792 2792 ostium
1828 2739 2102 2814 preme,
2130 2718 2464 2813 gemitus,

361 2853 400 2900 »
457 2843 530 2905 et
565 2830 913 2928 lacrymae
963 2847 1276 2920 nostrae,
1314 2832 1570 2929 quibus
1621 2833 1947 2906 insistere
1998 2844 2074 2906 et
2108 2833 2471 2907 immorari

363 2971 398 3018 ι)
457 2957 766 3044 oportet,
802 2959 878 3021 et
911 2949 972 3022 si
1010 2947 1104 3021 sit
1140 2950 1494 3022 unanimis
1529 2947 1756 3023 oratio
1796 2999 1815 3017 .
1861 3000 1879 3019 .
1927 2999 1945 3016 .
1985 2948 2469 3044 unusquisque

365 3089 398 3134 n
459 3079 614 3140 oret
663 3063 892 3139 Deum
941 3088 1088 3140 nen
1132 3087 1261 3161 pro
1311 3087 1389 3138 se
1441 3074 1751 3151 tantum,
1786 3065 1909 3138 sed
1962 3085 2089 3160 pro
2140 3062 2471 3138 omnibus
2606 3025 2625 3072 '-

367 3205 400 3248 n
460 3179 792 3256 fratribus
822 3232 844 3268 ,
899 3181 1084 3256 sicut
1136 3177 1479 3255 Dominus
1529 3202 1731 3254 orare
1780 3203 1911 3254 nos
1960 3179 2201 3254 docuit
2238 3203 2273 3248 n
2334 3177 2467 3277 (1).

361 3295 516 3387 Quo
543 3321 712 3374 vero
737 3295 1008 3400 {acilius
1037 3295 1226 3372 Deus
1251 3295 1552 3383 Nostris,
1593 3295 2021 3394 vestrisque,
2052 3307 2126 3371 et
2150 3299 2469 3372 omnium

359 3415 666 3490 fidelium
703 3417 1056 3513 precibus,
1091 3419 1410 3514 votisque
1463 3427 1753 3502 annuat,
1790 3437 1953 3489 cum
2007 3417 2198 3490 omni
2223 3415 2477 3492 fiducia

286 3603 292 3610 .
361 3531 907 3627 deprecatricem
959 3535 1143 3631 apud
1196 3534 1382 3608 Eum
1435 3531 1894 3607 adhibeamus
1947 3532 2476 3609 Immaculatam

365 3649 1025 3746 sanctissimamque
1078 3648 1452 3746 Deiparam
1508 3649 1869 3746 Virginem
1920 3649 2241 3740 Mariam,
2297 3675 2479 3749 quae
2556 3637 2568 3664 '

363 3778 654 3839 cunctas
680 3765 1006 3842 haereses
1058 3768 1422 3842 interemit
1472 3769 1544 3840 in
1570 3767 1899 3844 universo
1934 3771 2229 3853 mundo,
2258 3792 2479 3868 quae-

368 3905 508 3980 que
586 3885 904 3957 omnium
981 3899 1304 3960 nostrum
1389 3887 1876 3960 amantissima
1952 3885 2179 3961 Mater
2238 3913 2271 3958 (ι
2333 3898 2484 3962 tota

375 4023 410 4068 n
469 3999 706 4073 suavis
758 4012 870 4074 est
877 4053 1014 4072 .....
1045 4025 1129 4075 ac
1177 4001 1386 4097 plena
1419 4002 1964 4091 misericordiae,
1977 4056 2114 4076 .....
2158 4003 2485 4078 omnibus

537 4269 625 4355 (1)
667 4275 726 4340 S.
773 4275 1054 4359 cyprian.
1100 4275 1288 4360 Epist.
1335 4277 1432 4342 11.
