3317 5267
919 430 1061 500 {74

909 543 1180 617 clarum
1229 541 1546 614 studium
1600 564 1729 635 pro
1778 551 2100 637 paterna,
2156 563 2299 638 qua
2352 562 2713 637 urgemur,
2754 539 3027 617 sollici-

915 659 1188 745 tudine,
1239 656 1729 731 cohortatione
1778 656 2035 733 Nostra
2085 656 2489 731 curavimus
2540 658 3037 733 excitandum:

911 800 1140 875 neque
1193 776 1624 862 dubitamuS,
1682 776 1852 873 quin
1906 778 1993 849 ad
2030 777 2429 851 communis
2466 788 2749 852 vestrae
2786 779 3041 853 salutis

908 894 1418 981 defensionem,
1475 918 1558 968 ac
1609 894 2065 967 securitatem
2121 892 2632 967 inflammetur.
2694 892 3039 969 Ceterum

911 1038 1328 1112 persuasum
1379 1014 1701 1087 habeatis
1754 1014 1826 1085 in
1878 1024 2160 1109 partem
2224 1014 2366 1088 Nos
2454 1014 2695 1087 venire
2774 1014 3041 1090 doloris

909 1135 1128 1206 vestri
1181 1132 1272 1205 oh
1325 1130 1873 1216 funestissimus,
1930 1130 2052 1225 qui
2108 1153 2235 1203 vos
2288 1152 2517 1227 nuper
2550 1131 3037 1227 perculerunt,

908 1272 1143 1336 casuS,
1195 1271 1278 1321 ac
1329 1248 1498 1322 dum
1551 1247 1857 1344 aliquam
1912 1248 2255 1343 pecuniae
2306 1268 2671 1320 summam
2722 1270 2855 1343 pro
2910 1272 3043 1321 an-

903 1367 1130 1466 gustis
1159 1418 1182 1451 ,
1236 1366 1310 1439 in
1359 1364 1618 1461 quibus
1670 1386 2037 1437 versamur
2071 1414 2092 1450 ,
2147 1362 2359 1437 rebus
2412 1365 2503 1437 ad
2556 1386 2683 1439 vos
2737 1366 3033 1438 mittere

900 1505 1392 1582 properamuS‚
1449 1494 1530 1553 ut
1581 1479 1865 1577 aliquod
1916 1482 2255 1555 nimirum
2312 1504 2442 1577 per
2492 1481 2639 1556 Nos
2688 1481 3039 1557 afferatur

901 1602 1120 1675 tantis
1171 1598 1574 1673 infortuniis
1626 1598 1979 1685 levamen,
2046 1598 2501 1673 obsecramus
2544 1650 2567 1685 ‚
2622 1612 2841 1695 atque
2902 1598 3037 1673 ob-

906 1731 1258 1794 testamur
1305 1716 1946 1790 misericordiarum
2015 1714 2299 1791 Patrem
2339 1768 2359 1802 ,
2416 1726 2499 1789 ut
2564 1716 2654 1789 ab
2734 1717 3019 1791 excelso

903 1835 1079 1911 solio
1131 1833 1390 1929 gloriae
1427 1830 1610 1904 Suae
1653 1832 2001 1929 respicere
2040 1836 2257 1904 istam
2286 1831 2463 1905 velit
2500 1832 2833 1905 dominici
2872 1856 3039 1928 gre-

906 1950 1012 2049 gis
1064 1962 1342 2046 partem
1385 2002 1406 2037 ,
1464 1957 1805 2045 tantaque
1858 1947 2197 2021 afflictam
2276 1948 2681 2022 calamitate
2732 1946 2971 2023 bonus
3008 2000 3031 2036 ,

901 2053 1390 2165 propitiusque
1443 2066 1709 2140 reficiat
1747 2118 1767 2152 ,
1826 2088 1907 2138 ac
1960 2075 2255 2138 recreet.
2315 2063 2527 2140 Faxit
2602 2065 3033 2139 immortalis

901 2182 1118 2271 Deus,
1173 2184 1372 2258 cuius
1425 2183 1500 2255 in
1553 2206 1771 2257 manu
1824 2182 2037 2257 corda
2088 2203 2340 2277 regum
2395 2192 2565 2253 sunt
2602 2232 2625 2267 ‚
2680 2192 2763 2254 ut
2816 2184 3037 2255 exci-

904 2314 1146 2379 tentur
1195 2302 1677 2397 potentissimi
1714 2301 2082 2375 christiani
2124 2301 2473 2396 principes
2502 2301 2591 2374 ad
2626 2300 3033 2394 reprimen-

903 2420 1033 2495 dos
1083 2418 1466 2491 infidelium
1517 2430 1841 2504 conatus,
1898 2440 1987 2489 ne
2040 2419 2113 2490 in
2166 2417 2579 2511 perniciem,
2622 2418 3029 2491 excidium-

903 2558 1042 2633 que
1093 2534 1454 2608 christiani
1511 2534 1819 2607 nominis
1872 2532 2419 2621 debacchentur,
2476 2546 2692 2631 atque
2757 2534 3031 2609 insole-

909 2664 1136 2737 scant.
1194 2652 1484 2727 Utinam
1523 2652 1897 2748 aliquando
1932 2651 2334 2748 intelligant
2374 2652 2591 2727 iidem
2642 2652 3029 2749 principes,

905 2793 1124 2870 quam
1173 2794 1388 2867 grave
1441 2772 1837 2878 immineat,
1876 2794 1959 2845 ac
1994 2794 2213 2866 prope
2234 2780 2659 2846 ‘extremum
2696 2771 3027 2845 societati

904 2887 1274 2964 universae
1327 2890 1731 3016 discrimen,
1786 2890 1923 2963 nisi
1976 2910 2174 2983 opes„
2226 2889 2553 2985 viresque
2590 2890 3033 2987 coniungant

905 3030 1070 3082 suas
1121 3006 1213 3080 ab
1263 3007 1733 3125 cohibendam
1786 3008 1901 3082 hic
1954 3006 2219 3103 pariter
2272 3007 2343 3079 in
2424 3006 2709 3104 Europa
2788 3010 3031 3105 perdi-

907 3136 1144 3200 torum
1181 3124 1570 3211 audaciam,
1611 3119 2101 3223 impetumque
2136 3120 2632 3218 frangendum,
2673 3125 2797 3222 qui
2838 3148 3027 3201 novo

901 3242 1206 3340 quodam
1259 3243 1529 3315 incensi
1579 3240 1814 3317 furore
1868 3241 1937 3313 id
1989 3242 2381 3317 moliuntur
2408 3292 2429 3328 ,
2486 3242 2555 3315 id
2608 3252 2831 3339 agunt
2860 3294 2883 3330 ,
2944 3256 3025 3319 ut

901 3380 1185 3433 omnem
1241 3360 1596 3455 religionis
1649 3380 1940 3433 sensum
1994 3358 2069 3431 in
2120 3357 2376 3431 animis
2414 3360 2867 3455 extinguant,
2918 3363 3028 3436 di·—

905 3477 1070 3549 vina
1119 3498 1468 3575 quaeque,
1497 3488 1576 3551 et
1601 3478 1911 3552 humana
1966 3478 2117 3550 iura
2170 3478 2659 3571 pessumdent,
2714 3488 2791 3552 et
2844 3478 3027 3553 sub-

907 3591 1054 3666 lato
1106 3592 1424 3689 quolibet
1475 3593 1668 3678 iusti,
1740 3604 1957 3689 atque
2008 3592 2255 3667 iniusti
2302 3593 2735 3681 discrimine,
2796 3596 3027 3669 socie-

900 3718 1128 3783 tatem
1176 3708 1550 3783 hominum
1625 3709 1980 3803 quoddam
2058 3710 2261 3805 quasi
2340 3720 2625 3806 septum
2704 3711 3011 3785 efficiant

896 3826 1284 3901 furentium
1336 3824 1751 3900 belluarum.
1813 3824 2079 3901 Verum
2130 3828 2203 3899 in
2256 3826 2389 3901 bac
2442 3838 2643 3901 tanta
2692 3828 3009 3903 civilium

897 3968 1138 4019 rerum
1191 3944 1678 4033 conversione,
1718 3946 1792 4019 in
1843 3946 1979 4023 hoc
2014 3958 2217 4023 tanto
2254 3970 2601 4023 novorum
2640 3949 3013 4023 turbinum

901 4075 1100 4137 metu
1151 4086 1236 4136 ea
1287 4062 1430 4137 Nos
1481 4074 1843 4139 sustentat
1892 4066 2227 4162 cogitatio
2268 4116 2289 4153 ,
2345 4068 2534 4163 quod
2587 4068 3019 4164 ubicumque

903 4193 1252 4253 terrarum
1281 4180 1494 4276 positi
1521 4180 1762 4259 fideles
1789 4182 2119 4271 servidaS,
2158 4184 2617 4281 assiduasque
2670 4184 3011 4261 attollunt
