3317 5267
2320 418 2463 495 203

1041 528 1294 621 PIUS
1347 529 1516 618 PP.
1579 530 1735 619 lx.

935 867 1014 915 Α»
1053 842 1390 923 narni-vni
1429 868 1522 915 nm
1562 865 1869 915 nucum

340 1156 718 1329 Arbiter,
774 1266 856 1318 ac
908 1244 1310 1319 moderator
1361 1264 1602 1319 rerum
1655 1245 1976 1319 omnium
2028 1240 2221 1319 Deus
2256 1244 2463 1320 foni-

341 1370 450 1432 ter
503 1360 958 1458 suaviterque
1010 1361 1392 1458 disponens
1444 1361 1684 1435 omnia
1738 1382 1880 1435 non
1934 1360 2091 1435 sine
2162 1361 2466 1435 mirabili

341 1474 836 1553 Pr0videntiae
861 1501 1030 1553 suae
1055 1478 1291 1555 effecit
1323 1478 1642 1567 consilio,
1681 1491 1765 1553 ut
1805 1478 2207 1577 Apostolica
2242 1478 2463 1555 Sedes

339 1594 528 1669 civili
579 1596 932 1693 potiretur
981 1598 1304 1687 ditione;
1382 1600 1721 1674 nimirum
1777 1609 1861 1673 ut
1910 1599 2035 1697 qui
2086 1600 2161 1671 in
2213 1599 2465 1673 eadem

339 1712 520 1789 Sede
554 1716 1026 1791 consisterent
1061 1716 1466 1793 Beatissimi
1505 1717 1699 1793 Petri
1739 1718 2238 1811 Apostolorum
2263 1716 2465 1793 Prin-

339 1828 514 1925 pris
565 1830 1047 1922 Successores,
1087 1834 1350 1931 quique
1385 1836 1792 1909 universam
1828 1834 2179 1910 moderari
2214 1832 2465 1909 Eccle-

339 1949 518 2023 siam
569 1974 700 2047 pro
751 1974 882 2027 suo
933 1952 1162 2029 officio
1216 1976 1300 2028 ac
1351 1976 1648 2027 munere
1700 1952 2041 2029 deberent
2078 2006 2101 2041 ,
2152 1964 2227 2028 et
2298 1952 2460 2028 fldei

339 2072 758 2167 morumque
811 2082 1190 2167 praecepta
1227 2094 1316 2144 ex
1353 2070 1470 2143 illa
1509 2082 1878 2167 tamquam
1915 2068 2269 2167 religionis
2304 2092 2463 2145 arce

339 2186 612 2260 cunctis
660 2186 804 2261 late
857 2187 1190 2285 gentibus
1242 2187 1693 2284 promulgare
1745 2188 1919 2261 nulli
1954 2186 2331 2263 subessent
2365 2188 2457 2263 ci-

341 2300 464 2373 vili
515 2302 839 2399 imperio,
896 2326 978 2377 ac
1031 2303 1252 2377 divini
1277 2304 1389 2376 sui
1425 2302 1803 2376 ministerii
1838 2314 2079 2400 partes
2112 2303 2186 2378 in
2222 2303 2461 2378 homi—

341 2440 514 2493 num
550 2420 856 2497 salutem
893 2420 1248 2495 liberrime
1285 2420 1757 2518 expediteque
1792 2431 2339 2519 exequerentur.
2382 2420 2461 2497 ld

335 2536 554 2634 probe
605 2536 1076 2636 intelligentes
1126 2536 1558 2614 callidissimi
1607 2538 1853 2616 hostes
1906 2538 2249 2614 Catholici
2304 2562 2453 2615 no-

341 2654 554 2729 minis
605 2655 886 2729 civilem
941 2654 1244 2731 Sanctae
1295 2656 1498 2731 Sedis
1549 2655 2026 2753 principatum
2080 2666 2237 2729 tum
2292 2678 2461 2753 per-

342 2769 608 2847 fidiosis
655 2771 953 2860 artibus,
1012 2784 1166 2847 tum
1221 2783 1466 2870 aperta
1517 2772 1737 2848 etiam
1786 2773 1857 2845 vi
1906 2796 2315 2871 oppugnare
2350 2774 2467 2847 in-

345 2888 756 2977 stituerunt,
813 2912 899 2963 eo
950 2890 1222 2965 scilicet
1253 2891 1521 2977 animo,
1560 2901 1648 2962 ut
1680 2888 2065 2965 faciliorem
2102 2890 2238 2963 sibi
2272 2891 2472 2992 viam·

344 3016 746 3081 sternerent
779 3008 868 3081 ad
903 3006 1325 3083 catholicam
1359 3008 1776 3105 religionem
1824 3006 2172 3095 fundituS,
2200 3008 2265 3081 si
2313 3008 2466 3082 fleri

345 3126 600 3223 possit,
639 3129 1124 3202 evertendam.
1166 3126 1364 3219 Quae
1399 3126 1520 3203 ubi
1557 3129 1870 3225 primum
1906 3126 2259 3226 patefacta
2295 3139 2467 3201 sunt

345 3242 612 3317 nefaria
661 3242 974 3331 consilia,
1029 3242 1434 3320 incredibile
1470 3244 1825 3341 quoddam
1862 3244 1950 3318 ad
1978 3244 2250 3318 tuenda
2284 3242 2466 3329 San-

345 3370 504 3435 ctae
555 3360 756 3437 Sedis
801 3362 962 3457 jura
1007 3362 1328 3436 omnium
1381 3382 1911 3459 quaquaversus
1946 3358 2468 3435 catholicorum

347 3476 662 3553 studium
715 3478 1014 3566 exarsit3
1065 3478 1298 3575 neque
1345 3476 1539 3553 enim
1591 3476 1943 3552 inferioris
1974 3486 2257 3553 tantum
2292 3498 2467 3555 con-

350 3593 640 3670 ditionis
690 3594 1046 3684 homines,
1100 3596 1226 3671 sed
1275 3594 1699 3671 nobilissimi
1752 3596 1971 3670 etiam
2022 3596 2301 3693 generis
2336 3594 2469 3670 viri

353 3712 611 3809 spretis
663 3711 994 3787 omnibus
1033 3713 1186 3786 sive
1223 3710 1717 3799 incommodis,
1754 3712 1906 3787 sive
1943 3708 2271 3809 perieulis
2304 3711 2472 3786 laeti

349 3830 754 3927 alacresque
804 3828 1118 3927 undique
1169 3830 1590 3905 advolarunt
1641 3828 1945 3903 militiae
1986 3828 2283 3904 Nostrae
2336 3849 2471 3903 no·-

351 3972 520 4024 men
571 3948 830 4035 daturi,
885 3957 969 4021 ut
1021 3970 1064 4021 a
1115 3944 1524 4022 Pontiflciae
1575 3946 1867 4022 ditionis
1916 3944 2173 4019 finibus
2224 3942 2469 4019 hosti-

347 4068 492 4142 lem
545 4066 1099 4164 aggressionem,
1151 4062 1604 4163 furoremque
1656 4063 2176 4162 propulsarent.
2212 4060 2469 4137 Noster

361 4208 576 4298 porro
629 4183 832 4259 brevi
885 4181 1207 4278 tempore
1243 4203 1299 4255 a.
1321 4181 1690 4257 clarissimi
1724 4179 2032 4257 nomInis
2064 4179 2245 4256 duce
2272 4198 2477 4256 com-

1245 4412 1327 4513 b
