3317 5267
2060 421 2206 493 315

185 553 311 613 ater
357 561 466 613 eos
516 534 1018 613 Christifideles
1073 540 1300 637 magis
1353 539 1424 611 in
1477 539 1628 612 dies
1664 536 2219 633 multiplicandis

185 670 266 731 ite
301 654 794 731 Canonieorum
845 674 1184 727 numerus
1219 655 1596 753 aliquando
1627 664 1968 749 augeatur
2002 664 2219 750 atque

185 776 305 847 deo
343 772 599 867 aliquot
649 768 1054 867 Cappellani
1091 796 1216 845 seu
1254 772 1704 846 mansionarii
1740 770 2221 867 superaddan-

185 916 269 978 η,
299 890 748 985 indulgentes,
779 902 860 962 ut
893 886 1290 987 Episcopus
1329 892 1402 965 in
1443 894 1765 985 tempore
1803 886 2223 985 Cayesensis

185 1008 333 1083 bere
359 1005 666 1083 conferre
703 1006 936 1083 valeat
969 1008 1530 1083 nominationem
1568 1017 1642 1079 et
1674 1006 2218 1093 institutionem,

185 1144 334 1195 uam
361 1133 609 1198 vocant
637 1122 856 1197 etiam
883 1122 1411 1210 investituram,
1441 1122 1530 1197 ad
1558 1120 1961 1216 hujusmodi
1972 1118 2224 1193 Cathe-

185 1239 326 1313 ralis
361 1238 657 1337 Capituli
696 1237 1092 1335 Dignitates
1127 1252 1202 1314 et
1229 1232 1747 1323 canonicatus,
1798 1237 2111 1335 itemque
2136 1236 2226 1310 ad

185 1356 596 1451 appellanias
633 1378 762 1429 seu
814 1356 1318 1432 Mansionarias
1347 1354 1941 1453 quandocumque
1964 1352 2226 1427 fuerint

185 1475 220 1545 »i
246 1474 630 1560 institutae,
657 1496 792 1547 nec
819 1496 962 1548 non
987 1474 1073 1548 ad
1103 1472 1548 1548 Parochialia
1579 1494 1707 1567 per
1746 1484 1973 1559 totam
1998 1460 2231 1567 'Cayc-

185 1614 394 1665 msem
424 1590 818 1669 Dioecesim
871 1592 1254 1667 obtinenda
1290 1602 1368 1664 et
1403 1590 1823 1686 possidenda
1858 1588 2221 1677 beneficia,

185 1708 540 1804 roindeque
581 1708 668 1781 ad
707 1707 1142 1783 Paroeciales
1168 1730 1450 1806 quoque
1496 1706 1801 1802 vicarias
1838 1730 1965 1781 seu
1998 1710 2227 1783 coad-

185 1826 406 1899 itorias
471 1823 706 1901 forsan
771 1826 1258 1901 adsciscendas
1292 1850 1310 1896 :
1373 1824 1600 1901 Canto
1653 1826 2065 1923 ceteroquin
2124 1838 2228 1915 ut,

209 1943 746 2017 constituendae
775 1940 1174 2017 Cathedrali
1229 1942 1582 2019 Ecclesiae
1616 1946 2009 2017 animarum
2062 1966 2231 2017 cura

185 2062 386 2133 {nexa
423 2058 662 2147 fuerit,
703 2084 786 2135 ea
823 2062 1208 2135 habitualis
1261 2084 1480 2157 penes
1533 2061 1769 2157 ipsum
1822 2057 2227 2156 Capitulum

185 2177 418 2251 asideat
461 2227 482 2263 ‚
538 2177 832 2251 actualis
885 2200 1054 2253 vero
1107 2200 1234 2273 per
1283 2175 1681 2253 Par-ochum
1735 2174 1825 2249 ab
1876 2174 2227 2273 Episcopo

185 2292 370 2365 ihinc
421 2293 558 2366 rite
609 2293 1126 2367 instituendum
1201 2304 1615 2371 exerceatur
1653 2344 1677 2379 ,
1756 2294 1961 2389 eique
2022 2294 2083 2367 si
2153 2302 2231 2364 et

185 2412 400 2488 lando
437 2413 574 2507 ipsi
611 2409 968 2509 Episcopo
1021 2412 1092 2483 in
1148 2410 1452 2487 Domino
1503 2422 1831 2507 oportere
1871 2409 1979 2485 vel
2004 2408 2227 2487 satius

185 2528 448 2623 zpedire
515 2528 752 2603 visum
785 2525 1002 2601 fuerit
1055 2526 1234 2602 alter
1290 2527 1398 2601 vel
1451 2527 1671 2601 etiam
1726 2524 1961 2622 plures
1998 2526 2223 2598 coad-

185 2656 376 2719 tores
451 2642 844 2742 presbyteri
935 2644 1260 2741 congruis
1339 2641 1795 2741 pensionibus
1880 2663 2227 2717 remune-

190 2766 310 2839 ndi
365 2764 874 2839 adsciscantur.
2232 2778 2237 2784 ·

263 2878 398 2955 Cui
427 2881 714 2979 quidem
747 2879 986 2954 futuro
1024 2878 1378 2977 capitum,
1411 2891 1492 2953 ut
1521 2900 1769 2955 omnes
1796 2876 2049 2975 singuli
2079 2877 2231 2973 ejus

185 2998 514 3093 ignitarii,
549 3020 632 3071 ac
670 2995 1030 3081 Canonici,
1071 3007 1148 3069 et
1179 2994 1592 3091 Cappellani
1627 3018 1757 3069 seu
1783 2992 2230 3069 Mansionarii

235 3112 642 3187 choralibus
677 3127 752 3187 et
787 3111 1288 3210 capitularibus
1323 3112 1887 3210 quibuscumque
1923 3112 2233 3187 functio-

185 3232 320 3307 bus
373 3232 796 3328 peragendis
834 3241 984 3303 tam
1023 3232 1094 3303 in
1131 3230 1320 3303 dicta
1356 3227 1757 3303 cathedrali
1790 3252 2005 3326 quam
2032 3239 2234 3303 extra

185 3370 302 3419 am
361 3346 864 3445 (Dioecesanos
919 3358 1160 3421 tamen
1206 3347 1392 3419 intra
1465 3342 1757 3442 limites)
1822 3345 2237 3421 indumenta

213 3466 530 3561 insignia
564 3463 1052 3557 Ecclesiastica
1091 3484 1272 3560 quae
1313 3459 1721 3558 Dignitariis
1755 3486 1838 3537 ac
1863 3461 2235 3537 Canonicis

235 3580 696 3679 cappellanis
749 3580 863 3655 vel
913 3579 1404 3655 Mansionariis
1453 3579 1755 3653 aliorum
1816 3578 2235 3655 viciniorum

185 3700 526 3796 [jusmodi
579 3698 1058 3795 Capitulorum
1113 3698 1506 3795 respective
1557 3680 1891 3771 concessa
1942 3718 2235 3791 compe-

185 3842 266 3891 m
278 3829 402 3891 tur
437 3838 668 3913 usque
703 3815 1044 3889 hactenus
1083 3814 1661 3911 comprobantur,
1700 3812 2085 3889 dummodo
2122 3834 2239 3907 pe-

193 3934 360 4005 liari
411 3954 508 4007 ex
561 3932 836 4007 indulto
873 3943 996 4005 aut
1031 3954 1328 4009 oneroso
1366 3930 1574 4003 titulo
1608 3952 1751 4004 non
1789 3928 2055 4017 fuerint
2089 3926 2239 4002 col-

185 4063 250 4123 ta
291 4061 374 4123 et
411 4050 787 4146 acquisita,
833 4049 1018 4123 licite
1055 4047 1414 4144 libereque
1465 4044 1765 4133 deferre,
1804 4044 2137 4123 adhibere
2162 4056 2239 4118 et

185 4168 408 4239 luere
466 4165 774 4251 valeant,
827 4163 1038 4239 simili
1093 4162 1494 4257 Apostolica
1547 4161 1965 4235 auctoritate
2018 4160 2236 4235 etiam
2284 4172 2293 4181 '

185 4294 474 4380 zrpetuo
525 4280 1005 4366 concedimus,
1061 4276 1823 4379 eidemqueCapitulo,
1864 4276 1983 4351 ubi
2020 4275 2233 4353 fuerit
