3317 5267
2274 509 2413 584 659

294 627 471 705 dolis
522 624 918 726 quibusque
971 627 1614 704 machinationibus
1668 629 1931 704 iamdiu
1983 630 2055 702 in
2105 630 2415 704 schisma

297 745 642 820 violenter
691 745 900 818 tracti
941 798 963 831 ‚
1029 758 1104 820 et
1167 744 1486 841 impediti
1539 743 1628 817 ad
1675 745 2119 820 redeundum
2170 745 2242 821 in
2293 769 2416 822 ca·-

297 862 598 936 tholicae
649 860 1003 944 Ecclesiae
1057 863 1402 958 gremium
1441 912 1464 948 ,
1522 862 1743 936 veluti
1797 872 2221 958 exoptarent
2256 913 2281 949 ,
2334 885 2418 938 ac

297 976 848 1052 innumerabiles
901 979 1116 1050 etiam
1171 978 1370 1052 latini
1421 980 1600 1052 ritus
1635 977 1963 1053 catholici
2014 1002 2143 1074 per
2192 979 2421 1052 mixta

296 1093 720 1190 praesertim
775 1094 1222 1168 matrimonia
1275 1093 1663 1168 catholicae
1716 1093 2073 1168 Ecclesiae
2126 1093 2352 1190 erepti
2391 1143 2415 1178 ‚

294 1222 374 1284 ct
402 1209 606 1306 pueri
630 1209 990 1284 catholicis
1017 1208 1426 1306 parentibus
1463 1210 1715 1295 orbati,
1744 1209 1879 1287 sub
1910 1209 2173 1294 tutelae
2210 1233 2419 1307 prae-

302 1339 534 1416 textu,
589 1329 658 1400 in
711 1327 1128 1425 longinquas
1181 1329 1502 1426 regiones
1551 1328 1941 1415 amandati,
1978 1351 2020 1402 a
2072 1327 2417 1403 catholico

293 1447 492 1522 cultu
527 1447 780 1534 avulsi,
820 1457 894 1518 et
933 1447 1000 1518 in
1037 1445 1440 1520 schismatis
1475 1444 1853 1522 discrimen
1892 1443 2197 1520 adducti.
2236 1441 2417 1518 Hinc

298 1567 649 1639 innumeri
703 1565 1042 1662 cuiusque
1095 1566 1397 1662 generiS,
1453 1564 1737 1651 aetatis,
1776 1583 1991 1638 sexus
2046 1577 2121 1640 et
2172 1563 2418 1640 condi-

285 1685 516 1760 tionis
567 1682 896 1758 catholici
947 1705 1398 1780 summopere
1452 1683 1717 1769 afflicti,
1772 1695 1847 1755 et
1897 1683 1975 1762 in
2026 1682 2423 1760 remotissi-

287 1825 452 1877 mas
505 1817 728 1876 terras
785 1801 1172 1876 transducti
1217 1853 1237 1888 ,
1305 1812 1380 1876 et
1430 1801 1950 1881 catholicorum·
1996 1801 2261 1898 templa
2310 1801 2423 1875 di-

297 1933 526 2016 repta,
579 1920 873 2016 polluta,
921 1941 1004 1994 ac
1057 1919 1434 1996 incultum
1474 1921 1969 2007 acatholicum,
2010 1920 2121 1994 vel
2173 1920 2245 1992 in
2282 1920 2420 1992 mi-

303 2038 544 2112 litares
623 2039 965 2113 stationes
1025 2059 1366 2114 conversa
1413 2089 1434 2127 ‚
1499 2049 1574 2114 et
1633 2037 1958 2114 catholici
2022 2038 2423 2114 sacerdotes
2520 2066 2527 2070 ·

295 2154 779 2259 miserandum
815 2153 886 2226 in
927 2154 1215 2230 modum
1269 2156 1532 2242 vexati,
1573 2155 1861 2252 suisque
1896 2151 2099 2228 honis
2134 2154 2417 2250 spoliati

293 2271 382 2345 ad
437 2270 716 2344 tristem
769 2280 1262 2366 paupertatem
1313 2271 1580 2348 redacti
1623 2321 1645 2356 ,
1703 2291 1787 2343 ae
1839 2268 1949 2342 vel
2004 2269 2075 2342 in
2128 2267 2421 2344 exilium

294 2385 504 2484 pulsi,
551 2386 661 2460 vel
715 2387 784 2458 in
823 2409 1174 2460 carcerem
1214 2387 1480 2460 detrusi
1523 2386 1634 2461 vel
1672 2387 1889 2460 etiam
1944 2388 2204 2474 necati,
2242 2410 2424 2483 pro-

297 2505 730 2601 ptereaquod
782 2505 854 2577 in
908 2505 1055 2580 acie
1111 2505 1520 2591 vulneratis,
1581 2502 2190 2604 morientibusque
2244 2505 2425 2580 sacri

297 2623 672 2696 ministerii
726 2645 964 2719 opem,
1024 2624 1502 2720 auxiliumque
1540 2622 1723 2698 ferre
1757 2623 1947 2698 haud
2000 2623 2421 2704 omiserunt.

291 2737 592 2828 ‚Accedit
645 2741 888 2829 etiam,
928 2753 1012 2814 ut
1045 2764 1208 2816 cum
1246 2739 1681 2838 Presbyteri,
1740 2753 1897 2814 tum
1952 2739 2135 2816 laici'
2162 2742 2234 2812 in
2272 2742 2427 2817 exi·-

297 2855 468 2928 lium
521 2856 723 2930 missi
776 2857 970 2929 omni
1023 2859 1509 2932 sanctissimae
1559 2866 1855 2931 nostrae
1906 2857 2263 2952 religionis
2314 2883 2426 2932 so-

295 2973 496 3060 latio,
551 2974 1041 3070 praesidioque
1093 2999 1328 3049 carere
1361 2974 1698 3062 debeant,
1742 2985 1961 3070 utque
2014 2971 2425 3051 Lithuania’e

295 3090 660 3165 catholicis
715 3089 910 3186 optio
969 3091 1136 3163 data
1197 3087 1410 3164 fuerit
1476 3091 1584 3164 vel
1649 3088 1927 3163 exsules
1990 3087 2293 3164 abeundi
2346 3092 2419 3164 in

289 3209 890 3284 disiunctissimas
952 3209 1272 3306 regiones
1313 3261 1334 3295 ,
1401 3208 1510 3282 vel
1561 3207 1927 3282 deficiendi
1980 3209 2421 3292 acatholica

295 3325 656 3422 religione.
714 3323 904 3398 Haec
949 3335 1030 3398 et
1081 3324 1212 3398 alia
1247 3348 1418 3399 sane
1467 3324 1769 3420 lugenda
1822 3345 1859 3394 a
1920 3323 2219 3401 Russico
2272 3323 2422 3400 Gu-

295 3440 542 3516 bernio
578 3453 824 3516 contra
867 3438 1290 3515 catholicam
1329 3439 1723 3516 Ecclesiam
1763 3439 2245 3516 indesinenter
2280 3463 2425 3538 pa·-

298 3571 600 3636 trantur.
657 3559 1010 3657 Equidem
1064 3560 1206 3634 Nos
1283 3561 1634 3635 immenso
1714 3581 2039 3636 moerore
2117 3560 2425 3636 confecti

289 3664 620 3752 lacrimas
673 3679 1032 3752 continere
1081 3701 1224 3752 non
1277 3699 1657 3775 possumus
1688 3730 1711 3766 ‚
1766 3699 1929 3752 cum
2007 3680 2371 3754 videamus
2403 3730 2424 3768 ,

304 3790 448 3870 Vos
477 3845 500 3882 ,
556 3791 1009 3870 venerabiles
1061 3793 1348 3869 Fratres
1379 3847 1400 3882 ,
1457 3818 1538 3872 ac
1590 3795 1891 3872 dilectos
1959 3795 2139 3872 filios
2190 3797 2428 3872 fideles

287 3911 680 3986 catholicos
732 3909 1061 3986 omnihus
1140 3911 1276 3984 illis
1325 3912 1761 4008 gravissimis
1847 3913 2429 3998 insectationibus
2532 3907 2537 3914 ’

295 4027 668 4115 obnoxios,
706 4027 960 4126 quibus
1011 4041 1650 4106 commemoratum
1706 4027 2145 4106 Gubernium
2180 4031 2431 4108 catho-

291 4143 503 4220 licam
553 4143 766 4218 fidem
821 4154 896 4216 et
948 4145 1357 4241 religionem
1409 4157 1565 4220 tum
1618 4149 1692 4220 in
1750 4145 2085 4223 Poloniae
2148 4147 2427 4244 Regno,

295 4275 452 4338 tum
505 4264 576 4338 in
630 4263 784 4338 aliis
840 4267 1256 4360 praesertim
1309 4265 1492 4339 illius
1547 4263 1831 4362 Imperii
1880 4265 2285 4364 regionibus
2338 4267 2425 4342 ad

295 4383 626 4461 ultimum
679 4383 1056 4462 discrimen
1109 4386 1450 4463 adducere
1503 4397 1821 4472 conatur.
