3317 5267
998 570 1249 665 PIUS
1304 574 1474 662 PP.
1538 572 1692 665 lx.
2284 460 2424 533 ¹3⁷

888 968 963 1015 aa
1006 946 1342 1017 rsarsrvu
1384 970 1475 1017 am
1516 969 1822 1017 usnemu

286 1300 533 1465 Cum
589 1384 953 1465 Catholica
1008 1388 1327 1467 Ecclesia
1378 1412 1421 1464 a
1474 1388 1766 1466 Christo
1816 1386 2124 1469 Domino
2149 1389 2420 1468 hinda-

282 1516 359 1581 ta
412 1520 489 1582 et
540 1508 895 1597 instituta,
950 1510 1039 1585 ad
1093 1510 1607 1608 sempiternam
1658 1511 2038 1588 hominum
2101 1510 2422 1585 salutem·

276 1625 669 1699 curandam
695 1679 719 1713 ,
773 1625 1129 1723 perfectae
1212 1628 1577 1703 societatis
1626 1627 1936 1704 fonnem
1991 1628 2062 1701 vi
2131 1628 2422 1703 divinae

280 1762 453 1815 suae
493 1742 963 1820 institutionis
1000 1744 1413 1832 obtinuerit,
1452 1768 1537 1819 ea
1569 1746 1864 1842 proinde
1890 1744 2220 1819 libertate
2255 1744 2416 1841 pol-

278 1856 427 1932 le're
476 1856 717 1948 debet,
756 1874 839 1935 ut
872 1862 945 1934 in
996 1882 1203 1938 sacro
1253 1884 1385 1937 suo
1438 1862 1838 1938 ministerio
1871 1861 2200 1938 obeundo
2237 1861 2413 1935 nulli

277 1972 471 2050 civili
520 1976 863 2074 potestati
940 1977 1331 2054 subiaceat.
1385 1976 1485 2053 Et
1544 1979 1884 2077 quoniam
1937 1979 2030 2053 ad
2103 1978 2322 2053 libere
2353 2031 2378 2066 ,

278 2102 369 2165 ut
416 2114 545 2190 par
588 2106 745 2169 erat
772 2146 795 2185 ‚
848 2097 1201 2193 agendum
1254 2096 1339 2171 iis
1394 2096 1756 2195 indigebat
1807 2096 2178 2194 praesidiis
2225 2118 2410 2193 quae

276 2220 689 2308 temporum
738 2214 1123 2289 conditioni
1176 2236 1259 2287 ac
1310 2213 1728 2287 necessitati
1765 2224 2264 2312 congruerent,
2309 2212 2416 2287 ic-

270 2327 465 2405 circo
512 2328 849 2427 singulari
896 2354 1187 2428 prorsus
1238 2330 1523 2405 divinae
1572 2332 2066 2428 providentiae
2115 2329 2412 2410 consilio

268 2444 542 2523 factum
592 2458 707 2523 est
734 2500 757 2537 ‚
810 2446 895 2523 'ut
944 2472 1113 2525 cum
1164 2449 1569 2525 Romanum
1606 2451 1876 2525 corruit
1911 2450 2296 2548 Imperium
2333 2461 2412 2523 et

271 2562 347 2637 in
373 2564 579 2661 plura
602 2562 739 2638 fuit
774 2586 994 2663 regna
1029 2566 1363 2655 divisum,
1397 2565 1768 2642 Romanus
1799 2565 2160 2654 Pontifex,
2191 2588 2406 2663 quem

268 2678 600 2757 Christus
625 2682 847 2757 totius
880 2681 1241 2757 Ecclesiae
1266 2706 1437 2758 suae
1472 2688 1690 2781 caput
1723 2696 2195 2781 centrumque
2231 2706 2408 2757 con-

264 2802 531 2891 stituit,
586 2802 867 2877 civilem
920 2814 1419 2900 assequeretur
1469 2805 1970 2902 principatum.
2021 2803 2184 2893 Quo
2233 2823 2410 2879 sane

265 2942 309 2993 a
362 2916 513 2997 Deo
546 2921 705 3017 ipso
740 2920 1261 3018 sapientissime
1313 2921 1720 2997 consultum
1774 2930 1912 3009 est,
1968 2934 2052 2997 ut
2085 2924 2160 2995 in
2199 2932 2400 2996 tanta

264 3040 767 3137 temporalium
796 3038 1205 3138 Principum
1232 3041 1690 3116 multitudine
1715 3065 1799 3115 ac
1827 3041 2174 3115 varietate
2199 3040 2408 3115 Sum-

258 3178 429 3231 mus
480 3154 813 3232 Pontifex
862 3157 981 3231 illa
1034 3156 1388 3233 frueretur
1436 3158 1728 3254 politica
1777 3158 2108 3232 libertate
2137 3210 2159 3245 ‚
2216 3178 2403 3255 quae

260 3284 637 3372 tantopere
670 3276 1066 3351 necessaria
1100 3288 1217 3351 est
1272 3275 1363 3349 ad
1422 3276 1870 3371 spiritualem
1921 3298 2126 3351 suam
2192 3286 2406 3373 pote-

259 3402 556 3482 statem,
586 3394 1089 3469 auctoritatem
1126 3405 1202 3469 et
1238 3392 1804 3467 iurisdictionem
1841 3403 1992 3469 toto
2031 3392 2202 3469 orbe
2237 3392 2406 3467 abs-

270 3530 417 3609 que
470 3509 613 3588 ullo
648 3510 1171 3609 impedimento
1224 3511 1724 3585 exercendam.
1768 3508 1998 3607 Atque
2051 3511 2152 3584 ita
2206 3510 2414 3607 plane

254 3626 588 3717 decebat,
642 3650 735 3703 ne
788 3628 1139 3705 catholico
1190 3626 1343 3704 orbi
1378 3628 1519 3705 ulla
1548 3631 1858 3705 oriretur
1883 3629 2163 3705 occasio
2195 3629 2409 3703 dubi-

254 3748 461 3825 tandi
499 3799 524 3838 ‚
578 3748 893 3846 impulsu
962 3748 1265 3826 fortasse
1330 3750 1649 3825 civilium
1729 3758 2172 3847 potestatum
2212 3799 2233 3836 ,
2291 3747 2406 3821 vel

250 3867 575 3965 partium
650 3864 888 3941 studio
938 3865 1100 3942 duci
1152 3868 1579 3967 quandoque
1628 3888 1844 3964 posse
1895 3867 1970 3939 in
2022 3862 2404 3941 universali

260 3986 765 4083 procuratione
816 3986 1123 4082 gerenda
1178 3986 1437 4063 Sedem
1494 3984 1717 4075 illam,
1757 3986 1846 4061 ad
1875 4006 2094 4084 quam
2114 3997 2405 4084 propter

248 4104 617 4205 potiorem
660 4102 1281 4207 principalitatem
1359 4128 1639 4183 necesse
1694 4117 1795 4180 est
1839 4128 2124 4181 omnem
2158 4102 2408 4181 Eccle-

262 4223 455 4298 siam
506 4224 919 4301 convenire.
