3317 5267
2275 459 2414 528 ¹67

305 572 575 647 mensis
628 570 791 645 Maii
843 568 1035 643 edito
1086 564 1517 645 Clericorum
1596 566 1999 643 Placentiae
2071 570 2416 645 Semina-—

304 691 493 763 rium
544 686 1007 762 claudendum
1044 672 1539 784 praescripsit,
1578 697 1662 759 ut
1698 685 2190 762 Placentinum
2233 690 2414 763 ulci-

302 817 621 881 sceretur
668 804 1129 902 Episcopum,
1166 806 1289 901 qui
1324 804 1585 878 merito
1616 826 1698 876 se
1733 803 2076 878 abstinuit
2111 829 2154 878 a
2189 807 2416 879 sacris

298 920 713 1018 peragendis
746 922 1235 1007 caeremoniis,
1274 945 1455 1019 quae
1492 944 1535 994 a
1568 920 1753 994 civili
1791 922 2402 1019 praecipiebantur

296 1022 678 1136 potestate.
738 1036 837 1112 Ac
872 1038 1125 1113 deinde
1161 1038 1347 1112 idem
1391 1038 1976 1135 vigilantissimus
2013 1038 2406 1138 Episcopus

300 1156 437 1232 fuit
461 1156 1047 1255 comprehensus,
1088 1166 1303 1253 atque
1340 1180 1381 1229 a
1416 1180 1543 1229 sua
1578 1153 1900 1231 Dioecesi
1937 1152 2298 1253 abreptus,
2339 1170 2418 1232 et

302 1275 693 1373 Augustam
746 1276 1213 1350 Taurinorum
1262 1276 1634 1360 deductus,
1711 1297 1794 1347 ac
1864 1288 2022 1348 tum
2093 1299 2402 1363 carcere,

306 1404 461 1469 tum
512 1394 809 1490 pecunia
860 1395 1273 1479 damnatus;
1327 1416 1503 1491 quas
1556 1416 1824 1490 poenas
1876 1392 2096 1466 etiam
2131 1392 2412 1468 subiere

302 1511 525 1609 ipsius
574 1510 910 1607 Episcopi
963 1510 1283 1584 Vicarius
1338 1508 1732 1597 Generalis,
1771 1522 1848 1583 et
1897 1510 2216 1585 nonnulli
2253 1510 2418 1584 Pla-

298 1630 561 1705 centini
591 1626 948 1703 Canonici.
976 1626 1209 1723 Atque
1244 1627 1489 1701 eadem
1526 1627 1615 1701 de
1652 1650 1866 1702 causa
1903 1638 2060 1701 tum
2097 1630 2168 1701 in
2209 1652 2416 1703 usur-

303 1749 497 1845 patis
550 1746 827 1821 Nostris
885 1744 1221 1819 Aemiliae
1276 1745 1690 1841 provinciis,
1723 1757 1880 1819 tum
1931 1746 2004 1819 in
2058 1746 2212 1820 aliis
2245 1747 2418 1819 locis

306 1865 619 1939 iniustae
654 1862 1081 1959 subalpinae
1118 1861 1585 1936 dominationi
1622 1862 2078 1958 potissimum
2115 1862 2416 1935 subditis

300 1982 539 2080 plures
572 1981 835 2079 egregii
871 1978 1327 2055 Venerabiles
1364 1980 1651 2055 Fratres
1687 1978 2054 2075 Episcopi,
2083 1991 2161 2053 et
2189 1981 2420 2055 eccle-

292 2098 557 2171 siastici
611 2096 783 2185 Viri,
848 2120 929 2171 ae
994 2096 1511 2193 Religiosarum
1582 2097 2042 2173 Familiarum
2125 2096 2412 2171 Alnmni

295 2237 429 2312 per
456 2214 1171 2289 summam'iniuriam
1224 2215 1694 2289 vehementer
1745 2218 2012 2301 vexati,
2052 2238 2134 2289 ac
2183 2217 2418 2291 duris-

288 2336 513 2409 simae
560 2334 999 2432 inquisitioni
1050 2334 1364 2421 obnoxii,
1420 2355 1724 2430 quorum
1761 2356 1904 2410 non
1941 2334 2148 2430 pauei
2187 2334 2406 2407 etiam

286 2452 738 2549 deprehensi,
794 2462 869 2525 et
922 2450 1034 2525 vel
1088 2452 1163 2523 in
1216 2451 1509 2525 exilium
1563 2452 1824 2538 exacti,
1867 2452 1979 2525 vel
2017 2452 2090 2523 in
2129 2451 2410 2526 vincula

253 2572 617 2647 coniecti.
654 2568 835 2643 Hinc
870 2567 1381 2645 Pro-vicarius
1418 2568 1884 2646 Bononiensis
1913 2571 2000 2645 de
2031 2570 2140 2645 sui
2179 2568 2416 2645 Cardi-

282 2688 535 2764 dinalis
588 2686 1110 2785 Archiepiscopi
1162 2710 1249 2764 eo
1300 2688 1458 2784 ipso
1512 2699 1860 2783 tempore,
1915 2714 2058 2786 quo
2095 2689 2410 2762 animam

284 2808 567 2907 agebat,
625 2807 841 2883 latere
893 2808 1235 2893 divulsae,
1292 2818 1367 2879 et
1418 2806 1491 2880 in
1542 2830 1900 2881 carcerem
1959 2808 2247 2895 missus,
2323 2832 2406 2882 ac

280 2926 539 3002 deinde
576 2936 733 2999 tum
768 2926 1091 3021 pecunia,
1132 2936 1289 2999 tum
1326 2948 1609 2999 carcere
1648 2925 2016 2999 multatus.
2063 2924 2410 2999 Ubivero

279 3043 721 3120 clarissimus
772 3044 889 3117 ille
944 3042 1535 3139 Archiepiscopus
1592 3066 1684 3117 ex
1720 3044 1852 3117 hac
1893 3045 2050 3117 vita
2084 3044 2418 3138 migravit

194 3202 199 3205 -
289 3158 955 3255 Archiepiscopatus
989 3156 1457 3233 Bononiensis
1495 3158 1684 3233 bona
1721 3157 2038 3233 eiusdem
2077 3156 2414 3232 Gubernii

290 3276 863 3353 admnistrationi
916 3277 1161 3349 statim
1213 3274 1529 3349 subiecta
1562 3274 1880 3349 fuerunt.
1925 3274 2104 3349 Hinc
2139 3275 2228 3349 ab
2263 3276 2416 3369 ipso

286 3392 650 3469 Gubernio
696 3393 1135 3469 Venerabilis
1185 3393 1435 3467 Frater
1488 3394 1974 3489 pientissimus
2028 3392 2412 3469 Faventiae

278 3512 685 3609 Episcopus
734 3513 1047 3609 primum
1101 3511 1391 3585 militari
1444 3512 1766 3586 custodia
1817 3511 1890 3583 in
1943 3512 2090 3587 suis
2121 3512 2412 3588 aedibus

282 3643 569 3727 septus,
622 3631 1187 3729 proptereaquod
1240 3631 1437 3727 gravi
1498 3628 1944 3705 conflictatus
2019 3629 2266 3707 morbo
2339 3633 2412 3705 in

284 3770 649 3823 carcerem
709 3749 1037 3823 contrudi
1088 3750 1381 3821 minime
1434 3747 1778 3843 potuerit,
1835 3770 1914 3823 ac
1966 3760 2216 3846 postea
2235 3727 2414 3823 ’car-

278 3889 451 3941 cere
500 3877 577 3941 et
624 3869 923 3964 pecunia
975 3868 1379 3943 damnatus.
1420 3866 1599 3939 Hinc
1638 3866 2140 3963 spectatissimi
2185 3865 2408 3942 vestri

278 3983 613 4080 Collegae
666 3982 919 4060 Dilecti
954 3984 1112 4059 Filii
1166 3985 1406 4061 Nostri
1442 3986 1519 4059 S.
1562 3983 1652 4057 R.
1693 3982 1781 4057 E.
1825 3980 2414 4060 Cardinales·A1-

274 4104 781 4203 chiepiscopus
835 4104 1133 4179 Pisanus
1187 4106 1473 4179 militari
1522 4128 1742 4179 manu
1793 4103 2350 4201 comprehensus
2380 4153 2403 4188 ,

278 4246 323 4296 a
382 4244 515 4301 suo
566 4246 779 4321 grege
832 4222 1145 4310 avulsus,
1186 4238 1261 4297 et
1316 4222 1714 4321 Augustam
1755 4223 2224 4299 Taurinorum
2263 4232 2418 4294 tra-
