3317 5267
884 440 1036 513 236·

874 554 1078 649 longe
1132 552 1349 625 distat
1406 547 1493 619 ab
1549 544 1719 617 urhe
1774 540 2099 630 Lucensi,
2156 550 2357 617 ortus
2398 538 2689 615 loannes
2726 551 2867 627 est,
2918 562 3009 613 ae
3074 598 3085 613 .

873 674 1022 766 jam
1075 669 1236 741 inde
1289 690 1330 739 a
1383 666 1612 762 prima
1665 674 1901 735 aetate
1952 683 2165 757 grave
2216 659 2579 757 quiddam,
2636 681 2719 731 ac
2757 642 3013 731 matu-

879 810 1036 858 rum
1091 808 1256 882 prae
1311 808 1386 857 se
1442 782 1635 869 tulit3
1692 782 1791 851 ita
1844 802 1882 851 a
1935 778 2219 851 ludicris
2270 777 2505 864 rehuS,
2546 776 2805 874 quibus
2844 798 3015 849 ma-

875 903 1068 973 xime
1120 900 1275 995 capi
1329 900 1516 972 solet
1571 895 1861 991 puerilis
1938 908 2135 968 aetas
2198 895 2467 969 alienus
2506 948 2527 983 ,
2600 893 3011 969 solitudinis

877 1032 996 1091 tan
1009 1031 1156 1091 tum
1211 1041 1293 1090 ae
1348 1015 1773 1112 precationis
1827 1035 2065 1085 amore
2130 1013 2527 1088 tenebatur.
2607 1011 3009 1086 Pueritiam

875 1148 1088 1233 atque
1117 1133 1661 1237 adolescentiam
1692 1153 1910 1228 quum
1950 1133 2361 1206 innocenter
2397 1130 2887 1225 transegisset,
2928 1139 3005 1199 et

876 1251 1284 1347 aequalibus
1338 1252 1482 1324 suis
1537 1250 1837 1322 eximiae
1891 1249 2172 1322 virtutis
2225 1249 2693 1343 praeluxisset
2745 1268 3003 1319 exem-

877 1368 1020 1464 plo,
1077 1390 1299 1442 annos
1353 1378 1564 1439 natus
1622 1366 1867 1460 viginti
1920 1386 2044 1437 sex
2109 1379 2397 1439 vocatus
2450 1388 2491 1438 a
2544 1364 2693 1439 Deo
2732 1365 2815 1437 ad
2856 1385 3009 1457 po·-

875 1488 1186 1560 ncndum
1241 1486 1775 1559 Ecclesiasticae
1827 1485 2118 1557 militiae
2172 1486 2595 1579 tyrocinium
2650 1483 2829 1568 arti,
2888 1482 3005 1555 cui

877 1602 1143 1677 dudum
1171 1627 1247 1676 se
1269 1605 1473 1698 jussu
1501 1604 1721 1697 patris
1751 1603 2141 1687 addixerat,
2180 1603 2519 1675 nuncium
2548 1602 2875 1676 alacriter
2900 1622 3009 1671 re·

877 1720 1100 1806 misit3
1138 1732 1214 1793 et
1247 1720 1412 1792 licet
1449 1730 1687 1791 aetate
1723 1719 2048 1815 grandior
2076 1719 2259 1791 inter
2296 1742 2549 1815 pueros
2586 1719 2893 1815 publicis
2930 1720 3001 1789 in

879 1836 1138 1911 scholis
1192 1837 1454 1909 versari
1513 1858 1656 1910 non
1712 1835 2017 1919 erubuit,
2058 1848 2139 1905 ut
2176 1837 2681 1930 grammaticae
2744 1836 3009 1909 latinae

879 1952 1490 2047 praeceptionibus
1519 1953 1935 2026 erudiretur.
1956 1948 2231 2023 Exinde
2259 1954 2486 2047 posita
2518 1964 2671 2025 tum
2703 1954 2775 2024 in
2802 1952 3009 2025 litte-

879 2069 976 2139 ris
1007 2081 1162 2141 tum
1193 2069 1262 2140 in
1293 2068 1801 2164 philosophicis
1834 2090 1916 2140 ac
1956 2066 2371 2163 theologicis
2404 2068 2793 2162 disciplinis
2832 2092 3009 2163 ope-

877 2210 980 2271 ra,
1012 2189 1186 2261 adeo
1215 2188 1283 2258 in
1337 2188 1594 2261 iisdem
1633 2186 1969 2285 profecit,
1998 2198 2082 2259 ut
2110 2198 2413 2282 quatuor
2448 2210 2800 2261 annorum
2840 2210 3009 2283 spa-

882 2302 982 2373 tio
1033 2303 1154 2373 vix
1191 2318 1468 2389 exacto,
1502 2304 1793 2378 idoneus
1846 2303 1941 2375 sit
1990 2301 2277 2377 habitus
2314 2303 2403 2376 ad
2442 2326 2678 2377 sacros
2716 2305 3001 2377 ordines

884 2419 1388 2513 suscipiendos.
1445 2417 1600 2507 Qua
1653 2431 1807 2493 erat
1858 2420 2074 2491 animi
2128 2418 2553 2496 demissione
2606 2420 3003 2493 Sacerdotii

881 2534 1300 2628 dignitatem
1351 2537 1801 2619 detrectavit,
1858 2536 1980 2607 sed
2032 2537 2505 2609 conscientiae
2540 2558 2710 2610 suae
2750 2538 3005 2610 mode-

883 2650 1138 2723 ratoris
1197 2651 1486 2725 vocibus
1538 2651 2039 2747 obtemperans
2092 2674 2289 2727 sacro
2344 2654 2461 2725 illo
2514 2655 2761 2729 ordine
2814 2656 3007 2728 insi-

883 2767 1120 2861 gnitus
1169 2780 1310 2856 est,
1360 2779 1438 2842 et
1489 2770 1803 2841 maximo
1856 2788 2017 2841 cum
2073 2770 2317 2842 ardore
2370 2772 2587 2842 animi
2640 2784 2713 2845 et
2768 2772 3003 2866 lacry-

883 2905 1158 2971 marum
1209 2886 1434 2961 imbre
1484 2888 1811 2983 perfusus
1864 2908 2015 2960 rem
2066 2889 2379 2962 divinam
2444 2890 2755 2984 primum
2826 2888 3007 2962 fecit

883 3025 1065 3076 anno
1119 3003 1564 3078 MDLXXlll.
1619 3002 1755 3093 Qui
1812 3028 1851 3077 a
1904 3006 2152 3100 primis
2206 3008 2411 3079 annis
2460 3006 2619 3079 fidei
2658 3008 3005 3103 mysteria

879 3142 1135 3215 pueros
1180 3124 1474 3197 edocere
1523 3126 1594 3196 in
1647 3124 1911 3197 deliciis
1964 3123 2339 3210 habuerat,
2395 3148 2609 3221 seque
2662 3140 3003 3196 aeternae

891 3238 1262 3313 hominum
1332 3240 1576 3315 salutis
1649 3240 2101 3334 praestiterat
2168 3242 2793 3329 studiosissimum,
2870 3243 3009 3315 Sa-

883 3358 1128 3433 cerdos
1179 3356 1405 3431 factus
1459 3358 1530 3429 in
1585 3378 1742 3428 cam
1798 3376 2039 3427 curam
2094 3358 2319 3432 multo
2368 3357 2597 3432 aerius
2650 3356 3003 3443 incubuit3

880 3475 1140 3569 quippe
1190 3487 1484 3549 noverat
1536 3476 1985 3549 Sacerdotem
2025 3476 2253 3561 otiari,
2294 3498 2375 3549 ac
2410 3498 2681 3549 cessare
2718 3498 2997 3571 nequa-

881 3612 1096 3687 quam
1147 3591 1428 3679 dehere3
1465 3593 1588 3666 sed
1623 3592 1885 3666 fortem
1924 3606 2291 3689 tamquam
2326 3594 2624 3665 militem
2662 3594 3001 3687 evaganti

879 3708 1212 3781 vitiorum
1263 3708 1592 3783 licentiae
1642 3708 1910 3781 bellum
1962 3710 2269 3783 indicere
2302 3762 2320 3796 ,
2377 3708 2841 3805 hominesque
2906 3712 2997 3783 ad

880 3848 1092 3899 omne
1139 3828 1492 3923 religionis
1545 3826 1853 3901 officium
1912 3830 2223 3901 excitare
2294 3838 2511 3924 atque
2586 3827 2989 3901 incendere.

881 3940 1198 4018 lamvero
1249 3944 1416 4018 illud
1453 3944 1951 4040 percommode
2006 3944 2331 4041 contigit,
2388 3954 2470 4019 ut
2520 3955 2829 4040 quatuor
2862 3942 3001 4017 bo-

879 4080 1010 4130 nae
1062 4060 1311 4134 indolis
1358 4059 1685 4153 juvenes,
1743 4061 2221 4156 integerrimis
2274 4082 2499 4156 aeque
2536 4082 2617 4134 ac
2652 4060 3001 4135 suavissi-

879 4174 1018 4245 mis
1067 4174 1341 4249 loamis
1394 4176 1707 4251 moribus
1761 4176 1971 4251 illecti
2024 4177 2211 4252 ultro
2266 4198 2343 4249 se
2378 4177 2607 4249 eidem
2646 4176 3001 4249 adiunxe-
