3317 5267
1634 510 1637 513 ,
2240 442 2376 515 ΠΙ

269 552 531 652 quibus
580 555 669 628 ad
743 554 877 628 hoc
928 562 1086 627 tum
1166 556 1664 631 auctoritatem
1740 567 1897 632 tum
1971 556 2382 631 missionem

266 672 859 768 Archiepiscopus
913 672 1319 759 contulerit,
1374 695 1507 747 nec
1556 684 1812 769 postea
1869 674 2328 749 revocaverit.

1114 904 1291 978 Αιιτ.
1348 903 1533 979 Vlll.

426 1144 759 1221 Liberum
800 1147 935 1217 erit
990 1144 1535 1241 Archiepiscopo
1586 1146 1876 1241 erigere·
1907 1146 2385 1221 Seminarium

272 1262 473 1335 iuxta
506 1261 809 1337 formam
852 1259 1145 1335 Concilii
1182 1258 1603 1347 Tridentini,
1644 1261 1718 1333 in
1753 1260 1944 1359 quod
1981 1262 2385 1337 adolescen-

271 1386 385 1449 tes
416 1388 495 1450 et
558 1400 817 1473 pueros
868 1375 1357 1451 informandos
1410 1376 1770 1463 admittet,
1845 1400 2024 1474 quos
2094 1399 2224 1472 pro
2257 1400 2390 1451 ne-

264 1497 601 1573 cessitate
632 1508 709 1571 et
742 1494 1051 1571 utilitate
1089 1494 1507 1571 Dioeceseos
1543 1518 1712 1570 suae
1763 1498 2202 1593 recipiendos
2251 1497 2390 1571 du·-

166 1650 207 1695 ·‚
260 1613 477 1685 xerit.
511 1610 729 1687 Cuius
758 1613 1135 1688 Seminarii
1162 1614 1541 1701 ordinatio,
1570 1614 2384 1712 doctrina,gubematio,

269 1742 349 1805 et
399 1732 917 1808 administratio
971 1731 1493 1831 Archiepiscopi
1574 1736 1984 1809 auctoritati
2035 1736 2246 1831 pleno
2299 1736 2388 1807 li·-

266 1846 583 1947 beroque
636 1852 789 1925 iure
842 1852 1157 1925 subiecta
1192 1863 1427 1925 erunt.
1486 1850 1873 1949 Propterea
1919 1852 2262 1928 Rectores
2313 1867 2392 1927 et

273 1966 721 2043 Professores
770 1992 899 2043 seu
950 1970 1329 2066 Magistros
1391 1969 1978 2067 Archiepiscopus
2059 1972 2390 2047 nomina-

265 2084 405 2173 bit,
459 2096 533 2159 et
583 2088 1167 2185 quotiescumque
1208 2098 1333 2162 aut
1382 2088 1862 2165 necessarium
1925 2098 2053 2161 aut
2085 2088 2260 2163 utile
2297 2089 2386 2162 ab

271 2202 433 2297 ipso
482 2202 909 2292 censebitur,
960 2203 1385 2279 removebit.

1158 2432 1333 2507 Αιιτ.
1390 2434 1513 2507 ΙΧ.

430 2668 783 2761 Quamdiu
832 2690 1003 2745 vcro
1054 2669 1525 2743 Seminarium
1576 2670 1782 2743 iuxta
1855 2668 2162 2744 formam
2225 2670 2388 2744 Tri-

266 2790 541 2863 dentini
594 2786 885 2862 Concilii
936 2810 1081 2863 non
1133 2786 1347 2861 fuerit
1399 2788 1896 2875 constitutum,
1936 2786 2209 2862 Sancta‘
2247 2787 2380 2861 Se-

270 2910 401 2983 des
452 2908 543 2983 ob
596 2902 947 3005 pecularia
981 2928 1225 2980 rerum
1262 2906 1595 2980 adiuncta
1644 2905 2030 2995 consentit,
2085 2917 2172 2979 ut
2219 2906 2396 2979 inte-

272 3026 415 3097 rim
468 3024 861 3121 theologiae
886 3022 1236 3097 candidati
1270 3022 1344 3094 in
1394 3021 1655 3097 scholis
1694 3022 1992 3118 publicis
2028 3020 2396 3096 Universi-

280 3142 459 3217 tatis
508 3140 1001 3238 Friburgensis
1052 3139 1307 3215 studiis
1380 3148 1668 3226 vacent,
1735 3150 1954 3235 atque
2003 3136 2394 3233 Goilegium

280 3260 759 3356 theologicum
806 3279 937 3332 seu
970 3257 1361 3343 convictus,
1414 3257 1541 3351 qui
1592 3256 1738 3329 iam
1777 3265 1988 3329 antea
2013 3252 2392 3341 existebat,-

278 3380 743 3453 instauretur.

437 3492 725 3589 Collegii
774 3492 979 3567 istius
1032 3514 1201 3566 vero
1251 3489 1566 3586 regimen
1602 3500 1678 3562 et
1711 3488 2056 3584 inspectio
2107 3489 2395 3564 omnino

284 3634 510 3709 penes
566 3608 1187 3704 Archiepiscopum
1236 3608 1395 3695 erit,
1434 3607 1559 3703 qui
1591 3604 1884 3703 proinde
1934 3606 2399 3681 domesticam

274 3728 721 3825 disciplinam
772 3724 1205 3822 praescribet
1234 3778 1255 3813 ,
1310 3726 1503 3799 viros
1556 3747 1648 3797 ex
1699 3722 1956 3819 quibus
2025 3722 2398 3798 consilium

275 3870 411 3922 seu
462 3844 869 3920 commissio
918 3842 1273 3919 constabit
1334 3842 1830 3919 aeconomicac
1883 3840 2200 3915 eiusdem
2237 3838 2404 3914 Col-

278 3964 453 4061 legii
502 3961 1091 4037 administrationi
1139 3962 1570 4057 praeposita,
1610 3960 1928 4054 itemque
1993 3956 2398 4043 Rectorem,

284 4083 743 4181 Repetitores
812 4090 887 4153 et
934 4078 1419 4153 Oeconomum
1470 4073 1868 4151 nominabit
1899 4125 1921 4162 ,
1999 4083 2212 4169 atque
2283 4094 2404 4147 eos

278 4224 535 4279 onmes
582 4201 657 4275 in
714 4198 1107 4275 exercendo
1160 4218 1453 4271 munere
1504 4194 1786 4290 diriget,
1842 4191 1932 4265 ab
1986 4212 2216 4288 eoque
2275 4212 2393 4263 re·
2465 4234 2474 4241 ·

1874 4312 1916 4379 8
