3317 5267
2336 470 2429 541 55

303 592 697 695 pagabam,
752 592 874 670 ubi
926 591 1266 667 nomades
1321 588 1612 667 tribules
1664 591 1739 663 in
1788 586 2201 686 gentilitatis
2252 606 2439 660 erro-

301 737 609 811 rumque
643 710 954 787 tenebris
990 707 1218 783 adhuc
1271 710 1548 795 sedent,
1581 706 1753 803 quin
1788 705 2073 787 obviam
2124 703 2439 781 habeant

303 832 494 924 unde
545 828 1024 925 evangelicam
1081 825 1310 898 lucem
1347 824 1703 909 hauriant,
1752 832 1973 919 atque
2028 821 2127 893 ita
2178 821 2262 894 ad
2316 842 2441 893 ae·-
2490 898 2499 905 ,

306 960 552 1021 ternae
603 944 964 1019 beatitatis
1036 940 1328 1034 januam
1409 941 1695 1014 tandem
1749 938 2121 1035 aliquando
2180 957 2439 1034 perve-

307 1066 535 1139 uiant.

461 1180 590 1255 His
623 1177 956 1255 omnibus
982 1188 1262 1253 mature
1291 1178 1687 1273 perpensis,
1716 1176 2161 1272 benignoque
2198 1174 2435 1250 animo

307 1322 554 1397 preces
581 1298 1014 1394 excipientes
1051 1295 1488 1371 Venerabilis
1513 1296 1783 1369 Fratris
1810 1294 2003 1369 Petri
2034 1292 2321 1369 Antonii
2350 1292 2439 1367 de

310 1417 568 1493 Torres
618 1415 938 1489 hodierni
991 1412 1516 1509 Popayanensis
1567 1410 1930 1509 Episcopi,
1958 1413 2079 1508 qui
2132 1409 2437 1511 Praede-

308 1556 671 1629 censorum
698 1554 990 1609 suorum
1044 1532 1342 1627 vestigia
1377 1543 1723 1628 sequutus
1758 1531 1981 1605 semel
2036 1542 2251 1625 atque
2304 1529 2441 1602 ite-

304 1674 466 1727 rum
520 1652 610 1726 de
660 1651 794 1725 hac
847 1669 1017 1723 suae
1046 1648 1523 1742 amplissimae
1561 1646 1918 1721 Dioecesis
1970 1644 2442 1721 dismembra-

309 1770 502 1844 tione
553 1790 686 1865 pro
737 1768 999 1843 utiliori
1052 1788 1342 1841 suarum
1369 1765 1630 1839 Ovium
1682 1764 1871 1839 bono
1926 1764 2245 1839 facienda
2300 1761 2441 1837 Nos

305 1885 680 1981 flagitavit,
753 1884 841 1958 ad
895 1883 1238 1979 majorem
1292 1881 1528 1956 Divini
1579 1882 1891 1957 nominis
1946 1880 2283 1965 Gloriam,
2348 1882 2437 1953 ad

305 2002 690 2079 catholicae
743 2002 1102 2099 religionis
1154 2002 1705 2087 incrementum,
1757 2010 2043 2073 matura
2094 1998 2444 2073 delibera-

311 2120 528 2206 tione,
583 2118 950 2194 contrariis
1003 2117 1425 2214 quibusque,
1465 2116 1755 2212 speciali
1808 2116 2026 2189 etiam
2080 2116 2441 2189 mentione

307 2236 570 2331 dignis,
621 2235 916 2310 minime
953 2232 1432 2319 obstantibus,
1475 2232 1583 2307 vel
1620 2234 1724 2307 eis
1763 2234 2096 2329 peculiari
2148 2234 2443 2329 deroga·-

309 2354 504 2429 tione
555 2352 692 2429 hoc
741 2353 812 2425 in
865 2376 1034 2427 casu
1086 2351 1300 2438 illata,
1356 2374 1446 2425 ex
1497 2362 1693 2425 certa
1746 2352 2041 2425 scientia
2097 2362 2439 2447 motuque

305 2470 621 2565 propri0‚
661 2468 990 2544 omnibus
1029 2469 1372 2543 interesse
1410 2468 1863 2555 habentibus,
1902 2468 2009 2541 vel
2061 2469 2446 2567 quomodo·

307 2585 486 2661 libet
563 2585 827 2659 habere
903 2583 1522 2681 praesumentibus
1573 2585 1835 2659 auditis
1866 2636 1887 2670 ,
1969 2596 2043 2657 et
2094 2596 2443 2681 quatenus

315 2724 496 2797 opus
549 2698 764 2774 fuerit
795 2752 816 2787 ,
899 2700 1313 2796 supplentes
1383 2723 1474 2773 ex
1547 2698 1991 2795 Apostolicae
2072 2700 2449 2795 potestatis

309 2820 754 2915 plenitudine
831 2820 1156 2915 superius
1207 2830 1671 2893 memoratam
1738 2820 2315 2904 reservationem,
2372 2820 2446 2891 in

314 2934 734 3031 Apostolicis
811 2934 1102 3009 Litteris
1177 2934 1439 3011 factam
1497 2934 1700 3010 Anno
1754 2934 2123 3013 Millesimo
2194 2935 2445 3010 Octin-

307 3053 704 3147 gentesimo
779 3048 1332 3147 Quadi-agesimo
1397 3048 1733 3137 secundo,
1790 3062 2021 3125 ratam
2073 3051 2447 3137 habemus,

312 3179 740 3266 tempusque
791 3191 948 3243 esse
983 3169 1316 3243 duximus
1365 3168 1576 3263 juxta
1603 3169 1925 3243 moderni
1976 3167 2445 3267 Popayanen-

315 3285 416 3359 sis
465 3308 746 3382 quoque
783 3282 1116 3381 Episcopi
1143 3286 1600 3373 sententiam,
1629 3286 1741 3358 cui
1771 3308 2011 3359 rursus
2046 3268 2212 3358 illud
2266 3308 2449 3381 quo-

311 3424 456 3499 que
507 3400 910 3497 Capitulum
941 3398 1356 3489 Cathedrale
1393 3402 1865 3499 obsequenter
1912 3401 2269 3498 probeque
2324 3424 2445 3477 ac-

311 3524 554 3611 cessit,
593 3534 676 3597 ut
729 3524 1018 3597 tandem
1071 3523 1444 3619 aliquando
1497 3544 1683 3597 nova
1734 3523 1911 3596 haec
1964 3520 2319 3599 Dioecesis
2372 3523 2447 3597 in

311 3640 634 3715 America
685 3640 1119 3715 Meridionali
1173 3642 1747 3722 constitueretur.

471 3759 578 3834 Ab
629 3760 978 3835 ordinaria
1007 3761 1246 3858 itaque
1299 3758 1609 3833 cuiusvis
1666 3756 2189 3854 Popayanensis
2244 3756 2447 3831 Prae-

310 3880 486 3956 sulis
585 3879 1066 3976 jurisdictione
1157 3890 1371 3974 atque
1427 3880 2049 3954 administratione
2105 3878 2387 3973 penitus
2418 3930 2447 3965 ,

308 3996 661 4084 absolute,
690 4009 1176 4093 perpetuoque
1203 3996 1610 4070 eximantur
1664 3997 1927 4070 nedum
1964 3994 2121 4067 illae
2160 3992 2450 4073 Provin÷

311 4115 490 4203 ciac,
531 4138 710 4212 quae
767 4110 1007 4204 Pasto,
1049 4115 1448 4211 luguerres‚
1503 4125 1578 4192 et
1626 4113 2021 4189 Barbacoas
2074 4112 2449 4188 vernacule

309 4234 798 4323 nominantur,
853 4236 1370 4315 verumetiam
1423 4234 1725 4312 alterum
1778 4234 1949 4310 illud
2004 4233 2440 4310 territorium
