3317 5267
1722 501 1731 510 ,
2333 450 2472 519 411

370 569 637 643 tionem
692 566 1215 643 accuratissime
1267 564 1641 637 certiorem
1693 558 1906 636 faciat
1957 562 2044 637 de
2098 563 2184 637 iis
2257 584 2484 659 nego-

376 686 519 771 tiis,
576 687 649 758 in
702 708 881 783 quae
932 686 1083 779 ipse
1134 680 1505 756 incumbit.

526 800 673 875 Iam
730 824 897 875 vero
931 824 1095 875 cum
1136 800 1311 872 haec
1346 796 1814 894 congregatio
1849 800 2282 895 praescripto
2319 822 2480 875 mo·-

370 920 461 993 do
514 944 555 991 a
606 918 821 995 Nobis
873 920 1181 993 excitata
1271 940 1433 1013 pars
1486 918 1581 989 sit
1658 913 2232 1013 Congregationis
2283 916 2480 991 Fidei

369 1034 893 1133 Propagandae,
950 1049 1105 1109 tum
1158 1037 1385 1109 eidem
1418 1056 1643 1108 novae
1681 1020 2246 1130 Congregationi,
2285 1035 2476 1109 eius-

366 1180 507 1254 que
557 1158 885 1233 omnibus
936 1158 1363 1232 officialibus
1399 1156 1851 1231 concedimus
1903 1166 1980 1229 et
2029 1156 2482 1251 impertimur

368 1297 615 1350 omnes
676 1276 1047 1350 facultates
1110 1290 1187 1350 et
1248 1276 1609 1371 privilegia
1679 1272 2220 1371 congregationi
2283 1272 2478 1347 Fidei

374 1391 871 1489 Pr⁰pagandae
925 1416 966 1465 a
1006 1394 1347 1467 Romanis
1384 1392 1842 1468 Pontificibus
1899 1390 2484 1492 Praedecessori—

367 1509 501 1584 bus
552 1510 825 1585 Nostris
881 1509 1225 1585 attributa
1278 1534 1363 1585 ea
1415 1510 1619 1608 plane
1673 1511 1944 1583 ratione
1973 1562 1994 1598 ,
2038 1534 2176 1606 qua
2229 1511 2478 1583 eadem

367 1628 729 1736 privilegia
784 1641 859 1702 et
910 1628 1285 1703 facultates
1346 1630 1419 1701 in
1480 1628 1878 1723 praesentia
1931 1628 2200 1723 vigent.
2257 1626 2480 1701 Huius

370 1758 613 1819 autem
663 1744 1273 1843 congregationiS,
1312 1747 1424 1820 cui
1478 1746 1784 1841 praeerit
1823 1768 1948 1841 pro
1989 1768 2308 1833 munere,
2337 1770 2480 1843 quo

368 1862 711 1958 fungitur,
763 1861 1111 1937 Praefecti
1166 1862 1513 1958 generalis
1550 1860 2132 1958 Congrcgationis
2169 1862 2258 1935 de
2297 1860 2476 1937 Pro-

366 1981 687 2077 paganda
741 1978 937 2067 Fide,
992 1978 1305 2053 Dilectus
1333 1979 1551 2053 Filius
1588 1980 1846 2054 Noster
1875 1980 2270 2053 Alexander
2302 1978 2478 2053 Pre-

367 2099 613 2196 sbyter
664 2096 1047 2173 Cardinalis
1100 2100 1423 2200 Bai-nabo
1470 2152 1493 2187 ,
1546 2097 1948 2172 Cardinales
2028 2098 2350 2195 eligimus
2403 2108 2478 2173 et

365 2220 821 2293 nominamus
874 2218 1327 2293 venerabiles
1382 2216 1664 2292 Fratres
1715 2218 2012 2293 Nostros
2064 2217 2478 2293 Constanti-

362 2358 539 2410 num
592 2334 850 2409 Patrizi
888 2336 1325 2433 Episcopum
1381 2335 1854 2411 Portuensem
1911 2348 1987 2408 et
2021 2336 2094 2409 S.
2151 2336 2472 2420 Rufinae,

363 2477 447 2528 ac
496 2452 932 2529 Ludovicum
974 2454 1221 2529 Altieri
1257 2454 1694 2552 Episcopum
1734 2453 2236 2543 Albanensem,
2276 2456 2478 2531 item-

360 2594 499 2668 que
528 2570 833 2645 Dilectos
846 2571 1057 2647 Filios
1086 2572 1377 2648 Nostros
1406 2572 1779 2646 Camillum
1809 2570 1894 2646 Di
1921 2572 2160 2649 Pietro
2187 2574 2478 2649 S.loan·

364 2689 475 2761 nis
526 2700 693 2762 ante
728 2687 1019 2763 Portam
1072 2688 1427 2778 Latinam,
1469 2688 1802 2764 Cat-olum
1843 2690 2144 2765 Reisach
2179 2690 2256 2765 S.
2297 2689 2478 2765 Cae-

366 2808 593 2894 ciliae,
634 2822 709 2882 et
741 2808 1125 2883 Antonium
1154 2810 1449 2883 Mariam
1482 2808 1931 2883 Panebianco
1968 2810 2094 2882 SS.
2129 2808 2256 2881 Xll
2287 2807 2476 2905 Apo·-

368 2925 714 3000 stolorum
768 2926 1230 3025 Presbyteros
1286 2926 1717 3012 CardinaleS,
1778 2948 1907 2998 nec
1972 2950 2115 2999 non
2169 2924 2480 2999 Dilectos

364 3042 579 3117 Filios
632 3044 923 3119 Nostros
976 3044 1270 3118 Petrum
1326 3044 1575 3119 Marini
1612 3042 1687 3115 S.
1730 3041 1994 3115 Nicolai
2051 3044 2122 3115 in
2179 3038 2474 3114 Carcere
2551 3076 2558 3083 ·

371 3162 720 3249 Tulliano,
753 3162 1082 3237 Iacobum
1116 3160 1467 3235 Antonelli
1496 3160 1569 3233 S.
1591 3159 1906 3255 Agathae
1945 3160 2030 3232 ad
2059 3157 2474 3249 Suburram,

368 3290 445 3351 et
493 3277 922 3374 Prosperum
976 3278 1291 3351 Caterini
1346 3277 1419 3350 S.
1464 3276 1724 3349 Mariae
1761 3276 1849 3347 de
1891 3274 2090 3347 Scala
2133 3272 2474 3351 Diaconos

370 3392 803 3483 CardinaleS,
844 3419 929 3468 ex
974 3396 1231 3492 quibus
1268 3394 1708 3467 destinamus
1743 3390 2140 3464 Ponentem
2167 3415 2298 3489 pro
2349 3417 2474 3467 co—

374 3518 791 3612 gnoscendis
828 3516 1273 3589 orientalium
1310 3512 1788 3587 Ecclesiarum
1824 3512 2046 3598 libris,
2087 3534 2472 3609 earumque

370 3633 755 3707 canonibus
791 3633 1223 3729 colligendiS,
1258 3631 1471 3705 veluti
1500 3652 1711 3726 supra
1739 3628 2264 3715 constituimus,
2297 3628 2472 3701 Car-

368 3751 671 3825 dinalem
731 3748 1055 3824 Carolum
1112 3750 1446 3824 Reisach.

401 3900 409 3907 ·
522 3868 721 3959 Quod
776 3872 834 3943 si
870 3870 1223 3967 quaelibet
1269 3868 1737 3943 ecclesiastica
1777 3864 2240 3962 Congregatio
2277 3887 2474 3939 sem-

372 4010 497 4083 per
576 3988 823 4063 hahuit
902 3984 1355 4061 Consultores
1404 3986 1728 4061 doctrina
1801 3993 2244 4079 praestantes
2273 4034 2296 4069 ,
2349 3984 2472 4079 qui

370 4107 690 4201 graviora
744 4128 825 4178 ac
876 4105 1259 4178 difficiliora
1313 4104 1593 4200 negotia
1646 4102 1890 4175 sedulo
1925 4100 2468 4197 perpenderent,

372 4236 620 4319 eaque*
649 4222 975 4319 prudenti
1031 4222 1473 4317 sapientique
1550 4218 2024 4293 Cardinalium
2102 4218 2463 4305 examini,

374 4342 692 4431 oonsilio,
747 4342 1141 4438 iudicioque
1197 4350 1663 4435 exponerent,
1717 4362 1800 4414 ac
1849 4337 2280 4414 subiicerent
2315 4382 2338 4417 ‚
2395 4338 2466 4411 id
