3317 5267
1683 478 1693 485 .
2438 422 2481 490 7

357 550 598 612 ranter
650 536 1027 634 contigerit
1061 537 1428 622 attentari,
1483 537 1763 610 irritum
1816 515 1890 610 et
1942 537 2150 608 inane
2202 559 2359 610 esse
2412 560 2493 609 ac

361 656 512 731 fore
565 657 892 731 volumus
944 667 1020 727 et
1069 655 1540 733 declaramus.

511 770 663 847 Non
717 771 1164 847 obstantibus
1203 824 1226 858 ,
1283 773 1564 868 quoties
1621 795 1804 869 opus
1858 770 2071 845 fuerit
2109 823 2129 855 ‚
2196 772 2283 845 de
2341 772 2491 844 iure

357 890 680 986 quaesito
717 912 858 961 non
898 888 1234 974 tollendo,
1265 888 1560 985 aliisque
1595 886 1873 961 Nostris
1910 898 1985 960 et
2022 879 2489 960 Cancellariae

360 1004 803 1100 Apostolicae
859 1004 1148 1100 Regulis
1189 1057 1210 1092 ‚
1268 1016 1344 1079 et
1396 1005 1935 1079 commemorati
1993 1002 2493 1079 valetudinarii

361 1144 444 1195 ac
493 1120 796 1217 Hospitii
849 1121 1062 1194 etiam
1117 1122 1654 1197 confirmatione
1698 1119 2128 1217 Apostolica,
2168 1122 2279 1194 vel
2316 1144 2496 1219 qua-

363 1240 474 1313 vis
499 1239 836 1312 firmitate
864 1240 998 1312 alia
1028 1239 1376 1315 roboratis
1411 1240 1701 1314 statutis
1736 1252 1811 1313 et
1845 1238 2492 1341 consuetudinibus,

362 1356 746 1457 privilegiis
798 1380 1107 1455 quoque,
1163 1358 1486 1444 indultis,
1543 1356 2143 1445 concessionibus,
2202 1358 2493 1454 aliisque

366 1474 692 1577 omnibus
744 1478 1071 1572 quamvis
1141 1498 1477 1572 expressa
1519 1527 1538 1561 ,
1623 1474 1948 1571 specifica
2000 1485 2077 1547 et
2136 1474 2495 1549 individua

365 1594 725 1668 mentione
763 1616 858 1695 ‚ac
907 1596 1359 1691 derogatione
1412 1594 1671 1693 dignis»,
1730 1594 1988 1690 quibus
2041 1595 2369 1668 omnihus
2424 1602 2498 1667 et

363 1710 656 1806 singulis
707 1734 951 1786 eorum
1007 1715 1178 1788 totis
1233 1710 1596 1787 tenoribus
1629 1766 1650 1800 ‚
1708 1734 1791 1785 ac
1846 1712 2092 1786 formis
2144 1706 2498 1809 praesen—J

364 1826 554 1900 tibus
607 1850 734 1924 pro
785 1829 1069 1903 insertis
1120 1830 1468 1903 habentes
1521 1831 1609 1904 ad
1663 1830 2220 1926 praemissorum
2272 1831 2496 1904 dum-

363 1956 566 2017 taxat
597 1945 932 2021 effectum
967 1948 1312 2025 latissime
1349 1960 1422 2022 et
1459 1949 1906 2046 plenissime,
1964 1972 2046 2022 ac
2099 1948 2499 2045 specialiter

363 2074 438 2135 et
489 2086 822 2159 expresse
885 2066 1308 2162 derogamus
1347 2118 1366 2151 ‚
1439 2066 1835 2161 ceterisque
1902 2066 2273 2139 contrariis
2325 2062 2501 2162 qui-'

367 2177 830 2277 huscumque.

519 2292 779 2370 Datum
838 2298 1107 2372 Romae
1161 2298 1345 2395 apud
1407 2298 1482 2371 S.
1523 2297 1824 2371 ‘Petrum
1879 2300 2010 2373 sub
2066 2301 2325 2375 annulo
2381 2300 2501 2373 Pi·-

363 2418 656 2492 scatoris
705 2418 778 2491 di
831 2416 950 2491 Xl'
981 2416 1292 2493 Ianuarii
1355 2417 1562 2491 Anno
1615 2416 2100 2494 MCCCLvnl.

446 2516 456 2525 ’
672 2534 1132 2613 Pontificatus
1183 2537 1324 2613 Nos
1335 2538 1420 2610 tri
1476 2536 1680 2612 Anno
1726 2516 2175 2615 'Duodecimo
2280 2536 2283 2539 ’

753 2769 838 2843 V.
893 2768 974 2843 P.
1033 2768 1306 2845 CARD.
1365 2769 2499 2851 SPINOLA·PRO-DATAR1US

627 3003 772 3078 Pro
825 3006 1156 3103 Mayistro
1207 3004 1556 3081 Brevium

475 3122 557 3196 A.
616 3124 996 3202 Willaume
1047 3128 1375 3204 officialis
1439 3132 1823 3229 deputatus

1529 3365 1877 3443 runctscus
1918 3366 2035 3414 vm!
2080 3368 2497 3417 sun-munius

371 3436 560 3513 Loco
587 3446 684 3539 >B
715 3442 912 3539 Signi
