3317 5267
468 518 747 617 Jugiter
768 540 1049 617 quoquc
1077 516 1524 604 mandamus,
1554 526 1638 587 ut
1671 512 1864 591 sarta
1893 526 2222 614 tectaque
2251 406 2449 591 seg:-

302 660 437 737 per
472 638 897 725 habeantur,
938 658 1122 735 quae
1150 631 1583 733 jampridem
1619 635 1996 733 adsignata
2019 645 2234 734 atque
2259 658 2438 711 con-

303 758 626 835 stabilita
664 756 961 831 suerum
994 781 1121 854 pro
1160 756 1383 854 ipsius
1416 752 2050 853 Archiepiscopalis
2079 752 2435 830 Ecclesiae

304 874 575 949 fabrica
626 886 703 947 et
753 874 1084 962 sacrario,
1124 884 1381 947 cuncta
1416 870 1748 947 videlicet
1797 869 1984 947 hona
2011 881 2088 945 et
2119 870 2436 949 redditus

304 995 773 1091 quicumque,
805 992 957 1066 sive
1008 992 1227 1065 etiam
1261 989 1780 1088 praestationes
1815 1000 1891 1061 et
1924 987 2238 1083 cujusvis
2266 1010 2436 1087 spe-

304 1110 437 1184 ciei
462 1110 949 1185 emolumenta
974 1130 1103 1206 pro
1140 1109 1367 1206 ipsius
1402 1106 1891 1181 incolumitate
1927 1105 2436 1195 servanda,ve-

304 1248 469 1302 rum
518 1229 745 1303 etiam
798 1250 925 1324 pro
954 1226 1360 1325 impendiis,
1398 1244 1581 1321 quae
1618 1232 1766 1298 tam
1805 1246 1936 1321 pro
1965 1244 2163 1299 sacra
2201 1225 2438 1298 omni-

296 1362 483 1441 gena
532 1342 973 1441 supellectili,
1002 1366 1223 1442 quam
1272 1365 1404 1438 pro
1458 1342 1702 1417 divino
1751 1340 1951 1415 cultu
2001 1337 2174 1415 inibi
2215 1362 2438 1414 exer-

304 1462 531 1535 cendo
582 1461 693 1536 vel
744 1462 1143 1535 necessaria
1196 1461 1307 1533 vel
1336 1458 1744 1534 decentiora
1779 1480 1936 1531 esse
1974 1456 2432 1531 videbuntur.

316 1576 523 1669 Quae
534 1580 823 1679 quidem
851 1580 1147 1667 dotatio,
1178 1579 1238 1651 si
1265 1578 1476 1667 desit,
1514 1598 1835 1674 congrue
1871 1574 2432 1663 constabiliatur,

296 1696 365 1769 -si
414 1716 585 1771 vero
629 1696 783 1792 jam
859 1696 1207 1770 habeatur
1272 1714 1509 1793 neque
1590 1704 1836 1767 tamen
1913 1691 2270 1766 sufficiens
2347 1691 2435 1765 ad

304 1811 625 1907 praefato
658 1836 867 1888 susus
902 1834 1057 1887 esse
1092 1822 1497 1899 censeatur,
1535 1811 1773 1898 istius,
1810 1809 2086 1883 meliori
2119 1831 2264 1906 quo
2289 1808 2440 1883 fleri

308 1931 572 2026 poterit
596 1932 836 2018 modo,
875 1931 963 2004 ad
996 1931 1503 2005 necessitatem
1542 1950 1776 2027 usque
1811 1938 2177 2024 augeatur.

464 2046 835 2123 Praeterea
860 2070 1021 2125 cum
1052 2058 1347 2147 propter
1368 2047 1860 2123 incommodas
1887 2045 2457 2119 circumstantias

300 2163 581 2263 aliaque
630 2177 1021 2253 momenta,
1063 2188 1243 2265 quae
1294 2190 1486 2241 nunc
1540 2165 1776 2261 aliqua
1833 2162 2440 2239 animadversione

294 2280 518 2378 digna
566 2283 922 2371 videntur,
963 2304 1189 2379 penes
1225 2304 1491 2357 novam
1524 2282 1712 2355 hanc
1751 2280 2438 2377 Archiepiscopalem

306 2396 699 2473 Ecclesiam
746 2397 1205 2473 Barolensem
1260 2420 1351 2473 ex
1404 2398 1783 2473 Sacrorum
1822 2394 2190 2473 Canonum
2226 2420 2440 2495 prae-

306 2516 695 2612 scriptione
745 2513 989 2587 haberi
1040 2538 1183 2590 non
1236 2516 1467 2614 possit
1516 2515 2022 2601 Seminarium,
2079 2516 2442 2613 praecipi-

308 2652 473 2707 mus
524 2645 609 2707 nt
656 2634 927 2709 interea
980 2634 1347 2731 temporis,
1396 2645 1473 2707 et
1522 2633 1748 2708 donec
1795 2632 2254 2708 seminarium
2302 2634 2440 2706 rite

301 2752 722 2826 instituatur
796 2754 1279 2828 adolescentes
1356 2754 1431 2825 in
1502 2762 1771 2827 sortem
1851 2750 2137 2826 Domini
2207 2751 2440 2827 vocati

302 2869 401 2943 ab
458 2868 826 2946 Ordinario
890 2869 1229 2945 Antistite
1292 2870 1365 2943 in
1422 2870 1768 2945 Tranensi
1806 2868 2200 2945 Seminario
2255 2870 2440 2943 reci-

306 2987 595 3085 piantur
620 2986 871 3061 iisdem
900 3008 1189 3083 prorsus
1218 2986 1449 3063 modis
1484 2996 1704 3083 atque
1743 2988 1990 3082 gratiis
2017 3008 2145 3060 seu
2179 2984 2443 3059 favori-

304 3104 445 3179 bus
480 3126 703 3203 aeque
728 3126 813 3179 ac
838 3106 924 3179 ad
964 3106 1195 3203 ipsam
1225 3106 1664 3180 Tranensem
1693 3104 2088 3180 Dioecesim
2129 3101 2263 3178 sub
2297 3124 2444 3178 uno

300 3222 699 3319 eodemque
752 3220 1045 3297 Pastore
1102 3221 1647 3318 Archiepiscopo
1687 3222 2152 3319 pertinerent,
2207 3242 2435 3316 usque

300 3340 477 3413 dum
528 3338 993 3434 Municipium
1044 3338 1445 3413 Barolensis
1480 3335 1812 3410 Civitatis
1849 3339 1998 3411 suis
2034 3334 2440 3434 sumptibus

304 3460 641 3533 idoneum
692 3458 1193 3545 Seminarium,
1252 3458 1858 3555 quemadmodum
1893 3464 2204 3553 oportet,
2234 3478 2439 3532 com-
2535 3440 2548 3455 ’

308 3578 689 3674 paraverit,
744 3576 1055 3675 illudque
1108 3576 1437 3674 congruis
1488 3576 1696 3651 honis
1749 3586 2234 3673 perpetuaque
2269 3576 2438 3649 fun-

304 3692 595 3769 datione
643 3694 1025 3768 dotaverit.

466 3810 663 3901 Quae
723 3812 1009 3910 quidem
1074 3813 1315 3887 omnia
1376 3815 1702 3912 superius
1779 3823 2047 3887 statuta
2133 3824 2216 3884 ut
2293 3812 2432 3886 rite

309 3930 747 4028 feliciterque
809 3931 895 4005 ad
974 3941 1299 4028 optatum
1376 3931 1589 4005 finem
1656 3930 1732 4003 in
1812 3930 2134 4028 superius
2187 3938 2434 4002 tamen

308 4059 655 4123 eventum
734 4068 1155 4145 expressum
1236 4049 1523 4145 perduci
1602 4048 1888 4123 valeant
1925 4098 1948 4137 ,
2053 4044 2444 4125 Venerabi-

308 4165 459 4240 lem
552 4165 875 4239 Fratrem
984 4164 1276 4240 Petrum
1366 4166 1716 4243 Giannelli
1807 4164 2436 4266 Archiepiscopum
