3317 5267
908 446 1051 519 168

886 562 1172 648 ductus,
1224 570 1301 632 et
1350 557 1990 634 Forocomeliensis
2047 552 2362 631 Antistes
2415 556 2561 633 suis
2599 558 2674 632 in
2711 558 3010 635 aedibus

888 677 1176 751 militari
1224 677 1543 751 custodia
1590 676 1950 763 detentus,
1989 696 2074 747 ac
2108 673 2664 751 Ferrariensium
2700 662 3000 753 Archio—

894 794 1225 892 piscopus
1295 793 1509 867 variis
1576 790 1816 865 modis
1889 792 2318 888 exagitatus.

1046 912 1231 989 Nota
1289 936 1455 987 vero
1506 922 1678 986 sunt
1731 912 2152 1006 gravissima
2205 912 2486 1001 damna,
2543 934 2726 1011 quae
2779 914 2856 987 in
2891 914 3025 988 Si·-

892 1032 1051 1109 cilia
1100 1033 1539 1130 perditorum
1600 1032 1974 1108 hominum
2019 1054 2262 1128 opera,
2312 1033 2610 1131 legitimi
2665 1030 3016 1131 Principis

890 1172 1111 1248 regno
1162 1149 1577 1248 perturbato
1616 1204 1639 1237 ,
1696 1150 1942 1247 religio
1983 1202 2004 1237 ,
2073 1151 2368 1247 eiusque
2421 1151 2732 1225 ministri
2794 1174 3025 1250 nuper

894 1268 1215 1365 perpessi
1265 1278 1461 1342 sunt.
1520 1267 1816 1341 Etenim
1868 1268 2058 1341 inter
2109 1267 2245 1340 alia
2297 1268 2438 1343 duo
2495 1267 2832 1363 Religiosi
2885 1268 3026 1343 Or-

898 1386 1100 1461 dines
1150 1386 1241 1459 de
1292 1408 1371 1460 re
1423 1386 1806 1461 christiana
1857 1386 2130 1482 optime
2181 1384 2416 1460 meriti
2469 1384 2668 1459 fuere
2729 1384 3022 1471 sublati,

894 1526 1283 1601 eorumque
1350 1502 1635 1578 Alumni
1699 1502 1986 1577 exulare
2051 1504 2305 1578 coacti.
2374 1501 2476 1578 Ac
2533 1503 2646 1576 vel
2707 1504 3026 1581 maxime

896 1624 1275 1715 dolendum
1317 1674 1339 1712 ,
1399 1618 1854 1698 venerabiles
1912 1622 2201 1697 Fratres
2230 1673 2253 1710 ‚
2311 1624 2502 1719 quod
2553 1620 2652 1695 ihi
2703 1622 3028 1697 nonnulli

894 1764 984 1815 ex
1038 1739 1241 1817 Clero
1292 1742 1558 1838 reperti
1610 1738 1904 1826 fuerint,
1965 1740 2089 1836 qui
2151 1739 2554 1813 nescientes
2605 1737 3020 1829 Dominum,

898 1878 1131 1954 neque
1167 1858 1475 1933 officium
1502 1856 1968 1931 sacerdotum
2005 1856 2094 1929 ad
2122 1854 2494 1952 populum,
2523 1854 2822 1927 minime
2857 1877 3028 1929 eru-

893 1970 1205 2050 buerunt
1255 1998 1427 2053 cum
1464 1994 1748 2050 summo
1801 1974 2154 2048 honorum
2211 1973 2534 2048 omnium
2587 1970 2925 2045 scandalo
2959 1984 3031 2047 et

896 2092 1187 2169 fremitu
1212 2116 1415 2169 suam
1442 2116 1734 2190 operam
1765 2092 2130 2168 Ecclesiae
2169 2103 2245 2166 et
2269 2092 2504 2167 omnis
2544 2090 2860 2164 iustitiae
2893 2091 3032 2165 ini-

897 2212 1101 2285 micis
1136 2224 1522 2309 praestare,
1581 2212 1858 2309 illisque
1910 2209 2178 2283 favere.
2239 2210 2320 2282 ln
2373 2209 2734 2305 usurpatis
2781 2218 3026 2283 autem

896 2322 1171 2402 Nostris
1198 2329 1573 2426 provinciis
1600 2328 1840 2424 plures
1875 2326 2247 2403 Dioeceses
2283 2348 2448 2401 cum
2497 2326 2820 2399 maximo
2853 2324 3030 2401 fide-

896 2444 1073 2521 lium
1125 2448 1531 2521 discrimine
1580 2459 1752 2519 sunt
1803 2446 1951 2519 suis
1998 2445 2294 2521 orbatae
2353 2456 2518 2541 past
2529 2444 2799 2532 oribus,
2863 2468 3030 2519 cnm

898 2564 1001 2654 hi,
1054 2564 1147 2640 ob
1199 2565 1509 2639 adiectas
1560 2564 1653 2639 ab
1703 2564 2068 2662 illegitima
2127 2574 2486 2661 potestate
2538 2562 3026 2651 conditioneS,

897 2685 1053 2758 illas
1103 2686 1449 2781 attingere
1502 2685 1798 2759 minime
1863 2685 2164 2781 possint.
2225 2682 2460 2781 Atque
2513 2682 2584 2757 id
2637 2682 2830 2756 inter
2895 2684 3030 2757 alia

898 2800 1477 2877 manifestissime
1530 2802 1843 2878 ostendit
1899 2825 2043 2899 quo
2099 2800 2554 2898 potissimum
2609 2800 2658 2874 ii
2701 2799 3030 2875 homines

900 2929 1231 3017 spectent
1268 2970 1289 3007 ,
1344 2921 1465 3019 qui
1524 2920 1980 3017 nequissimis
2033 2930 2110 2993 et
2161 2918 2520 3015 sacrilegis
2571 2917 2862 2993 ausibus
2911 2920 3030 2993 ci·-

900 3034 1115 3109 vilem
1164 3036 1471 3112 Romani
1524 3034 1914 3125 Pontificis,
1955 3048 2034 3110 et
2084 3036 2298 3109 huius
2336 3035 2782 3133 Apostolicae
2825 3034 3028 3111 Sedis

897 3153 1367 3251 principatum
1424 3178 1768 3251 usurpare
1821 3178 1904 3229 ac
1957 3156 2238 3231 diruere
2291 3165 2638 3253 exoptant
2667 3206 2690 3241 ‚
2755 3163 2842 3228 ut
2891 3155 3030 3229 sci-

894 3272 1061 3348 licet
1112 3274 1300 3348 civili
1360 3274 1677 3348 eiusdem
1728 3271 2100 3349 Pontificis
2153 3286 2228 3349 et
2279 3273 2484 3348 Sedis
2535 3283 2900 3370 potestate
2953 3282 3026 3344 et

894 3390 1269 3465 nmiestate
1318 3390 1653 3489 depressa
1705 3402 1782 3465 et
1833 3414 2115 3478 eversa,
2171 3391 2596 3467 catholicam
2631 3388 3024 3463 Ecclesiam

896 3504 1171 3582 facilius
1222 3531 1633 3606 oppugnare
1687 3520 1984 3607 queant.
2043 3508 2466 3585 Omittimus
2521 3532 2692 3583 vero
2745 3518 2862 3585 tot
2893 3507 3026 3580 alia

898 3623 967 3698 id
1004 3647 1227 3721 genus
1260 3648 1431 3701 ausa
1454 3648 1848 3713 recensere,
1891 3627 2154 3724 quibus
2183 3626 2604 3714 Ecclesiam,
2642 3647 3026 3723 sacrosque

895 3741 1257 3822 Ministros
1308 3747 1427 3821 isti
1501 3746 1826 3821 homines
1863 3758 2238 3845 tantopere
2276 3748 2620 3845 affligunt,
2659 3747 3022 3830 divexant,

900 3862 1071 3938 dum
1124 3864 1389 3963 perfida
1444 3886 1617 3938 sane
1675 3866 1992 3963 nequitia
2045 3866 2367 3941 omnium
2421 3864 2834 3939 libertatem
2887 3865 3026 3939 do-

898 3978 1067 4055 losis
1092 3981 1698 4081 fraudulentisque
1735 3984 1962 4059 modis
2001 3983 2262 4083 ubique
2300 3984 2700 4081 praedicare
2755 3994 2834 4056 et
2893 4004 3023 4055 ex·-

902 4098 1145 4173 tollere
1196 4123 1339 4175 non
1388 4113 1696 4177 cessant.

1051 4214 1245 4305 Quae
1293 4218 1582 4315 quidem
1634 4218 1880 4293 omnia
1917 4221 2156 4315 gravia
2193 4216 2504 4293 facinora
2545 4240 2712 4295 cum
2745 4236 3026 4293 summa
