<?xml version="1.0" encoding="UTF-8"?>
<!DOCTYPE html PUBLIC "-//W3C//DTD XHTML 1.0 Transitional//EN"
    "http://www.w3.org/TR/xhtml1/DTD/xhtml1-transitional.dtd">
<html xmlns="http://www.w3.org/1999/xhtml" xml:lang="en" lang="en">
 <head>
  <title>
</title>
<meta http-equiv="Content-Type" content="text/html;charset=utf-8" />
  <meta name='ocr-system' content='tesseract 3.04.00' />
  <meta name='ocr-capabilities' content='ocr_page ocr_carea ocr_par ocr_line ocrx_word'/>
</head>
<body>
  <div class='ocr_page' id='page_1' title='image "./piiixpontificis00ixgoog_0548.png"; bbox 0 0 3317 5267; ppageno 0'>
   <div class='ocr_carea' id='block_1_1' title="bbox 863 433 2993 4282">
    <p class='ocr_par' dir='ltr' id='par_1_1' title="bbox 882 433 1026 506">
     <span class='ocr_line' id='line_1_1' title="bbox 882 433 1026 506; baseline 0 -1"><span class='ocrx_word' id='word_1_1' title='bbox 882 433 1026 506; x_wconf 77' lang='lat'><strong>538</strong></span> 
     </span>
    </p>

    <p class='ocr_par' dir='ltr' id='par_1_2' title="bbox 871 545 2993 875">
     <span class='ocr_line' id='line_1_2' title="bbox 875 545 2989 644; baseline 0.001 -24"><span class='ocrx_word' id='word_1_2' title='bbox 875 546 1121 622; x_wconf 85' lang='lat' dir='ltr'><strong>thecae</strong></span> <span class='ocrx_word' id='word_1_3' title='bbox 1181 567 1310 642; x_wconf 88' lang='lat' dir='ltr'><strong>pro</strong></span> <span class='ocrx_word' id='word_1_4' title='bbox 1381 545 1675 642; x_wconf 79' lang='lat' dir='ltr'><strong>singulis</strong></span> <span class='ocrx_word' id='word_1_5' title='bbox 1738 545 2168 622; x_wconf 75' lang='lat' dir='ltr'><strong>habentibus</strong></span> <span class='ocrx_word' id='word_1_6' title='bbox 2220 549 2330 622; x_wconf 89' lang='lat' dir='ltr'><strong>ius</strong></span> <span class='ocrx_word' id='word_1_7' title='bbox 2368 547 2799 644; x_wconf 85' lang='lat' dir='ltr'><strong>percipiendi</strong></span> <span class='ocrx_word' id='word_1_8' title='bbox 2824 569 2989 622; x_wconf 82' lang='lat' dir='ltr'><strong>eas-</strong></span> 
     </span>
     <span class='ocr_line' id='line_1_3' title="bbox 871 662 2993 762; baseline 0 -24"><span class='ocrx_word' id='word_1_9' title='bbox 871 664 1035 740; x_wconf 86' lang='lat' dir='ltr'><strong>dem</strong></span> <span class='ocrx_word' id='word_1_10' title='bbox 1111 685 1383 738; x_wconf 84' lang='lat' dir='ltr'><strong>annuas</strong></span> <span class='ocrx_word' id='word_1_11' title='bbox 1461 665 1905 762; x_wconf 87' lang='lat' dir='ltr'><strong>pecuniarias</strong></span> <span class='ocrx_word' id='word_1_12' title='bbox 1978 686 2297 740; x_wconf 83' lang='lat' dir='ltr'><strong>summas</strong></span> <span class='ocrx_word' id='word_1_13' title='bbox 2368 687 2411 738; x_wconf 90' lang='lat' dir='ltr'><strong>a</strong></span> <span class='ocrx_word' id='word_1_14' title='bbox 2462 662 2679 740; x_wconf 87' lang='lat' dir='ltr'><strong>Nobis</strong></span> <span class='ocrx_word' id='word_1_15' title='bbox 2760 687 2993 762; x_wconf 75' lang='lat' dir='ltr'><strong>prae-</strong></span> 
     </span>
     <span class='ocr_line' id='line_1_4' title="bbox 876 780 1204 875; baseline -0.015 -19"><span class='ocrx_word' id='word_1_16' title='bbox 876 780 1204 875; x_wconf 83' lang='lat' dir='ltr'><strong>scriptas.</strong></span> 
     </span>
    </p>

    <p class='ocr_par' dir='ltr' id='par_1_3' title="bbox 863 895 2989 4282">
     <span class='ocr_line' id='line_1_5' title="bbox 1024 895 2987 997; baseline 0.002 -27"><span class='ocrx_word' id='word_1_17' title='bbox 1024 895 1386 972; x_wconf 72' lang='lat' dir='ltr'><strong>Internum</strong></span> <span class='ocrx_word' id='word_1_18' title='bbox 1437 909 1679 974; x_wconf 87' lang='lat' dir='ltr'><strong>autem</strong></span> <span class='ocrx_word' id='word_1_19' title='bbox 1732 898 1839 973; x_wconf 91' lang='lat' dir='ltr'><strong>Pii</strong></span> <span class='ocrx_word' id='word_1_20' title='bbox 1892 898 2209 974; x_wconf 89' lang='lat' dir='ltr'><strong>Instituti</strong></span> <span class='ocrx_word' id='word_1_21' title='bbox 2265 901 2839 997; x_wconf 80' lang='lat' dir='ltr'><strong>procurationem</strong></span> <span class='ocrx_word' id='word_1_22' title='bbox 2898 923 2987 973; x_wconf 87' lang='lat' dir='ltr'><strong>ac</strong></span> 
     </span>
     <span class='ocr_line' id='line_1_6' title="bbox 870 1011 2983 1110; baseline 0 -21"><span class='ocrx_word' id='word_1_23' title='bbox 870 1012 1183 1110; x_wconf 76' lang='lat' dir='ltr'><strong>regimen</strong></span> <span class='ocrx_word' id='word_1_24' title='bbox 1237 1011 1524 1090; x_wconf 86' lang='lat' dir='ltr'><strong>Dilectis</strong></span> <span class='ocrx_word' id='word_1_25' title='bbox 1573 1019 1648 1090; x_wconf 90' lang='lat' dir='ltr'><strong>in</strong></span> <span class='ocrx_word' id='word_1_26' title='bbox 1698 1014 1981 1092; x_wconf 79' lang='lat' dir='ltr'><strong>Christo</strong></span> <span class='ocrx_word' id='word_1_27' title='bbox 2034 1015 2343 1092; x_wconf 84' lang='lat' dir='ltr'><strong>Filiabus</strong></span> <span class='ocrx_word' id='word_1_28' title='bbox 2415 1017 2784 1094; x_wconf 86' lang='lat' dir='ltr'><strong>Sororibus</strong></span> <span class='ocrx_word' id='word_1_29' title='bbox 2839 1014 2983 1089; x_wconf 89' lang='lat' dir='ltr'><strong>Ca·-</strong></span> 
     </span>
     <span class='ocr_line' id='line_1_7' title="bbox 869 1127 2987 1220; baseline 0.002 -18"><span class='ocrx_word' id='word_1_30' title='bbox 869 1130 1102 1204; x_wconf 87' lang='lat' dir='ltr'><strong>ritatis</strong></span> <span class='ocrx_word' id='word_1_31' title='bbox 1161 1127 1400 1204; x_wconf 78' lang='lat' dir='ltr'>Sancti</span> <span class='ocrx_word' id='word_1_32' title='bbox 1466 1131 1819 1208; x_wconf 88' lang='lat' dir='ltr'><strong>Vincentii</strong></span> <span class='ocrx_word' id='word_1_33' title='bbox 1882 1157 1925 1207; x_wconf 88' lang='lat' dir='ltr'><strong>a</strong></span> <span class='ocrx_word' id='word_1_34' title='bbox 1991 1131 2212 1207; x_wconf 87' lang='lat' dir='ltr'><strong>Paulo</strong></span> <span class='ocrx_word' id='word_1_35' title='bbox 2282 1134 2771 1208; x_wconf 81' lang='lat' dir='ltr'><strong>commisimus</strong></span> <span class='ocrx_word' id='word_1_36' title='bbox 2802 1185 2825 1220; x_wconf 90' lang='lat'>‚</span> <span class='ocrx_word' id='word_1_37' title='bbox 2900 1157 2987 1208; x_wconf 89' lang='lat' dir='ltr'><strong>ac</strong></span> 
     </span>
     <span class='ocr_line' id='line_1_8' title="bbox 870 1246 2987 1347; baseline 0.001 -25"><span class='ocrx_word' id='word_1_38' title='bbox 870 1246 1080 1322; x_wconf 89' lang='lat' dir='ltr'><strong>simul</strong></span> <span class='ocrx_word' id='word_1_39' title='bbox 1131 1247 1536 1336; x_wconf 73' lang='lat' dir='ltr'><strong>statuimuS,</strong></span> <span class='ocrx_word' id='word_1_40' title='bbox 1591 1263 1675 1325; x_wconf 89' lang='lat' dir='ltr'><strong>nt</strong></span> <span class='ocrx_word' id='word_1_41' title='bbox 1727 1251 1998 1347; x_wconf 86' lang='lat' dir='ltr'><strong>puellae</strong></span> <span class='ocrx_word' id='word_1_42' title='bbox 2036 1249 2110 1322; x_wconf 88' lang='lat' dir='ltr'><strong>in</strong></span> <span class='ocrx_word' id='word_1_43' title='bbox 2147 1247 2355 1323; x_wconf 89' lang='lat' dir='ltr'><strong>Pium</strong></span> <span class='ocrx_word' id='word_1_44' title='bbox 2386 1249 2799 1325; x_wconf 77' lang='lat' dir='ltr'><strong>{nstitutum</strong></span> <span class='ocrx_word' id='word_1_45' title='bbox 2854 1250 2987 1324; x_wconf 89' lang='lat' dir='ltr'><strong>ad-</strong></span> 
     </span>
     <span class='ocr_line' id='line_1_9' title="bbox 872 1365 2989 1464; baseline 0.002 -24"><span class='ocrx_word' id='word_1_46' title='bbox 872 1365 1260 1440; x_wconf 76' lang='lat' dir='ltr'><strong>mittendae</strong></span> <span class='ocrx_word' id='word_1_47' title='bbox 1335 1366 1679 1444; x_wconf 78' lang='lat' dir='ltr'><strong>d&#39;eherent</strong></span> <span class='ocrx_word' id='word_1_48' title='bbox 1752 1391 1910 1444; x_wconf 88' lang='lat' dir='ltr'><strong>esse</strong></span> <span class='ocrx_word' id='word_1_49' title='bbox 1982 1379 2361 1464; x_wconf 82' lang='lat' dir='ltr'><strong>septennes</strong></span> <span class='ocrx_word' id='word_1_50' title='bbox 2399 1419 2422 1455; x_wconf 87' lang='lat'><strong>,</strong></span> <span class='ocrx_word' id='word_1_51' title='bbox 2494 1380 2571 1441; x_wconf 90' lang='lat' dir='ltr'><strong>et</strong></span> <span class='ocrx_word' id='word_1_52' title='bbox 2642 1370 2989 1444; x_wconf 79' lang='lat' dir='ltr'><strong>vicesimo</strong></span> 
     </span>
     <span class='ocr_line' id='line_1_10' title="bbox 869 1485 2985 1583; baseline 0.001 -23"><span class='ocrx_word' id='word_1_53' title='bbox 869 1485 1124 1560; x_wconf 86' lang='lat' dir='ltr'><strong>aetatis</strong></span> <span class='ocrx_word' id='word_1_54' title='bbox 1182 1507 1365 1560; x_wconf 88' lang='lat' dir='ltr'><strong>anno</strong></span> <span class='ocrx_word' id='word_1_55' title='bbox 1433 1499 1688 1562; x_wconf 86' lang='lat' dir='ltr'><strong>exacto</strong></span> <span class='ocrx_word' id='word_1_56' title='bbox 1738 1488 1829 1562; x_wconf 91' lang='lat' dir='ltr'><strong>ab</strong></span> <span class='ocrx_word' id='word_1_57' title='bbox 1884 1487 2036 1583; x_wconf 88' lang='lat' dir='ltr'><strong>ipso</strong></span> <span class='ocrx_word' id='word_1_58' title='bbox 2092 1486 2425 1562; x_wconf 84' lang='lat' dir='ltr'><strong>instituto</strong></span> <span class='ocrx_word' id='word_1_59' title='bbox 2502 1489 2792 1563; x_wconf 87' lang='lat' dir='ltr'><strong>omnino</strong></span> <span class='ocrx_word' id='word_1_60' title='bbox 2866 1489 2985 1565; x_wconf 92' lang='lat' dir='ltr'><strong>di-</strong></span> 
     </span>
     <span class='ocr_line' id='line_1_11' title="bbox 865 1601 2983 1702; baseline 0 -25"><span class='ocrx_word' id='word_1_61' title='bbox 865 1601 1148 1677; x_wconf 88' lang='lat' dir='ltr'><strong>scedere</strong></span> <span class='ocrx_word' id='word_1_62' title='bbox 1177 1653 1198 1689; x_wconf 90' lang='lat'>‚</span> <span class='ocrx_word' id='word_1_63' title='bbox 1255 1612 1332 1676; x_wconf 89' lang='lat' dir='ltr'><strong>et</strong></span> <span class='ocrx_word' id='word_1_64' title='bbox 1403 1614 1707 1678; x_wconf 85' lang='lat' dir='ltr'><strong>cautum.</strong></span> <span class='ocrx_word' id='word_1_65' title='bbox 1751 1604 2131 1689; x_wconf 84' lang='lat' dir='ltr'><strong>voluimus.</strong></span> <span class='ocrx_word' id='word_1_66' title='bbox 2182 1614 2267 1678; x_wconf 88' lang='lat' dir='ltr'><strong>ut</strong></span> <span class='ocrx_word' id='word_1_67' title='bbox 2327 1603 2389 1677; x_wconf 87' lang='lat' dir='ltr'><strong>si</strong></span> <span class='ocrx_word' id='word_1_68' title='bbox 2449 1604 2681 1700; x_wconf 88' lang='lat' dir='ltr'><strong>puella</strong></span> <span class='ocrx_word' id='word_1_69' title='bbox 2749 1605 2983 1702; x_wconf 86' lang='lat' dir='ltr'><strong>aliqua</strong></span> 
     </span>
     <span class='ocr_line' id='line_1_12' title="bbox 869 1721 2987 1818; baseline 0.001 -23"><span class='ocrx_word' id='word_1_70' title='bbox 869 1721 1174 1796; x_wconf 89' lang='lat' dir='ltr'><strong>admissa</strong></span> <span class='ocrx_word' id='word_1_71' title='bbox 1201 1731 1493 1818; x_wconf 87' lang='lat' dir='ltr'><strong>propter</strong></span> <span class='ocrx_word' id='word_1_72' title='bbox 1552 1745 1761 1798; x_wconf 87' lang='lat' dir='ltr'><strong>suam</strong></span> <span class='ocrx_word' id='word_1_73' title='bbox 1798 1724 2106 1802; x_wconf 87' lang='lat' dir='ltr'><strong>indolem</strong></span> <span class='ocrx_word' id='word_1_74' title='bbox 2180 1722 2584 1798; x_wconf 90' lang='lat' dir='ltr'><strong>huiusmodi</strong></span> <span class='ocrx_word' id='word_1_75' title='bbox 2637 1721 2987 1798; x_wconf 80' lang='lat' dir='ltr'><strong>beneficio</strong></span> 
     </span>
     <span class='ocr_line' id='line_1_13' title="bbox 871 1837 2977 1936; baseline 0.001 -26"><span class='ocrx_word' id='word_1_76' title='bbox 871 1837 1166 1910; x_wconf 88' lang='lat' dir='ltr'><strong>minime</strong></span> <span class='ocrx_word' id='word_1_77' title='bbox 1234 1838 1442 1934; x_wconf 79' lang='lat' dir='ltr'><strong>digna</strong></span> <span class='ocrx_word' id='word_1_78' title='bbox 1502 1841 1953 1936; x_wconf 80' lang='lat' dir='ltr'><strong>reperiretur,</strong></span> <span class='ocrx_word' id='word_1_79' title='bbox 2015 1849 2177 1934; x_wconf 89' lang='lat' dir='ltr'><strong>post</strong></span> <span class='ocrx_word' id='word_1_80' title='bbox 2230 1847 2377 1912; x_wconf 82' lang='lat' dir='ltr'><strong>tres</strong></span> <span class='ocrx_word' id='word_1_81' title='bbox 2455 1837 2977 1913; x_wconf 55' lang='lat' dir='ltr'><strong>admonitiones</strong></span> 
     </span>
     <span class='ocr_line' id='line_1_14' title="bbox 871 1953 2975 2058; baseline 0 -30"><span class='ocrx_word' id='word_1_82' title='bbox 871 1953 1134 2058; x_wconf 80' lang='lat' dir='ltr'><strong>frustra</strong></span> <span class='ocrx_word' id='word_1_83' title='bbox 1191 1955 1538 2030; x_wconf 89' lang='lat' dir='ltr'><strong>adhibitas</strong></span> <span class='ocrx_word' id='word_1_84' title='bbox 1589 1979 1632 2030; x_wconf 91' lang='lat' dir='ltr'><strong>a</strong></span> <span class='ocrx_word' id='word_1_85' title='bbox 1683 1955 1809 2031; x_wconf 90' lang='lat' dir='ltr'><strong>Pio</strong></span> <span class='ocrx_word' id='word_1_86' title='bbox 1860 1956 2193 2030; x_wconf 86' lang='lat' dir='ltr'><strong>Instituto</strong></span> <span class='ocrx_word' id='word_1_87' title='bbox 2248 1955 2751 2042; x_wconf 83' lang='lat' dir='ltr'><strong>dimitteretur,</strong></span> <span class='ocrx_word' id='word_1_88' title='bbox 2781 1955 2975 2030; x_wconf 90' lang='lat' dir='ltr'><strong>nulla</strong></span> 
     </span>
     <span class='ocr_line' id='line_1_15' title="bbox 870 2069 2985 2170; baseline 0.001 -26"><span class='ocrx_word' id='word_1_89' title='bbox 870 2071 1144 2148; x_wconf 88' lang='lat' dir='ltr'><strong>ratione</strong></span> <span class='ocrx_word' id='word_1_90' title='bbox 1191 2071 1452 2146; x_wconf 80' lang='lat' dir='ltr'><strong>&#39;habita</strong></span> <span class='ocrx_word' id='word_1_91' title='bbox 1491 2073 1833 2170; x_wconf 86' lang='lat' dir='ltr'><strong>temporis</strong></span> <span class='ocrx_word' id='word_1_92' title='bbox 1886 2095 1929 2146; x_wconf 88' lang='lat' dir='ltr'><strong>a</strong></span> <span class='ocrx_word' id='word_1_93' title='bbox 1980 2070 2196 2146; x_wconf 82' lang='lat' dir='ltr'><strong>Nobis</strong></span> <span class='ocrx_word' id='word_1_94' title='bbox 2259 2071 2697 2166; x_wconf 79' lang='lat' dir='ltr'><strong>praescripti.</strong></span> <span class='ocrx_word' id='word_1_95' title='bbox 2740 2069 2985 2146; x_wconf 82' lang='lat' dir='ltr'><strong>Oeco-</strong></span> 
     </span>
     <span class='ocr_line' id='line_1_16' title="bbox 873 2185 2985 2262; baseline 0 -2"><span class='ocrx_word' id='word_1_96' title='bbox 873 2187 1191 2262; x_wconf 89' lang='lat' dir='ltr'><strong>nomicae</strong></span> <span class='ocrx_word' id='word_1_97' title='bbox 1263 2185 1366 2262; x_wconf 89' lang='lat' dir='ltr'><strong>Pii</strong></span> <span class='ocrx_word' id='word_1_98' title='bbox 1435 2189 1741 2262; x_wconf 90' lang='lat' dir='ltr'><strong>instituti</strong></span> <span class='ocrx_word' id='word_1_99' title='bbox 1810 2187 2441 2262; x_wconf 82' lang='lat' dir='ltr'><strong>administrationis</strong></span> <span class='ocrx_word' id='word_1_100' title='bbox 2490 2185 2679 2262; x_wconf 90' lang='lat' dir='ltr'><strong>bono</strong></span> <span class='ocrx_word' id='word_1_101' title='bbox 2718 2209 2985 2260; x_wconf 90' lang='lat' dir='ltr'><strong>consu-</strong></span> 
     </span>
     <span class='ocr_line' id='line_1_17' title="bbox 869 2304 2979 2400; baseline 0.001 -25"><span class='ocrx_word' id='word_1_102' title='bbox 869 2304 1014 2379; x_wconf 86' lang='lat' dir='ltr'><strong>iere</strong></span> <span class='ocrx_word' id='word_1_103' title='bbox 1067 2304 1457 2400; x_wconf 77' lang='lat' dir='ltr'><strong>cupienteS‚</strong></span> <span class='ocrx_word' id='word_1_104' title='bbox 1532 2305 1855 2380; x_wconf 89' lang='lat' dir='ltr'><strong>eamdem</strong></span> <span class='ocrx_word' id='word_1_105' title='bbox 1884 2304 2568 2378; x_wconf 81' lang='lat' dir='ltr'><strong>administrationem</strong></span> <span class='ocrx_word' id='word_1_106' title='bbox 2606 2325 2735 2399; x_wconf 89' lang='lat' dir='ltr'><strong>per</strong></span> <span class='ocrx_word' id='word_1_107' title='bbox 2766 2327 2979 2400; x_wconf 88' lang='lat' dir='ltr'><strong>prae-</strong></span> 
     </span>
     <span class='ocr_line' id='line_1_18' title="bbox 870 2421 2983 2518; baseline 0 -22"><span class='ocrx_word' id='word_1_108' title='bbox 870 2422 1095 2497; x_wconf 88' lang='lat' dir='ltr'><strong>dictas</strong></span> <span class='ocrx_word' id='word_1_109' title='bbox 1149 2422 1584 2518; x_wconf 86' lang='lat' dir='ltr'><strong>Apostolicas</strong></span> <span class='ocrx_word' id='word_1_110' title='bbox 1633 2421 1927 2498; x_wconf 79' lang='lat' dir='ltr'><strong>Nostrae</strong></span> <span class='ocrx_word' id='word_1_111' title='bbox 1976 2424 2293 2498; x_wconf 89' lang='lat' dir='ltr'><strong>eiusdem</strong></span> <span class='ocrx_word' id='word_1_112' title='bbox 2318 2421 2425 2495; x_wconf 90' lang='lat' dir='ltr'><strong>Pii</strong></span> <span class='ocrx_word' id='word_1_113' title='bbox 2462 2422 2783 2496; x_wconf 87' lang='lat' dir='ltr'><strong>Instituti</strong></span> <span class='ocrx_word' id='word_1_114' title='bbox 2814 2422 2983 2497; x_wconf 87' lang='lat' dir='ltr'><strong>fun-</strong></span> 
     </span>
     <span class='ocr_line' id='line_1_19' title="bbox 871 2538 2981 2639; baseline -0.001 -22"><span class='ocrx_word' id='word_1_115' title='bbox 871 2541 1176 2617; x_wconf 88' lang='lat' dir='ltr'><strong>dationis</strong></span> <span class='ocrx_word' id='word_1_116' title='bbox 1226 2538 1529 2616; x_wconf 79' lang='lat' dir='ltr'><strong>Litteras</strong></span> <span class='ocrx_word' id='word_1_117' title='bbox 1581 2541 2066 2618; x_wconf 88' lang='lat' dir='ltr'><strong>commisimus</strong></span> <span class='ocrx_word' id='word_1_118' title='bbox 2138 2543 2211 2614; x_wconf 87' lang='lat' dir='ltr'><strong>in</strong></span> <span class='ocrx_word' id='word_1_119' title='bbox 2237 2542 2483 2639; x_wconf 89' lang='lat' dir='ltr'><strong>primis</strong></span> <span class='ocrx_word' id='word_1_120' title='bbox 2510 2553 2679 2616; x_wconf 88' lang='lat' dir='ltr'><strong>tunc</strong></span> <span class='ocrx_word' id='word_1_121' title='bbox 2706 2541 2981 2615; x_wconf 76' lang='lat' dir='ltr'><strong>viventi</strong></span> 
     </span>
     <span class='ocr_line' id='line_1_20' title="bbox 870 2657 2983 2757; baseline 0 -23"><span class='ocrx_word' id='word_1_122' title='bbox 870 2657 1372 2734; x_wconf 78' lang='lat' dir='ltr'><strong>Archidiacono</strong></span> <span class='ocrx_word' id='word_1_123' title='bbox 1405 2659 1630 2734; x_wconf 83' lang='lat' dir='ltr'><strong>Monti</strong></span> <span class='ocrx_word' id='word_1_124' title='bbox 1692 2660 1987 2757; x_wconf 83' lang='lat' dir='ltr'><strong>aliisque</strong></span> <span class='ocrx_word' id='word_1_125' title='bbox 2054 2661 2326 2736; x_wconf 86' lang='lat' dir='ltr'><strong>duobus</strong></span> <span class='ocrx_word' id='word_1_126' title='bbox 2362 2659 2656 2746; x_wconf 87' lang='lat' dir='ltr'><strong>idoneis,</strong></span> <span class='ocrx_word' id='word_1_127' title='bbox 2694 2672 2983 2756; x_wconf 86' lang='lat' dir='ltr'><strong>specta-</strong></span> 
     </span>
     <span class='ocr_line' id='line_1_21' title="bbox 875 2773 2981 2874; baseline 0 -26"><span class='ocrx_word' id='word_1_128' title='bbox 875 2775 968 2850; x_wconf 88' lang='lat' dir='ltr'><strong>tis</strong></span> <span class='ocrx_word' id='word_1_129' title='bbox 1019 2775 1630 2873; x_wconf 76' lang='lat' dir='ltr'><strong>integerriinisque</strong></span> <span class='ocrx_word' id='word_1_130' title='bbox 1682 2773 1866 2850; x_wconf 79' lang='lat' dir='ltr'><strong>Viris</strong></span> <span class='ocrx_word' id='word_1_131' title='bbox 1919 2777 2355 2874; x_wconf 79' lang='lat' dir='ltr'><strong>Senogaliiae</strong></span> <span class='ocrx_word' id='word_1_132' title='bbox 2388 2775 2821 2851; x_wconf 87' lang='lat' dir='ltr'><strong>domicilium</strong></span> <span class='ocrx_word' id='word_1_133' title='bbox 2860 2775 2981 2848; x_wconf 84' lang='lat' dir='ltr'><strong>ha-</strong></span> 
     </span>
     <span class='ocr_line' id='line_1_22' title="bbox 871 2890 2987 2990; baseline 0.001 -24"><span class='ocrx_word' id='word_1_134' title='bbox 871 2890 1228 2978; x_wconf 78' lang='lat' dir='ltr'><strong>bentibus,</strong></span> <span class='ocrx_word' id='word_1_135' title='bbox 1291 2915 1592 2988; x_wconf 79' lang='lat' dir='ltr'><strong>quorum</strong></span> <span class='ocrx_word' id='word_1_136' title='bbox 1657 2892 1839 2966; x_wconf 87' lang='lat' dir='ltr'><strong>alter</strong></span> <span class='ocrx_word' id='word_1_137' title='bbox 1866 2916 1911 2966; x_wconf 91' lang='lat' dir='ltr'><strong>a</strong></span> <span class='ocrx_word' id='word_1_138' title='bbox 1947 2890 2387 2966; x_wconf 75' lang='lat' dir='ltr'><strong>cathedralis</strong></span> <span class='ocrx_word' id='word_1_139' title='bbox 2424 2892 2705 2990; x_wconf 84' lang='lat' dir='ltr'><strong>Templi</strong></span> <span class='ocrx_word' id='word_1_140' title='bbox 2764 2891 2987 2968; x_wconf 85' lang='lat' dir='ltr'><strong>Seno-</strong></span> 
     </span>
     <span class='ocr_line' id='line_1_23' title="bbox 871 3006 2985 3106; baseline 0 -24"><span class='ocrx_word' id='word_1_141' title='bbox 871 3008 1222 3106; x_wconf 78' lang='lat' dir='ltr'><strong>galliensis</strong></span> <span class='ocrx_word' id='word_1_142' title='bbox 1275 3006 1795 3085; x_wconf 85' lang='lat' dir='ltr'><strong>Canonicorum</strong></span> <span class='ocrx_word' id='word_1_143' title='bbox 1846 3007 2155 3104; x_wconf 84' lang='lat' dir='ltr'><strong>Collegio</strong></span> <span class='ocrx_word' id='word_1_144' title='bbox 2186 3059 2210 3094; x_wconf 88' lang='lat'>‚</span> <span class='ocrx_word' id='word_1_145' title='bbox 2282 3009 2463 3082; x_wconf 86' lang='lat' dir='ltr'><strong>alter</strong></span> <span class='ocrx_word' id='word_1_146' title='bbox 2510 3031 2553 3081; x_wconf 92' lang='lat' dir='ltr'><strong>a</strong></span> <span class='ocrx_word' id='word_1_147' title='bbox 2624 3008 2985 3105; x_wconf 76' lang='lat' dir='ltr'><strong>Senogal-</strong></span> 
     </span>
     <span class='ocr_line' id='line_1_24' title="bbox 869 3125 2985 3226; baseline 0.001 -25"><span class='ocrx_word' id='word_1_148' title='bbox 869 3129 1072 3204; x_wconf 88' lang='lat' dir='ltr'><strong>liensi</strong></span> <span class='ocrx_word' id='word_1_149' title='bbox 1133 3127 1548 3226; x_wconf 76' lang='lat' dir='ltr'><strong>Magistratu</strong></span> <span class='ocrx_word' id='word_1_150' title='bbox 1601 3141 1793 3202; x_wconf 86' lang='lat' dir='ltr'><strong>esset</strong></span> <span class='ocrx_word' id='word_1_151' title='bbox 1844 3129 2343 3202; x_wconf 86' lang='lat' dir='ltr'><strong>nominandus.</strong></span> <span class='ocrx_word' id='word_1_152' title='bbox 2402 3125 2673 3219; x_wconf 84' lang='lat' dir='ltr'><strong>Quibus</strong></span> <span class='ocrx_word' id='word_1_153' title='bbox 2732 3127 2985 3202; x_wconf 85' lang='lat' dir='ltr'><strong>admi-</strong></span> 
     </span>
     <span class='ocr_line' id='line_1_25' title="bbox 871 3243 2987 3340; baseline 0.001 -24"><span class='ocrx_word' id='word_1_154' title='bbox 871 3243 1364 3318; x_wconf 84' lang='lat' dir='ltr'><strong>nistratoribus</strong></span> <span class='ocrx_word' id='word_1_155' title='bbox 1415 3256 1848 3340; x_wconf 86' lang='lat' dir='ltr'><strong>opportunas</strong></span> <span class='ocrx_word' id='word_1_156' title='bbox 1902 3245 2279 3320; x_wconf 83' lang='lat' dir='ltr'><strong>tribuimus</strong></span> <span class='ocrx_word' id='word_1_157' title='bbox 2312 3243 2683 3318; x_wconf 80' lang='lat' dir='ltr'><strong>facultates</strong></span> <span class='ocrx_word' id='word_1_158' title='bbox 2710 3267 2793 3318; x_wconf 85' lang='lat' dir='ltr'><strong>ac</strong></span> <span class='ocrx_word' id='word_1_159' title='bbox 2826 3257 2987 3318; x_wconf 88' lang='lat' dir='ltr'><strong>sta-</strong></span> 
     </span>
     <span class='ocr_line' id='line_1_26' title="bbox 871 3361 2985 3458; baseline 0 -22"><span class='ocrx_word' id='word_1_160' title='bbox 871 3361 1162 3446; x_wconf 81' lang='lat' dir='ltr'><strong>tuimus,</strong></span> <span class='ocrx_word' id='word_1_161' title='bbox 1229 3371 1314 3434; x_wconf 89' lang='lat' dir='ltr'><strong>ut</strong></span> <span class='ocrx_word' id='word_1_162' title='bbox 1363 3361 1656 3457; x_wconf 80' lang='lat' dir='ltr'><strong>singulis</strong></span> <span class='ocrx_word' id='word_1_163' title='bbox 1716 3363 1921 3436; x_wconf 89' lang='lat' dir='ltr'><strong>annis</strong></span> <span class='ocrx_word' id='word_1_164' title='bbox 1972 3373 2372 3436; x_wconf 85' lang='lat' dir='ltr'><strong>accuratam</strong></span> <span class='ocrx_word' id='word_1_165' title='bbox 2430 3362 2855 3458; x_wconf 85' lang='lat' dir='ltr'><strong>plenamque</strong></span> <span class='ocrx_word' id='word_1_166' title='bbox 2890 3364 2985 3437; x_wconf 88' lang='lat' dir='ltr'><strong>de</strong></span> 
     </span>
     <span class='ocr_line' id='line_1_27' title="bbox 870 3477 2981 3576; baseline 0.001 -24"><span class='ocrx_word' id='word_1_167' title='bbox 870 3477 1474 3556; x_wconf 86' lang='lat' dir='ltr'><strong>administratione</strong></span> <span class='ocrx_word' id='word_1_168' title='bbox 1523 3479 1614 3554; x_wconf 87' lang='lat' dir='ltr'><strong>ab</strong></span> <span class='ocrx_word' id='word_1_169' title='bbox 1666 3481 1839 3576; x_wconf 85' lang='lat' dir='ltr'><strong>ipsis</strong></span> <span class='ocrx_word' id='word_1_170' title='bbox 1916 3492 2207 3576; x_wconf 85' lang='lat' dir='ltr'><strong>peracta</strong></span> <span class='ocrx_word' id='word_1_171' title='bbox 2254 3480 2609 3554; x_wconf 84' lang='lat' dir='ltr'><strong>rationem</strong></span> <span class='ocrx_word' id='word_1_172' title='bbox 2682 3481 2981 3556; x_wconf 83' lang='lat' dir='ltr'><strong>reddere</strong></span> 
     </span>
     <span class='ocr_line' id='line_1_28' title="bbox 869 3593 2983 3683; baseline 0.002 -13"><span class='ocrx_word' id='word_1_173' title='bbox 869 3607 1278 3670; x_wconf 82' lang='lat' dir='ltr'><strong>tenerentur</strong></span> <span class='ocrx_word' id='word_1_174' title='bbox 1327 3593 1663 3683; x_wconf 77' lang='lat' dir='ltr'><strong>Consilio,</strong></span> <span class='ocrx_word' id='word_1_175' title='bbox 1690 3623 1819 3674; x_wconf 89' lang='lat' dir='ltr'><strong>seu</strong></span> <span class='ocrx_word' id='word_1_176' title='bbox 1870 3596 2373 3674; x_wconf 80' lang='lat' dir='ltr'><strong>commissioni</strong></span> <span class='ocrx_word' id='word_1_177' title='bbox 2404 3599 2653 3672; x_wconf 84' lang='lat' dir='ltr'><strong>iisdem</strong></span> <span class='ocrx_word' id='word_1_178' title='bbox 2702 3596 2983 3674; x_wconf 87' lang='lat' dir='ltr'><strong>Nostris</strong></span> 
     </span>
     <span class='ocr_line' id='line_1_29' title="bbox 869 3707 2983 3812; baseline 0.002 -26"><span class='ocrx_word' id='word_1_179' title='bbox 869 3707 1156 3786; x_wconf 85' lang='lat' dir='ltr'><strong>Litteris</strong></span> <span class='ocrx_word' id='word_1_180' title='bbox 1205 3714 1663 3802; x_wconf 85' lang='lat' dir='ltr'><strong>constitutae,</strong></span> <span class='ocrx_word' id='word_1_181' title='bbox 1698 3739 1883 3812; x_wconf 86' lang='lat' dir='ltr'><strong>quae</strong></span> <span class='ocrx_word' id='word_1_182' title='bbox 1934 3716 2191 3790; x_wconf 88' lang='lat' dir='ltr'><strong>rationi</strong></span> <span class='ocrx_word' id='word_1_183' title='bbox 2244 3715 2641 3790; x_wconf 84' lang='lat' dir='ltr'><strong>reddendae</strong></span> <span class='ocrx_word' id='word_1_184' title='bbox 2673 3737 2983 3811; x_wconf 87' lang='lat' dir='ltr'><strong>praepo-</strong></span> 
     </span>
     <span class='ocr_line' id='line_1_30' title="bbox 869 3829 2989 3922; baseline 0.001 -16"><span class='ocrx_word' id='word_1_185' title='bbox 869 3829 1006 3906; x_wconf 89' lang='lat' dir='ltr'><strong>sita</strong></span> <span class='ocrx_word' id='word_1_186' title='bbox 1057 3852 1214 3908; x_wconf 81' lang='lat' dir='ltr'><strong>ease</strong></span> <span class='ocrx_word' id='word_1_187' title='bbox 1259 3829 1590 3907; x_wconf 82' lang='lat' dir='ltr'><strong>debebat.</strong></span> <span class='ocrx_word' id='word_1_188' title='bbox 1647 3831 1855 3922; x_wconf 82' lang='lat' dir='ltr'><strong>Quod</strong></span> <span class='ocrx_word' id='word_1_189' title='bbox 1880 3833 2271 3910; x_wconf 85' lang='lat' dir='ltr'><strong>Consilium</strong></span> <span class='ocrx_word' id='word_1_190' title='bbox 2324 3857 2455 3908; x_wconf 88' lang='lat' dir='ltr'><strong>seu</strong></span> <span class='ocrx_word' id='word_1_191' title='bbox 2514 3831 2989 3908; x_wconf 76' lang='lat' dir='ltr'><strong>commissio-</strong></span> 
     </span>
     <span class='ocr_line' id='line_1_31' title="bbox 863 3949 2973 4048; baseline 0.002 -28"><span class='ocrx_word' id='word_1_192' title='bbox 863 3969 1034 4020; x_wconf 86' lang='lat' dir='ltr'><strong>nem</strong></span> <span class='ocrx_word' id='word_1_193' title='bbox 1083 3971 1174 4022; x_wconf 84' lang='lat' dir='ltr'><strong>ex</strong></span> <span class='ocrx_word' id='word_1_194' title='bbox 1225 3949 1538 4046; x_wconf 84' lang='lat' dir='ltr'><strong>quinque</strong></span> <span class='ocrx_word' id='word_1_195' title='bbox 1591 3951 1761 4024; x_wconf 83' lang='lat' dir='ltr'><strong>viris</strong></span> <span class='ocrx_word' id='word_1_196' title='bbox 1819 3963 2165 4048; x_wconf 87' lang='lat' dir='ltr'><strong>perpetuo</strong></span> <span class='ocrx_word' id='word_1_197' title='bbox 2220 3963 2549 4028; x_wconf 83' lang='lat' dir='ltr'><strong>constare</strong></span> <span class='ocrx_word' id='word_1_198' title='bbox 2584 3950 2973 4037; x_wconf 69' lang='lat' dir='ltr'><strong>voluimnS,</strong></span> 
     </span>
     <span class='ocr_line' id='line_1_32' title="bbox 867 4066 2969 4166; baseline 0.002 -30"><span class='ocrx_word' id='word_1_199' title='bbox 867 4086 1124 4162; x_wconf 88' lang='lat' dir='ltr'><strong>nempe</strong></span> <span class='ocrx_word' id='word_1_200' title='bbox 1183 4087 1276 4140; x_wconf 83' lang='lat' dir='ltr'><strong>ex</strong></span> <span class='ocrx_word' id='word_1_201' title='bbox 1335 4087 1478 4142; x_wconf 84' lang='lat' dir='ltr'><strong>uno</strong></span> <span class='ocrx_word' id='word_1_202' title='bbox 1547 4066 1867 4162; x_wconf 81' lang='lat' dir='ltr'><strong>eligendo</strong></span> <span class='ocrx_word' id='word_1_203' title='bbox 1916 4090 1959 4141; x_wconf 89' lang='lat' dir='ltr'><strong>a</strong></span> <span class='ocrx_word' id='word_1_204' title='bbox 2018 4068 2523 4166; x_wconf 80' lang='lat' dir='ltr'><strong>Senogalliensi</strong></span> <span class='ocrx_word' id='word_1_205' title='bbox 2580 4089 2711 4162; x_wconf 91' lang='lat' dir='ltr'><strong>pro</strong></span> <span class='ocrx_word' id='word_1_206' title='bbox 2758 4077 2969 4140; x_wconf 82' lang='lat' dir='ltr'><strong>tem-</strong></span> 
     </span>
     <span class='ocr_line' id='line_1_33' title="bbox 867 4181 2980 4282; baseline -0 -25"><span class='ocrx_word' id='word_1_207' title='bbox 867 4203 1038 4278; x_wconf 85' lang='lat' dir='ltr'><strong>pore</strong></span> <span class='ocrx_word' id='word_1_208' title='bbox 1097 4181 1474 4279; x_wconf 85' lang='lat' dir='ltr'><strong>Episcopo,</strong></span> <span class='ocrx_word' id='word_1_209' title='bbox 1533 4207 1624 4257; x_wconf 84' lang='lat' dir='ltr'><strong>ex</strong></span> <span class='ocrx_word' id='word_1_210' title='bbox 1684 4183 1909 4262; x_wconf 85' lang='lat' dir='ltr'><strong>altero</strong></span> <span class='ocrx_word' id='word_1_211' title='bbox 1958 4186 2377 4261; x_wconf 88' lang='lat' dir='ltr'><strong>destinando</strong></span> <span class='ocrx_word' id='word_1_212' title='bbox 2410 4208 2453 4258; x_wconf 89' lang='lat' dir='ltr'><strong>a</strong></span> <span class='ocrx_word' id='word_1_213' title='bbox 2506 4185 2818 4282; x_wconf 84' lang='lat' dir='ltr'><strong>quinque</strong></span> <span class='ocrx_word' id='word_1_214' title='bbox 2842 4183 2980 4256; x_wconf 90' lang='lat' dir='ltr'><strong>Se-</strong></span> 
     </span>
    </p>
   </div>
   <div class='ocr_carea' id='block_1_2' title="bbox 3295 0 3301 2010">
    <p class='ocr_par' dir='ltr' id='par_1_4' title="bbox 3295 0 3301 2010">
     <span class='ocr_line' id='line_1_34' title="bbox 3295 0 3301 2010; baseline 0 0"><span class='ocrx_word' id='word_1_215' title='bbox 3295 0 3301 2010; x_wconf 95' lang='lat' dir='ltr'><strong> </strong></span> 
     </span>
    </p>
   </div>
  </div>
 </body>
</html>
