3317 5267
2300 364 2446 433 455

329 476 459 554 Dei
507 480 771 554 habere
822 478 1323 565 substantiam,
1377 500 1459 551 ac
1512 499 1726 551 unam
1777 478 2246 575 eamdemque
2284 500 2440 553 rem

324 622 479 674 esse
533 596 761 672 Deum
818 621 982 672 cum
1034 597 1328 685 mundo,
1382 619 1463 671 ac
1514 597 1806 692 proinde
1861 597 2196 692 spiritum
2275 620 2438 673 cum

320 716 648 804 materia,
707 718 1206 791 necessitatem
1260 736 1423 788 cum
1476 713 1804 787 libertate
1841 766 1862 800 ‚
1944 738 2194 790 verum
2277 738 2442 789 cum

328 834 530 921 salso,
584 834 855 909 bonum
907 854 1071 907 cum
1124 832 1313 907 malo
1345 884 1365 919 ‚
1424 843 1500 906 et
1551 833 1820 907 iustum
1901 856 2060 908 cum
2145 834 2434 911 iniusto.

323 950 481 1041 Quo
517 962 709 1025 certe
744 951 919 1023 nihil
956 950 1386 1036 dementiuS‚
1424 949 1599 1022 nihil
1637 950 1862 1045 magis
1899 950 2224 1046 impium,
2265 950 2442 1025 nihil

325 1082 571 1145 contra
628 1070 855 1165 ipsam
935 1069 1285 1145 rationem
1366 1069 1589 1165 magis
1644 1090 2048 1164 repugnans
2123 1068 2289 1165 fingi
2371 1080 2446 1143 et

322 1186 707 1282 excogitari
789 1208 1103 1283 unquam
1182 1196 1443 1281 potest.
1528 1181 1633 1259 De
1739 1184 2158 1259 auctoritate
2193 1198 2438 1261 autem

326 1318 401 1379 et
452 1306 601 1377 iure
654 1305 759 1376 ita
812 1316 1079 1379 temere
1117 1302 1473 1390 effutiunt,
1526 1315 1611 1395 ut
1663 1302 2111 1398 impudenter
2178 1302 2442 1391 dicant,

322 1426 821 1499 auctoritatem
878 1423 1055 1496 nihil
1112 1423 1297 1496 aliud
1360 1446 1543 1509 esse,
1600 1421 1736 1495 nisi
1793 1422 2098 1509 numeri,
2153 1431 2230 1495 et
2287 1444 2444 1495 ma-

326 1540 677 1613 terialium
718 1537 977 1613 virium
1014 1561 1371 1613 summam
1410 1562 1493 1613 ac
1556 1540 1666 1613 ius
1717 1539 1790 1610 in
1843 1538 2188 1611 materiali
2253 1539 2442 1614 facto

318 1657 737 1742 consistere,
808 1666 883 1728 et
952 1656 1187 1729 omnia
1224 1653 1595 1729 hominum
1665 1652 1894 1728 officia
1945 1677 2104 1729 esse
2169 1678 2432 1731 nomen

317 1773 553 1859 inane,
594 1783 670 1845 et
705 1773 945 1846 omnia
983 1772 1293 1844 humana
1322 1768 1511 1845 facta
1562 1770 1736 1845 iuris
1793 1770 1936 1843 vim
1974 1757 2275 1847 habere.

473 1891 625 1965 lam
680 1915 893 1987 porro
942 1902 1349 1967 commenta
1417 1892 1844 1965 commentis
1875 1942 1898 1979 ,
1978 1891 2438 1967 deliramenta

316 2010 799 2083 deliramentis
852 2009 1319 2095 cumulanteS‚
1349 2020 1423 2081 et
1448 2030 1738 2084 omnem
1772 2008 2162 2105 legitimam
2201 1999 2438 2087 aucto-

312 2126 629 2213 ritatem,
682 2138 895 2225 atque
934 2126 1174 2201 omnia
1209 2125 1527 2221 legitima
1561 2125 1740 2212 iura,
1782 2124 2272 2223 obligationeS‚
2323 2129 2434 2203 of-

310 2242 469 2317 ficia
520 2245 1015 2321 conculcantes
1066 2242 1243 2317 nihil
1298 2242 1629 2317 dubitant
1682 2244 1754 2315 in
1817 2246 1960 2317 veri
1997 2244 2432 2345 legitimique

310 2362 481 2435 iuris
535 2364 771 2437 locum
824 2360 1257 2437 substituere
1308 2360 1482 2435 salsa
1516 2384 1597 2435 ac
1624 2363 1932 2436 mentita
1971 2364 2224 2437 virium
2251 2366 2429 2452 iura,

314 2502 395 2554 ac
450 2502 731 2555 morum
784 2481 1103 2555 ordinem
1156 2501 1393 2555 rerum
1432 2478 1908 2554 materialium
1947 2481 2174 2555 ordini
2209 2482 2432 2555 subii-

308 2620 491 2672 cere.
548 2597 791 2695 Neque
846 2596 1017 2671 alias
1072 2600 1257 2673 vires
1312 2607 1732 2694 agnoscunt,
1787 2598 1920 2671 nisi
1976 2598 2134 2675 illas
2162 2650 2184 2685 ,
2249 2620 2430 2697 quae

307 2715 381 2789 in
434 2717 729 2789 materia
778 2718 1050 2811 positae
1102 2731 1301 2805 sunt,
1337 2729 1412 2791 et
1464 2739 1752 2793 omnem
1793 2739 2072 2793 morum
2110 2718 2424 2814 discipli-

308 2856 475 2905 nam
526 2835 1113 2931 honestatemque
1164 2836 1507 2911 colloeant
1561 2838 1633 2907 in
1686 2836 2126 2911 cumulandis
2180 2848 2254 2911 et
2307 2862 2426 2913 au-

304 2951 549 3047 gendis
600 2954 851 3048 quovis
902 2955 1121 3028 modo
1166 2954 1462 3038 divitiis,
1490 2964 1567 3025 et
1618 2954 1688 3025 in
1741 2954 1977 3046 pravis
2031 2953 2426 3051 quibusque

308 3068 789 3163 voluptatibus
842 3068 1233 3165 explendis.
1290 3067 1524 3164 Atque
1578 3068 1774 3141 hisce
1825 3068 2114 3142 nefariis
2139 3070 2431 3143 abomi*

306 3178 699 3283 nandisque
748 3186 1111 3283 principiis
1162 3183 1541 3282 reprobum
1594 3184 1826 3257 carnis
1881 3186 2160 3281 spiritui
2216 3186 2432 3260 rebel-

298 3304 386 3380 lis
436 3328 727 3381 sensum
780 3316 1101 3393 tuentur,
1156 3304 1428 3392 fovent,
1486 3304 1863 3392 extollunt,
1907 3304 2157 3402 illique
2209 3319 2422 3381 natu-

298 3424 479 3497 rales
533 3425 735 3499 dotes
786 3447 867 3497 ac
920 3426 1073 3497 iura
1123 3424 1472 3511 tribuunt,
1526 3446 1710 3521 quae
1791 3447 1918 3519 per
1997 3424 2420 3499 catholicam

299 3541 699 3617 doctrinam
751 3542 1144 3617 conculcari
1195 3544 1439 3619 dicunt
1472 3595 1493 3630 ‚
1576 3542 1866 3619 omnino
1945 3543 2422 3639 despicientes

306 3661 661 3735 monitum
718 3660 1033 3755 Apostoli
1090 3660 1463 3735 clamantis
1506 3688 1540 3730 «
1614 3662 1674 3737 si
1709 3662 2095 3736 secundum
2133 3682 2422 3735 carnem

307 3778 653 3865 vixeritis,
707 3776 1135 3864 moriemini,
1210 3780 1269 3852 si
1324 3791 1561 3853 autem
1622 3780 1878 3875 spiritu
1958 3778 2140 3854 sacta
2191 3780 2426 3853 carnis

314 3894 939 3982 mortificaveritis,
994 3896 1251 3969 vivetis
1310 3922 1347 3965 i>
1407 3893 1535 3995 (l).
1594 3898 1848 3971 Omnia
1904 3910 2268 3994 praeterea
2319 3896 2426 3968 Ie-

322 4184 329 4193 .
410 4134 419 4143 ·
468 4139 559 4219 (1)
602 4136 693 4202 Ad
738 4102 911 4205 noni.
960 4136 1021 4203 0:
1060 4138 1120 4203 8.
1163 4154 1225 4203 v.
1271 4138 1373 4201 13.
