3317 5267
905 498 1052 573 336

907 615 1071 698 rias,
1127 610 1594 685 coadiutorias
1649 606 2162 694 adsciscendas,
2204 620 2412 680 cauto
2450 603 2891 701 ceteroquin,
2938 612 3023 675 ut

917 730 975 800 si
1013 726 1543 803 constituendae
1577 723 2162 820 Metropolitanae
2214 722 2575 797 Ecclesiae
2612 722 3017 794 animarum

911 866 1076 917 cura
1101 844 1374 917 adnexa
1409 841 1648 927 fuerit,
1680 864 1763 915 ea
1798 840 2177 915 habitualis
2203 863 2421 936 penes
2456 836 2861 936 Capitulum
2896 860 3021 909 re·

911 963 1162 1048 sideat,
1217 961 1507 1035 actualis
1563 984 1729 1035 vero
1782 982 1907 1056 per
1962 958 2357 1033 Par-ochum
2410 960 2545 1033 rite
2600 956 2691 1031 ab
2722 956 3015 1029 Archie-

912 1082 1200 1176 piscopo
1237 1080 1308 1151 in
1345 1090 1709 1175 posterum
1748 1076 2183 1152 instituendo
2218 1090 2658 1162 exerceatur,
2690 1077 2923 1171 eique,
2956 1074 3019 1147 si
3084 1115 3099 1131 ·

909 1210 986 1271 et
1011 1199 1292 1295 quando
1318 1196 1407 1269 ab
1447 1197 1600 1293 ipso
1641 1194 1973 1269 Antistite
2027 1197 2259 1272 visum
2312 1194 2530 1270 fuerit
2581 1195 2651 1268 in
2708 1192 3019 1269 Domino

913 1331 1299 1413 praestare,
1335 1315 1514 1389 alter
1549 1315 1663 1388 vel
1700 1314 1913 1387 etiam
1952 1314 2187 1411 plures
2222 1316 2665 1391 coadiutores
2706 1312 3020 1411 Presby-

913 1433 1046 1507 teri
1099 1434 1422 1529 congruis
1476 1431 1933 1530 pensionibus
1983 1434 2475 1507 remunerandi
2521 1430 2961 1507 addicantur.

1071 1549 1200 1626 Cui
1253 1551 1538 1647 quidem
1591 1551 1828 1625 futuro
1863 1546 2211 1645 Capitulo,
2245 1562 2325 1623 ut
2361 1570 2611 1624 omnes
2645 1559 2721 1621 et
2752 1546 3018 1645 singuli

913 1668 1069 1766 ejus
1119 1670 1470 1767 dignitarii
1524 1692 1606 1741 ac
1655 1668 1972 1743 canonici
2026 1682 2100 1741 et
2152 1668 2602 1743 mansionarii
2656 1690 2781 1741 seu
2844 1688 3023 1763 cap-

917 1788 1172 1883 pellani
1228 1799 1376 1860 tam
1432 1789 1502 1861 in
1553 1787 1742 1861 dicta
1777 1786 2315 1883 Metropolitum
2351 1808 2565 1883 quam
2602 1799 2805 1859 extra
2856 1806 3019 1857 eam

917 1903 942 2003 (
981 1904 1445 1981 Dioecesanos
1509 1917 1751 1981 tamen
1802 1908 1989 1981 intra
2040 1903 2361 2003 limites)
2424 1906 2703 2003 quoties
2754 1926 3015 2000 nempe

918 2026 1420 2122 capitulariter,
1459 2028 1609 2100 sive
1645 2027 1735 2100 ad
1784 2048 1981 2101 sacra
2032 2026 2397 2113 solemnia,
2430 2026 2578 2098 sive
2616 2026 2705 2098 ad
2742 2024 3015 2121 suppli-

915 2145 1228 2219 cationes
1281 2143 1624 2240 publicas,
1678 2145 1828 2219 sive
1880 2145 1967 2219 ad
2020 2142 2191 2217 alios
2243 2142 2781 2217 Ecclesiasticos
2817 2154 3017 2215 actus

915 2262 1402 2346 convenerint,
1443 2261 1861 2337 indumenta
1912 2272 1989 2334 et
2040 2260 2337 2357 insignia
2389 2258 2724 2346 choralia,
2762 2257 3019 2357 quibus

919 2380 1276 2473 dignitarii
1343 2402 1424 2451 ac
1478 2380 1795 2454 canonici
1832 2391 1905 2452 et
1939 2378 2419 2466 mansionarii,
2474 2402 2601 2451 seu
2635 2376 3021 2477 cappellani

919 2494 1216 2569 aliorum
1306 2494 1731 2571 viciniorum
1795 2494 2199 2569 huiusmodi
2270 2494 2757 2593 capitulorum
2849 2492 3015 2593 (non

925 2618 1166 2686 tamen
1219 2636 1302 2686 ea
1339 2614 1753 2689 indumenta
1792 2635 2021 2711 neque
2060 2616 2356 2712 insignia
2392 2638 2573 2712 quae
2608 2594 2891 2713 speciali
2926 2638 3018 2690 ex

921 2729 1142 2824 gratia
1199 2729 1310 2803 vel
1361 2730 1727 2825 privilegio
1781 2730 2079 2806 fortasse
2132 2732 2395 2806 fuerint
2448 2730 2845 2830 impetrata)
2900 2756 3022 2804 re-

921 2847 1235 2941 spective
1263 2858 1586 2936 utuntur,
1625 2848 1813 2923 licite
1852 2848 2207 2946 libereque
2243 2848 2538 2938 deferre,
2578 2848 2905 2925 adhibere
2942 2861 3021 2921 et

917 2964 1202 3039 induere
1257 2964 1540 3039 valeant
1589 2966 1797 3039 simili
1866 2965 2263 3063 Apostolica
2325 2969 2740 3043 auctoritate
2802 2967 3019 3039 etiam

923 3096 1265 3180 perpetuo
1317 3088 1799 3175 concedimus,
1854 3088 2223 3185 eidemque
2278 3084 2627 3183 Capitulo‚
2656 3087 2777 3160 ubi
2812 3086 3021 3160 fuerit

922 3204 1128 3281 sicuti
1156 3204 1458 3301 desuper
1483 3209 1977 3292 constitutum,
2018 3228 2103 3280 ex
2144 3228 2329 3279 nunc
2366 3208 2645 3279 veniam
2683 3218 2759 3279 et
2800 3204 3025 3279 facul-

927 3334 1146 3395 tatem
1201 3320 1575 3397 tribuimus
1611 3336 1687 3396 et
1726 3324 2175 3419 impertimur
2210 3323 2635 3399 conficiendi·
2654 3323 2785 3397 sibi
2822 3326 3021 3421 capi-

921 3437 1248 3534 pitularia
1274 3450 1570 3527 statuta,
1603 3442 2078 3515 ordinationes
2116 3454 2191 3514 et
2224 3443 2503 3515 decreta
2542 3442 2772 3516 Sacris
2808 3464 3022 3537 porro

921 3552 1349 3643 CanonibuS,
1379 3554 2017 3635 Constitutionibus
2046 3558 2463 3657 Apostolicis
2494 3572 2569 3633 et
2594 3558 3022 3638 Oecumeni-

923 3692 1046 3745 cae
1078 3670 1362 3770 Synodo
1391 3673 1838 3751 Tridentinae
1873 3679 2157 3773 penitus
2194 3688 2661 3751 consentanca
2694 3678 3027 3753 minime-

925 3814 1062 3889 que
1115 3792 1584 3881 adversantia,
1615 3818 1797 3893 quae
1834 3820 1874 3868 a
1910 3796 2447 3895 Metropolitano
2500 3798 2651 3898 ejus
2694 3796 3025 3899 Antistite

929 3910 1421 4007 perpendenda
1473 3923 1548 3986 et
1599 3910 2048 4009 approbanda
2098 3914 2267 4003 sint,
2312 3917 2506 4012 prius
2541 3938 2757 4015 quam
2810 3915 3027 3991 robur

923 4026 1416 4124 efficacemque
1466 4027 1639 4125 legis
1698 4030 1843 4101 vim
1897 4029 2212 4105 obtinere
2270 4031 2573 4105 valeant.

1079 4145 1309 4243 Atque
1371 4158 1454 4219 ut
1511 4148 1717 4220 istius
1772 4146 2074 4245 Capituli
2124 4148 2641 4247 Metropolitani
2706 4149 3023 4247 aliaeque

923 4258 1389 4337 Dioecesanae
1452 4260 1889 4363 praebendae
1966 4288 2006 4339 a
2059 4264 2296 4367 probis
2349 4288 2627 4367 semper
2657 4320 2678 4357 ,
2732 4268 3025 4347 eruditis
