3317 5267
2267 411 2400 482 191

265 528 545 602 dimus.
605 525 902 624 Insuper
950 522 1284 601 omnibus
1319 524 1689 623 utriusque
1720 548 1939 602 sexus
1966 522 2411 603 christifide-

267 644 458 720 libus
506 644 738 720 dictae
787 642 1166 719 Sodalitati
1227 642 1626 739 adscriptis,
1702 645 1825 743 qui
1899 642 2221 743 quolibet
2291 643 2405 717 die

267 762 482 838 corde
534 760 793 836 saltem
846 759 1160 836 contrito
1211 756 1634 835 Orationem
1688 757 2164 849 Dominicam,
2203 759 2414 835 Salu-

153 862 164 871 ’
269 877 622 952 tationem
678 874 1117 973 Angelicam,
1175 898 1260 950 ac
1313 873 1744 975 Trisagium,
1797 900 1933 953 nec
1984 902 2130 955 non
2182 876 2413 977 Sym-

267 994 514 1071 bolum
545 993 1048 1092 Apostolorum
1074 994 1334 1071 devote
1363 994 1847 1085 recitaverint,
1876 1006 2157 1093 septem
2184 1018 2410 1072 annos

271 1112 719 1212 totidemque
772 1113 1260 1211 quadragenas
1302 1134 1332 1202 ς
1381 1135 1512 1210 pro
1563 1112 1885 1211 quolibet
1954 1136 2127 1190 vero
2164 1136 2405 1211 opere,

273 1230 464 1329 quod
515 1230 920 1329 peregerint
970 1240 1370 1305 tercentum
1421 1230 1572 1305 dies
1607 1230 1699 1305 de
1734 1230 2073 1327 injunctis
2109 1230 2243 1317 eis,
2284 1251 2413 1306 seu

278 1346 452 1423 alias
478 1347 1013 1445 quomodolibet
1039 1346 1300 1423 debitis
1326 1345 1789 1443 poenitentiis
1816 1347 1891 1419 in
1916 1344 2414 1423 formaEccle-

281 1466 430 1541 siae
479 1476 826 1541 consueta
875 1465 1316 1554 relaxamus3
1346 1486 1527 1564 qum
1553 1486 1805 1541 omnes
1842 1474 1919 1541 et
1954 1465 2269 1563 singulas
2302 1464 2415 1539 ln-

282 1581 712 1678 dulgentias,
751 1593 1209 1679 peccatorum
1265 1580 1754 1670 remissiones,
1790 1605 1875 1657 ac
1935 1582 2415 1679 poenitentia-

278 1722 440 1774 rum
467 1699 942 1775 relaxationes
969 1701 1191 1776 etiam
1210 1698 1600 1775 Animabus
1612 1697 2413 1798 Christifldelium,quae

279 1815 429 1893 Deo
464 1818 539 1892 in
573 1818 923 1894 charitate
960 1821 1385 1918 conjunctae
1422 1818 1513 1893 ab
1549 1818 1685 1893 hac
1716 1819 1875 1895 luce
1912 1818 2407 1915 migraverint,

273 1956 403 2032 per
451 1934 748 2011 modum
794 1935 1122 2034 Suffragii
1177 1934 1516 2035 applicari
1565 1958 1779 2032 posse
1831 1934 2053 2010 etiam
2107 1936 2180 2008 in
2254 1932 2411 2011 Do·-

277 2052 476 2127 mino
509 2051 988 2149 impertimur.
1024 2053 1108 2128 ln
1142 2053 1575 2129 contrarium
1612 2053 1868 2127 facien.
1909 2074 2055 2127 non
2090 2050 2411 2128 obstant.

279 2168 878 2269 quibuscumque.
930 2169 1438 2249 Praesentibus
1490 2170 1861 2267 perpetuis
1911 2168 2171 2245 futuris
2225 2180 2414 2245 tem—

275 2284 568 2384 poribus
603 2288 949 2365 valituris.
993 2288 1336 2365 Volumus
1374 2298 1617 2363 autem
1656 2297 1740 2363 ut
1779 2287 2267 2385 praesentium
2302 2285 2415 2361 lit-

269 2418 588 2481 terarum
642 2408 1144 2505 transumptis,
1183 2430 1310 2483 seu
1345 2404 1730 2503 exemplis,
1759 2406 1981 2479 etiam
2017 2402 2415 2501 impressis,

277 2546 498 2599 manu
547 2524 842 2601 alicuius
904 2523 1176 2600 Notarii
1226 2524 1494 2623 publici
1545 2522 1943 2620 subscrptis
1978 2574 2005 2613 ,
2055 2532 2137 2597 et
2186 2521 2415 2620 sigillo

277 2662 622 2737 personae
657 2642 732 2715 in
770 2641 1264 2719 Ecclesiastica
1315 2640 1667 2738 dignitate
1702 2638 2135 2717 constitutae
2170 2637 2413 2714 muni-

281 2758 404 2847 tis,
457 2758 708 2835 eadem
757 2782 1047 2858 prorsus
1095 2756 1516 2835 adhiheatur
1563 2756 1765 2845 fides..
1824 2779 2006 2854 quae
2042 2754 2417 2832 adhibere-

286 2884 408 2947 tur
455 2873 628 2970 ipsis
659 2875 1175 2973 praesentibus
1230 2876 1291 2950 si
1345 2872 1586 2949 forent
1621 2872 1983 2948 exhibitae
2018 2871 2132 2947 vel
2168 2881 2416 2947 osten-

283 3012 432 3063 sae.
492 2987 757 3065 Datum
812 2992 1085 3068 Romae
1135 2991 1322 3088 apud
1377 2990 1723 3065 Sanctum
1762 2986 2058 3064 Petrum
2092 2985 2228 3062 sub
2264 2984 2415 3061 An-

285 3106 456 3181 nulo
507 3105 884 3185 Piscatoris
933 3109 1049 3184 die
1088 3106 1315 3183 XXXI
1352 3105 1679 3185 Octobris
1716 3101 2179 3183 MDCCCLX.
2223 3102 2414 3179 Pon-

291 3226 598 3315 tificatus
651 3225 890 3303 Nostri
939 3251 1131 3306 anno
1183 3225 1340 3304 XV.

449 3342 636 3421 Loco
688 3342 934 3447 sigilli.

1557 3461 1643 3537 G.
1701 3460 1915 3535 Cno.
1975 3458 2076 3535 De
2133 3457 2364 3535 Gsncs

1912 4288 2001 4359 13
