3317 5267
2386 485 2529 552 655

1119 713 1366 808 PIUS
1423 713 1586 803 ΡΡ.
1648 715 1803 804 ΙΧ.

951 1103 1026 1147 Ab
1066 1057 1394 1147 ΡΙΠΡΒΊἮᾸΗ
1437 1099 1529 1144 att
1572 1098 1879 1147 tmolum

397 1465 600 1669 Qui
652 1561 894 1626 contra
951 1545 1346 1624 Ecclesiam
1381 1567 1584 1625 suam
1614 1549 1997 1624 inferorum
2028 1557 2263 1644 portas
2296 1570 2513 1623 num·

389 1691 606 1765 quam
661 1667 1170 1764 praevalituras
1207 1667 1428 1740 edixit
1469 1667 1795 1741 Christus
1834 1664 2201 1752 Dominus,
2241 1668 2515 1763 quoties

393 1785 482 1858 ad
532 1807 690 1858 eam
743 1784 1280 1859 concutiendam
1339 1807 1422 1880 ac
1483 1783 1901 1858 turbandam
1954 1783 2207 1881 perditi
2285 1783 2516 1857 homi·-

391 1923 520 1975 nes
569 1903 798 1977 exorti
850 1913 1042 1988 sunt,
1100 1912 1444 1975 strenuos
1495 1900 1831 1976 continuo
1888 1902 2073 1975 viros
2132 1901 2513 1988 excitavit,

387 2020 512 2116 qui
561 2021 941 2093 sanctitate
999 2043 1082 2094 ac
1143 2020 1492 2107 doctrina,
1545 2019 1806 2116 duplici
1860 2020 2061 2116 quasi
2088 2018 2334 2091 muniti
2369 2019 2520 2115 gla-

388 2135 532 2221 dio,
587 2157 830 2210 eorum
885 2135 1262 2209 audaciam
1321 2133 1753 2231 frangerent,
1808 2137 2145 2232 impetum
2192 2135 2513 2232 viresque

387 2255 859 2328 retardarent.
920 2253 995 2328 ld
1048 2267 1238 2333 certe
1291 2255 1348 2328 si
1401 2277 1612 2351 saepe
1665 2254 1837 2328 alias
1886 2255 2157 2328 funesta
2226 2255 2514 2349 potissi-

387 2393 585 2446 mum
640 2371 926 2448 Lutheri
982 2386 1219 2447 aetate
1275 2375 1510 2448 videre
1561 2375 1823 2462 licuit;
1902 2395 2112 2471 quum
2174 2374 2505 2446 nimirum

386 2484 650 2584 impius
701 2489 919 2564 homo
973 2513 1054 2563 ac
1105 2489 1434 2586 superbia
1489 2488 1717 2564 elatus
1770 2491 2104 2564 adversm
2161 2491 2510 2586 Apostoli-

383 2627 544 2679 cam
599 2607 884 2694 Sedem,
943 2607 1545 2703 propugnaculum
1589 2630 1969 2706 arcemque
2007 2607 2333 2684 Catholici
2374 2633 2506 2683 no·—

387 2724 624 2811 minis‚
678 2720 1074 2800 rebellionis
1128 2727 1408 2821 signum
1446 2728 1745 2814 extulit,
1788 2729 2325 2826 innumerosque
2358 2729 2509 2801 dis-

383 2843 730 2916 seminare
783 2843 1018 2939 coepit
1067 2867 1339 2917 errores
1369 2895 1390 2930 ‚
1473 2843 1733 2941 quibus
1796 2845 1955 2918 fidei
2034 2845 2505 2942 integritatem

380 2959 454 3031 in
510 2963 904 3035 animarum
957 2961 1338 3055 perniciem
1395 2959 1883 3034 contaminare
1934 2964 2295 3034 niteretur.
2362 2961 2505 3035 Ne-

381 3099 520 3174 que
573 3079 764 3151 enim
817 3079 968 3150 sine
1027 3077 1463 3174 providentis
1520 3075 1648 3150 Dei
1702 3078 1993 3152 consilio
2044 3077 2302 3150 factum
2364 3088 2503 3164 est,

375 3209 462 3268 ut
511 3220 654 3293 quo
705 3219 910 3272 anno¹
943 3197 1258 3294 Ignatius
1313 3193 1703 3292 Loyolaeus
1759 3195 2123 3269 Societatis
2158 3194 2315 3268 lesu
2368 3219 2498 3268 au-

377 3325 534 3388 ctor
584 3325 658 3386 et
709 3336 960 3410 parens
1017 3315 1087 3387 in
1142 3311 1511 3387 obsidione
1548 3311 1745 3385 Arcis
1800 3309 2347 3408 Pampilonensis
2382 3335 2503 3384 sa·-

374 3429 584 3504 lutari
643 3431 928 3505 vulnere
982 3444 1380 3528 prostratus
1440 3431 1681 3516 iacuit,
1738 3429 2163 3528 abiectisque
2212 3431 2505 3505 militiae

377 3548 756 3622 saecularis
807 3549 1022 3622 armis
1055 3600 1074 3635 ,
1131 3549 1216 3621 ad
1271 3547 1688 3644 praelianda
1750 3547 2012 3643 praelia
2070 3545 2347 3621 Domini
2426 3571 2504 3624 se

377 3679 614 3741 totum
667 3667 1021 3741 convertit
1066 3720 1087 3755 ‚
1147 3667 1396 3741 eodem
1459 3667 1612 3762 ipso
1666 3689 1851 3741 anno
1902 3668 2215 3741 ederetur
2262 3669 2335 3740 in
2389 3668 2502 3742 lu-

379 3807 535 3860 cem
592 3784 1024 3860 Venerabilis
1079 3784 1209 3860 Dei
1267 3785 1575 3858 famulus
1629 3781 1883 3858 Petrus
1938 3783 2246 3858 Canisius
2277 3837 2298 3871 ,
2378 3789 2498 3882 qui

377 3901 547 3976 olim
601 3903 672 3975 in
727 3901 1080 3975 Ecclesiae
1137 3903 1390 3975 castris
1429 3953 1449 3987 ‚
1533 3900 1803 3996 ignatio
1859 3902 2129 3998 auspice
2172 3953 2191 3988 ,
2255 3913 2500 3974 contra

375 4041 642 4095 novum
696 4019 1012 4093 hostium
1064 4043 1288 4115 genus
1341 4019 1659 4092 animose
1716 4041 1797 4094 ac
1852 4019 2123 4094 sortiter
2172 4020 2491 4094 decerta-—

375 4147 510 4210 ret.
569 4132 697 4209 Hic
749 4135 938 4208 enim
996 4119 1162 4210 vero
1215 4134 1626 4230 Noviomagi
1700 4135 1771 4206 in
1852 4135 2085 4233 Belgio
2163 4158 2501 4234 generosa

377 4252 598 4348 stirpe
649 4261 846 4326 ortus
901 4273 1088 4326 anno
1140 4249 1462 4340 MDxxl,
1523 4251 1933 4326 innocenter
1986 4267 2133 4328 acta
2186 4255 2497 4351 paternis
