3317 5267
2340 438 2492 513 409

524 550 781 625 Omnia
834 552 1073 649 itaque
1124 551 1435 647 negotia,
1490 573 1670 647 quae
1735 573 1826 623 ex
1901 552 2482 625 commemoratis

370 664 771 745 Decessoris
852 668 1091 745 Nostri
1152 666 1473 763 Gregorii
1528 665 1656 740 XV
1739 665 2026 741 Litteris
2087 693 2122 741 α
2181 664 2486 741 Inseru-

368 782 569 857 tabita·
630 812 665 855 »
724 785 1159 882 aliorumque
1216 784 1700 859 Romanorum
1731 783 2152 859 Pontificum
2192 782 2481 859 Consti-

372 903 765 977 tutionibus
816 903 903 977 ad
956 902 1279 977 camdem
1358 900 1992 997 Congregationem
2044 900 2134 974 de
2214 900 2484 998 Propa-

368 1021 597 1117 ganda
650 1019 819 1095 Fide
873 1021 1235 1117 pertinent
1262 1070 1283 1106 ,
1340 1030 1553 1093 erunt
1604 1019 1680 1091 in
1733 1029 2098 1114 posterum
2179 1021 2250 1092 in
2303 1020 2484 1093 duas

366 1139 573 1234 plane
624 1139 993 1215 distinctas
1042 1138 1305 1213 classes
1330 1139 1584 1221 divisa,
1620 1158 1880 1233 nempe
1917 1138 1988 1210 in
2043 1138 2324 1235 negotia
2373 1137 2484 1209 la·-

369 1255 497 1327 tini
550 1256 754 1341 ritus,
808 1270 885 1329 et
935 1256 1219 1352 negotia
1272 1254 1631 1331 orientalis
1691 1255 1898 1327 ritus.
1931 1253 2130 1329 Nova
2167 1250 2484 1349 Congre-

366 1374 556 1469 gatio
609 1396 651 1447 a
700 1371 918 1449 Nobis
974 1374 1301 1448 instituta
1354 1373 1593 1447 omnia
1646 1368 2114 1447 Orientalium
2169 1373 2480 1469 negotia,

368 1493 646 1565 etiamsi
700 1493 954 1578 mixta,
1008 1514 1191 1588 quae
1245 1491 1515 1565 scilicet
1566 1492 1718 1567 sive
1756 1492 1884 1579 rei,
1943 1492 2094 1565 sive
2147 1511 2490 1588 persona-

366 1632 523 1685 rum
578 1610 851 1685 ratione
904 1609 1194 1685 Latinos
1260 1610 1615 1705 attingant
1654 1662 1680 1694 ,
1762 1620 2066 1685 tractare
2143 1608 2430 1683 debebit
2461 1660 2486 1695 ,

252 1782 270 1797 2
364 1727 497 1801 nisi
561 1729 807 1803 eadem
862 1726 1331 1826 Congregatio
1384 1729 1666 1825 negotia
1723 1731 1874 1825 ipsa
1931 1730 2019 1801 ad
2081 1727 2484 1825 generalem

366 1843 869 1944 propagandae
922 1846 1117 1921 Fidei
1172 1843 1810 1943 Congregationem
1891 1845 2274 1921 deferenda
2325 1868 2482 1919 esse

362 1964 715 2038 interdum
768 1966 1307 2041 existimaverit.
1352 1964 1586 2063 Atque
1622 1965 1800 2041 haec
1843 1964 2312 2063 Congregatio
2349 1986 2480 2060 pro

362 2082 664 2175 negotiis
716 2080 1195 2155 Ecclesiarum
1274 2081 1453 2155 ritus
1508 2081 1872 2156 orientalis
1905 2134 1926 2169 ‚
1983 2082 2096 2157 cui
2177 2081 2486 2177 praeerit

358 2195 743 2273 cardinalis
770 2196 1173 2273 Praefectus
1208 2194 1792 2295 congregationis
1827 2197 2330 2297 Propagandae
2359 2198 2414 2271 F
2419 2199 2484 2271 i·-

359 2316 523 2404 dei,
580 2314 935 2390 constabit
1009 2340 1099 2389 ex
1162 2316 1537 2389 sufficienti
1616 2339 1918 2391 numero
1997 2314 2476 2392 Cardinalium

363 2433 583 2531 ipsius
632 2432 1213 2531 Congregationis
1266 2434 1463 2509 Fidei
1545 2432 2048 2533 propagandae
2089 2488 2110 2523 ‚
2166 2449 2240 2511 et
2293 2459 2479 2531 pro—

361 2554 549 2650 prios
574 2552 864 2633 habebit
890 2551 1375 2638 consultores,
1406 2576 1487 2629 ac
1522 2555 1940 2631 distinctum
1971 2556 2478 2643 Secretarium,

360 2684 435 2745 et
484 2670 951 2745 Secretariam
1028 2692 1189 2745 cum
1248 2671 1394 2745 suis
1474 2672 1774 2769 propriis
1846 2672 2300 2748 officialibus.
2385 2672 2482 2747 Ut

354 2800 593 2863 autem
646 2788 811 2863 huic
874 2788 1415 2885 Congregationi
1470 2814 1509 2863 a
1564 2790 1784 2867 Nobis
1837 2804 2154 2867 statutae
2191 2805 2484 2887 praesto

356 2907 503 2981 sint
554 2905 739 2992 viri,
796 2907 917 3002 qui
960 2905 1432 2981 Ecclesiarum
1488 2902 1941 2982 orientalium
1995 2908 2272 3003 linguas
2305 2958 2324 2990 ,
2383 2909 2486 2981 ri-

356 3036 509 3097 tum
566 3046 647 3096 ac
698 3023 1143 3119 disciplinam
1196 3022 1523 3108 calleant,
1564 3023 1635 3093 in
1673 3024 1859 3097 hanc
1917 3026 2180 3097 almam
2221 3022 2474 3097 urbem

356 3137 685 3213 Nostram
725 3138 1103 3213 nonnullos
1158 3138 1655 3213 arcessivimus
1709 3138 2228 3214 ecclesiasticos
2285 3140 2480 3215 viros

352 3254 671 3329 doctrina
708 3306 731 3341 ,
812 3266 887 3327 et
942 3253 1389 3329 orientalium
1442 3276 1682 3327 rerum
1746 3254 2000 3350 peritia
2054 3268 2420 3351 spectatos
2457 3310 2478 3343 ,

352 3373 473 3469 qui
526 3373 671 3446 suis
725 3373 1004 3460 studiis,
1059 3384 1131 3445 et
1184 3372 1475 3445 scientia
1531 3372 1762 3445 eidem
1822 3368 2366 3470 Congregationi
2437 3399 2482 3447 a.
2567 3398 2578 3407 ·

351 3488 567 3564 Nobis
620 3502 895 3563 erectae
948 3489 1204 3561 auxilio
1258 3489 1405 3587 sint
1456 3490 1527 3561 in
1594 3490 1680 3563 iis
1737 3490 2154 3584 praesertim
2188 3542 2209 3577 ‚
2292 3515 2476 3591 quae

352 3604 797 3679 orientalium
878 3604 1349 3681 Ecclesiarum
1419 3608 1597 3679 ritus
1671 3629 1754 3679 ac
1829 3604 2268 3703 disciplinam
2301 3660 2322 3693 ‚
2403 3620 2480 3681 et

352 3724 799 3798 orientalium
853 3724 1194 3799 librorum
1248 3725 1822 3799 emendationem
1875 3725 2288 3821 respiciunt.

504 3840 692 3915 Haec
745 3856 983 3917 autem
1062 3841 1531 3941 Congregatio
1610 3842 1952 3919 retinebit
2022 3844 2314 3917 titulum
2371 3844 2476 3919 De

353 3958 828 4060 Propayanda
892 3962 1071 4037 Fide
1106 3986 1295 4037 cum
1350 3964 1483 4039 hac
1538 3976 1818 4039 tantum
1877 3962 2280 4037 accessione
2333 3960 2484 4037 Pro

356 4076 653 4177 negotiis
704 4080 889 4153 ritus
966 4078 1337 4153 orientalis
1370 4132 1391 4168 ,
1448 4093 1522 4153 et
1572 4081 1824 4156 eodem
1888 4090 2138 4153 utetur
2189 4080 2418 4177 sigillo
2447 4133 2470 4169 ‚

352 4221 495 4295 quo
547 4194 1013 4295 Congregatio
1066 4195 1260 4272 Fidei
1317 4195 1819 4295 Propagandae
1853 4196 2100 4271 utitur.
2133 4195 2315 4275 Cum
2345 4219 2475 4271 au-
