3317 5267
1090 603 1551 657 vsnauaumvs
1588 578 1896 655 ruramvs
1939 594 2326 668 utrumuis,
2381 606 2741 665 ruina-ms,

977 704 1443 755 aacnmmscorxs
1462 734 1478 761 ,
1522 692 1861 765 sriscorls',
1907 708 2178 764 Annsovn
2221 706 2492 755 Locoavx
2532 704 2864 755 otomanus

936 803 1186 855 canunt
1224 800 1295 849 nr
1336 798 1771 849 ceramicum
1811 800 1934 849 ενι
1974 801 2317 852 Arosrouca
2360 802 2503 851 sans
2544 799 2903 851 masurisvs

1476 1093 1733 1189 PIVS
1794 1098 2096 1187 PAPA
2179 1098 2332 1189 IX.

1562 1452 1963 1501 nunninus
2004 1454 2248 1503 ruamus

1249 1544 1508 1593 satvrsn
1548 1546 1619 1591 ΒΤ
1663 1547 2059 1595 ΔΡΟΒΤΟΗΕΔΙ
2113 1545 2582 1597 summamus!

856 1660 1059 1865 Qui
1094 1763 1322 1837 nuper
1356 1764 1485 1837 per
1520 1740 1796 1817 ltaliam
1835 1744 2069 1841 erupit
2101 1754 2348 1818 contra
2383 1732 2744 1843 legitimos
2787 1744 2988 1822 Prin-

850 1861 1045 1958 cipes
1096 1858 1462 1935 seditionis
1496 1867 1739 1933 motus
1775 1859 1848 1930 in
1883 1858 2289 1957 regionibus
2327 1859 2546 1935 etiam
2574 1860 2986 1939 Pontificiae

850 1978 1098 2057 ditioni
1122 1975 1468 2065 finitimis,
1492 1976 1866 2053 nonnullas
1891 2000 1981 2051 ex
2013 1977 2401 2053 Provinciis
2428 1978 2732 2069 Nostris,
2761 2004 2992 2078 quae-

849 2097 1013 2172 dam
1068 2095 1289 2183 veluti
1342 2095 1642 2170 incendii
1679 2094 1994 2184 flamma,
2032 2097 2402 2193 pervasit3
2455 2121 2638 2197 quae
2693 2099 2982 2196 quidem

851 2225 928 2291 et
978 2213 1261 2291 funesto
1314 2213 1433 2291 illo
1484 2226 1851 2309 permotae
1902 2214 2256 2311 exemplo,
2297 2225 2374 2289 et
2413 2215 2731 2291 externis
2783 2228 2986 2290 actae

856 2331 1337 2406 incitamentis
1388 2353 1430 2405 a
1480 2342 1780 2428 paterno
1831 2330 2092 2407 Nostro
2141 2332 2484 2430 regimine
2519 2356 2678 2409 sese
2713 2332 2992 2409 subdu-

854 2459 1143 2539 xerunt,
1198 2460 1273 2524 et
1324 2470 1493 2526 vero
1546 2449 1766 2527 etiam
1817 2449 2062 2546 paucis
2117 2448 2600 2525 adnitentibus
2651 2452 2722 2525 id
2773 2473 2990 2548 quae-

850 2576 1045 2656 runt,
1100 2577 1183 2642 ut
1234 2566 1469 2641 italico
1521 2566 1619 2639 illi
1675 2566 2136 2663 subjiciantur
2185 2566 2570 2656 Gubernio,
2617 2570 2808 2666 quod
2859 2591 2992 2665 per

850 2710 1074 2769 annos
1125 2687 1355 2769 hosce.
1390 2698 1794 2784 postremos
1867 2686 2254 2774 Ecclesiae,
2311 2711 2396 2763 ac
2427 2688 2764 2785 legitimis
2799 2688 2987 2765 illius

846 2804 1123 2905 juribus
1164 2858 1186 2895 ‚
1240 2806 1597 2905 sacrisque
1652 2805 2086 2881 administris
2137 2827 2216 2879 se
2277 2806 2500 2902 gessit
2577 2807 2982 2882 adversum.

851 2922 1041 3005 Dum
1092 2922 1237 3003 Nos
1274 2922 1672 3003 rebellionis
1708 2923 2120 3022 hujusmodi
2154 2933 2356 3003 actus
2391 2934 2467 2999 et
2500 2922 2992 3021 reprobamus,

850 3052 929 3118 et
976 3041 1298 3117 dolemus
1340 3092 1362 3129 ,
1418 3040 1676 3142 quibus
1699 3057 1708 3062 ·
1729 3042 2075 3138 quaedam
2129 3050 2410 3117 tantum
2487 3041 2730 3138 populi
2821 3064 2988 3138 pars

850 3157 1155 3234 turbatis
1207 3160 1281 3233 in
1331 3158 1584 3233 iisdem
1636 3159 2019 3255 provinciis
2069 3157 2333 3257 injuste
2387 3160 2562 3235 adeo
2601 3159 2988 3255 respondet

848 3278 1165 3376 paternis
1216 3276 1497 3366 studiis,
1554 3278 1884 3374 curisque
1934 3275 2212 3352 Nostris
2229 3328 2251 3365 ‚
2306 3298 2390 3351 ac
2439 3277 2613 3350 dum
2663 3298 2988 3351 necessa·

851 3398 1041 3471 rium
1092 3418 1247 3469 esse
1298 3395 1536 3492 palam
1588 3395 1930 3470 edicimus
1982 3392 2282 3467 Sanctae
2343 3392 2508 3466 huic
2561 3392 2726 3466 Sedi
2803 3392 2986 3468 civi·-

848 3511 994 3587 lem
1044 3511 1544 3609 principatum,
1586 3523 1669 3585 ut
1721 3512 1794 3584 in
1829 3508 2097 3585 bonum
2133 3508 2490 3605 religionis
2519 3530 2790 3583 sacram
2847 3531 2984 3606 po·-

850 3638 1193 3705 testatem
1218 3629 1371 3701 sine
1398 3628 1553 3709 ullo,
1568 3627 2078 3724 impedimento
2104 3648 2433 3701 exercere
2471 3626 2724 3723 possit,
2763 3650 2982 3725 quem

852 3746 1141 3845 quidem
1191 3746 1503 3821 civilem.
1525 3744 2009 3842 Principatum
2061 3755 2486 3843 extorquere
2537 3745 2768 3819 eidem
2818 3768 2984 3820 con-

852 3862 1181 3941 nituntur
1234 3859 1591 3935 vaferrimi
1642 3860 1888 3934 hostes
1940 3858 2296 3934 Ecclesiae
2351 3856 2642 3951 Christi,
2699 3858 2914 3937 Vobis
2953 3912 2977 3949 ,

852 3981 928 4059 in
980 3990 1181 4054 tanto
1234 4001 1473 4055 rerum
1538 3977 1821 4052 turbine
1877 3987 2287 4073 praesentes
2337 3976 2590 4053 damus
2641 3977 2914 4053 litteras
2953 4030 2978 4065 ,

862 4096 1315 4175 venerabiles
1365 4098 1619 4172 fratres
1659 4150 1681 4185 ,
1738 4108 1820 4173 ut
1871 4097 2152 4197 aliquod
2202 4094 2424 4172 dolori
2475 4098 2733 4173 Nostro
2792 4098 2982 4175 sola-

854 4220 1047 4300 tium
1124 4240 1567 4323 quaeramus.
1630 4218 1862 4319 Atque
1913 4216 2048 4293 hac
2115 4218 2480 4295 occasione
2543 4216 2686 4295 Vos
2762 4219 2974 4297 etiam
