3317 5267
2329 368 2476 441 405

354 477 711 577 pientibus
772 504 805 549 α
844 472 1297 551 [inscrutabili
1338 498 1371 545 n
1433 488 1666 550 erecta
1717 500 1878 553 cum
1935 500 2224 553 munere
2271 506 2481 579 prae-

352 595 637 669 sidendi
701 592 1147 671 Missionibus
1217 592 1542 667 omnibus
1614 592 1706 665 ad
1770 594 2339 692 praedicandum
2411 612 2477 671 et

352 714 745 788 docendum
808 710 1277 810 Evanqelium
1342 726 1407 783 et
1468 710 1886 785 catholicam
1947 713 2370 788 doctrinam.

516 831 609 905 At
670 854 863 920 vero,
938 832 1255 926 inspecta
1318 828 1782 903 Orientalium
1845 852 2004 903 cum
2069 832 2246 905 ritus
2317 844 2472 905 tum

350 950 757 1045 disciplinae
818 950 1159 1023 varietate
1200 1000 1221 1035 ‚
1292 948 1397 1019 vel
1458 946 1659 1019 facile
1725 945 1862 1019 fuit
1932 950 2174 1021 statim
2251 972 2472 1043 agno-

351 1090 571 1155 scere,
628 1072 841 1141 etiam
896 1080 1059 1163 post
1110 1066 1507 1164 praedictae
1560 1063 2146 1161 Congregationis
2171 1092 2470 1165 genera-

352 1184 437 1258 lis
489 1187 576 1259 de
629 1184 1081 1282 Propaganda
1138 1185 1307 1259 Fide
1363 1185 1916 1271 institutionem,
1975 1208 2259 1259 necesse
2313 1209 2472 1261 esse

350 1312 431 1375 ut
482 1303 1076 1398 quemadmodum
1128 1298 1684 1374 occidentalium
1741 1300 1842 1371 ita
1896 1311 1973 1373 et
2008 1298 2468 1375 Orientalium

352 1422 673 1517 graviora
724 1422 1033 1518 negotia,
1090 1442 1268 1517 quae
1322 1418 1569 1492 maiori
1626 1420 1952 1492 examine
1993 1432 2068 1493 et
2105 1422 2338 1496 studio
2373 1423 2475 1495 in·
2551 1457 2585 1496 ,α

349 1538 693 1633 digerent,
752 1537 1196 1634 peculiariter
1248 1558 1287 1606 a
1352 1534 1708 1609 nonnullis
1775 1536 2088 1609 eiusdem
2155 1533 2473 1633 Congre-

350 1657 651 1751 gationis
712 1656 1055 1751 generalis
1128 1652 1607 1729 Cardinalibus
1682 1664 2180 1729 tractarentur.
2258 1652 2470 1743 Quo-

349 1775 559 1861 eirca,
615 1772 900 1849 Urbano
956 1770 1111 1845 Vlll
1166 1771 1529 1859 Pontifice‚
1586 1772 1707 1869 qui
1764 1774 1853 1844 in
1891 1773 2120 1847 locum
2153 1770 2470 1869 Gregorii

354 1888 481 1963 XV
542 1888 678 1964 fuit
738 1890 1099 1977 suffectuS‚
1165 1892 1348 1965 duae
1410 1890 1750 1985 speciales
1813 1914 1900 1964 ex
1963 1891 2186 1987 ipsius
2248 1912 2470 1987 gene-

344 2008 513 2082 ralis
586 2006 1158 2105 Congregationis
1230 2011 1319 2082 de
1392 2007 1849 2105 Propaganda
1938 2009 2108 2083 Fide
2197 2008 2469 2104 gremio

346 2120 941 2222 congregationes
1000 2126 1429 2200 constitutae
1484 2124 1706 2211 suere,
1763 2147 2060 2221 quarum
2101 2125 2320 2197 altera
2349 2147 2470 2220 ap-

346 2244 603 2339 pellata
654 2268 870 2343 super
912 2244 1145 2317 dubiis
1206 2242 1718 2332 Orientalium,
1775 2244 1992 2317 altera
2047 2266 2262 2343 super
2296 2268 2474 2317 cor-

349 2362 665 2435 rectione
724 2360 1173 2459 Euclioloyi?
1204 2360 1668 2436 Graecorum.
1737 2360 1833 2435 Ut
1907 2384 2074 2436 vero
2144 2384 2322 2459 opus
2373 2362 2468 2435 ab

351 2478 483 2552 hae
534 2491 895 2576 postrema
939 2478 1495 2577 Congregatione
1534 2480 1892 2575 inceptum
1931 2479 2017 2553 ad
2053 2478 2265 2551 finem
2303 2500 2470 2575 per-

346 2597 747 2685 duceretur,
804 2610 878 2672 et
936 2601 1165 2673 studia
1220 2601 1449 2673 eidem
1504 2621 1634 2694 pro
1698 2596 2130 2693 Euchologio
2159 2595 2470 2672 Graeco-

347 2736 505 2787 rum
562 2718 937 2790 commissa
990 2740 1234 2791 omnes
1288 2714 1748 2790 Orientalium
1791 2714 2006 2789 libros
2033 2712 2466 2810 complecte-

349 2842 618 2918 rentur,
674 2856 856 2907 nova
910 2831 1379 2931 Congregatio
1432 2834 1536 2905 uti
1590 2832 1864 2905 stabilis
1917 2842 1992 2905 et
2045 2830 2376 2903 distincta
2422 2854 2464 2901 a

348 2946 903 3046 Congregatione
982 2951 1070 3025 de
1143 2949 1600 3044 Propaganda
1676 2948 1842 3019 Fide
1915 2957 2144 3019 erecta
2223 2946 2358 3037 suit
2433 2970 2476 3019 a

352 3062 719 3139 Clemente
776 3064 865 3137 Xl
930 3089 1147 3165 super
1206 3065 1637 3137 correctione
1699 3061 2046 3135 librorum
2115 3060 2472 3136 Orienta-

346 3180 529 3255 lium
584 3185 945 3279 proprium
1001 3183 1271 3257 habens
1324 3178 1774 3255 Praefectum
1828 3191 1902 3254 et
1963 3180 2462 3269 Secretarium,
2533 3237 2540 3254 .

346 3311 423 3373 et
456 3310 791 3373 constans
828 3324 919 3373 ex
958 3300 1269 3398 quinque
1324 3297 1838 3389 Cardinalihus‚
1889 3296 2206 3393 pluribus
2261 3286 2471 3372 theo-‘-

346 3416 527 3513 logis
584 3418 891 3515 virisque
944 3415 1389 3493 orientalium
1442 3416 1710 3489 rituum
1762 3426 1838 3488 et
1887 3415 2284 3512 linguarum
2338 3438 2470 3511 pe-

348 3533 529 3607 ritis.
596 3532 708 3607 Ex
776 3535 997 3631 ipsius
1068 3545 1311 3608 autem
1384 3532 1962 3631 Congregationis
2033 3530 2468 3607 Christianae

346 3648 540 3725 Fidei
594 3648 1089 3749 Propagandae
1144 3654 1322 3725 actis
1374 3663 1670 3747 apparet
1721 3652 2077 3748 quomodo
2111 3650 2258 3725 fere
2285 3674 2469 3725 sem·-

344 3788 497 3863 per,
552 3766 675 3841 ubi
726 3769 813 3843 de
867 3768 1213 3865 aliquibus
1266 3770 1525 3841 summi
1584 3769 1932 3842 momenti
1995 3767 2463 3843 Orientalium

344 3888 647 3983 negotiis
699 3900 855 3961 erat
916 3889 1420 3986 peragendum,
1486 3912 1732 3963 eorum
1799 3912 1966 3963 cura
2030 3900 2105 3961 et
2163 3909 2466 3962 examen

352 4002 567 4077 fuerit
614 4004 1115 4079 demandatum
1170 4004 1637 4102 peculiaribus
1697 4004 2048 4091 Consiliis,
2111 4025 2237 4078 seu
2275 4002 2468 4077 Con-

344 4124 883 4222 gregationibus.
903 4124 979 4199 S.
1028 4125 1115 4199 R.
1158 4124 1243 4199 E.
1286 4122 1758 4200 cardinalium
1798 4125 2112 4199 eiusdem
2149 4122 2472 4221 Congre-
