3317 5267
929 422 1230 610 3:301ae
1283 551 1322 602 a
1375 524 1558 602 Pace
1611 535 2085 611 terrenorum,
2140 547 2323 622 quac
2407 522 2618 622 vulgo
2696 522 3061 598 militaria

935 661 1186 727 vocata
1237 655 1446 720 extra
1495 642 1861 716 civitatem
1902 641 2086 716 inter
2138 641 2319 716 arcis
2372 642 2654 716 moenia
2690 653 2767 716 et
2804 641 3057 738 publi—

925 793 1082 846 cam
1138 768 1330 840 viam
1379 763 1727 836 existunt.
1788 757 2019 856 Atque
2072 759 2455 834 statuimus
2486 811 2507 848 ,
2573 770 2655 832 ut
2734 760 3057 834 eiusdem

927 887 1290 988 paroeciae
1347 879 1558 956 Curio
1609 881 1989 977 quotannis
2042 879 2443 975 depositum
2497 878 2763 954 faceret
2816 891 3063 956 scuta-

927 1021 1166 1083 torum
1225 1003 1476 1076 decem
1557 1022 1687 1095 pro
1766 996 2341 1073 extraordinariis
2421 996 3061 1072 instaurationibus

927 1123 1205 1222 Templi
1257 1133 1332 1196 et
1385 1119 1805 1218 parochialis
1856 1121 2138 1206 domus,
2210 1128 2429 1216 utque
2458 1140 2775 1194 annuum
2802 1119 3059 1194 solve-

921 1258 1034 1320 ret
1083 1261 1430 1318 canonem
1481 1249 1925 1314 scutatorum
1964 1237 2208 1325 trium,
2266 1259 2577 1330 nec-non
2614 1237 3057 1312 laudemium

920 1363 1130 1437 unius
1183 1358 1442 1434 scutati
1497 1353 1760 1432 Comiti
1792 1354 2157 1451 Carpegna
2183 1353 2569 1450 possessori
2604 1354 2907 1430 dominii
2946 1355 3059 1428 di-

923 1477 1126 1564 recti,
1181 1483 1338 1548 tum
1384 1471 1610 1558 fundi,
1668 1470 1740 1542 in
1794 1493 1938 1566 quo
1976 1468 2370 1543 aedificium
2408 1469 2577 1544 illud
2614 1466 2850 1544 fuerat
2914 1493 3058 1544 ex-

921 1605 1262 1678 tructum,
1329 1603 1484 1664 tum
1546 1588 1739 1662 horti
1792 1587 2023 1661 eidem
2075 1586 2293 1662 fundo
2346 1587 2755 1662 adiacentis.
2862 1585 3061 1662 Con-

919 1709 1358 1784 firmavimus
1407 1708 1582 1779 item
1637 1705 1885 1778 dotem
1938 1714 2219 1777 auctam
2276 1723 2559 1776 summa
2595 1726 2831 1778 annua
2888 1729 3060 1780 scu-

920 1839 1233 1903 tatorum
1287 1824 1536 1920 viginti
1562 1821 1934 1895 Paroeeiae
1988 1819 2249 1894 Mariae
2286 1819 2588 1893 Sanctae
2626 1817 3049 1896 Gratiarum

916 1946 1116 2018 iuxta
1141 1941 1536 2040 praedictas
1569 1936 1884 2036 publicas
1914 1935 2199 2012 tabulas
2264 1959 2303 2010 a
2358 1935 2846 2011 Bruschettini
2878 1962 3058 2014 con-

914 2062 1168 2148 fectas,
1221 2062 1324 2134 ita
1357 2071 1442 2135 ut
1469 2059 1739 2155 integra
1768 2055 2091 2130 eiusdem
2130 2056 2493 2152 paroeciae
2546 2057 2675 2131 dos
2730 2079 3051 2132 annuam

913 2190 1360 2258 scutatorum
1411 2185 1699 2248 centum
1752 2193 2111 2244 summam
2164 2173 2511 2268 attingere
2558 2171 2885 2247 deberet.

1069 2295 1168 2368 Ut
1192 2307 1432 2368 autem
1458 2291 1779 2388 paroecia
1803 2290 2043 2366 Sancti
2072 2287 2389 2364 Andreae
2418 2289 2629 2387 vulgo
2652 2287 2771 2362 del
2797 2288 3045 2380 Porto,

917 2411 1037 2488 ubi
1091 2436 1273 2488 nova
1325 2433 1522 2485 sacra
1575 2413 1785 2486 aedes
1836 2433 1998 2486 cum
2052 2410 2431 2506 parochiali
2485 2410 2698 2486 domo
2770 2409 3047 2488 Nostris

915 2533 1291 2631 impendiis
1341 2531 1572 2608 fuerat
1623 2545 1973 2620 extructa,
2028 2532 2277 2607 maiori
2329 2530 2681 2607 frueretur
2732 2531 3047 2612 subsidio

915 2652 1172 2726 fundos
1251 2662 1588 2747 perpetuo
1641 2651 2167 2747 adsignavimus
2198 2704 2219 2739 ,
2272 2673 2453 2748 quos
2517 2650 2775 2726 Nostro
2854 2651 3050 2726 iussu

914 2765 1158 2846 Mensa
1205 2765 1480 2866 publica
1533 2766 1614 2842 P.
1655 2766 1750 2841 M.
1797 2753 2001 2865 vulgo
2043 2763 2349 2840 Camere
2400 2764 2799 2866 Apostolica
2832 2768 3049 2842 cessit

915 2909 1042 2984 per
1093 2899 1250 2960 acta
1299 2887 1412 2962 die
1468 2888 1821 2962 tricesima
1872 2887 2099 2962 Martii
2154 2911 2340 2962 anno
2396 2887 2768 2960 millesimo
2814 2887 3049 2962 octin-

909 3009 1308 3103 gentesimo
1369 3005 1955 3106 quinquagesimo
2006 3009 2313 3104 septimo
2340 3059 2361 3096 ,
2420 3019 2721 3102 excepto
2800 3017 3047 3080 tamen

906 3123 1123 3199 fundo
1175 3127 1245 3198 in
1300 3123 1661 3220 publicum
1715 3148 2003 3198 censum
2059 3126 2279 3198 relato
2331 3123 2465 3198 sub
2510 3143 2810 3197 numero
2860 3123 3044 3196 vicc-

909 3243 1094 3318 simo
1147 3244 1359 3318 tertio
1389 3295 1410 3330 ‚
1467 3255 1541 3316 et
1595 3244 1931 3340 inscripto
1990 3241 2245 3342 Mappa
2297 3240 2606 3315 Por-tone
2658 3243 2730 3312 in
2810 3239 3045 3335 prima

915 3361 1251 3434 sectione.
1319 3361 1418 3434 Ac
1469 3358 1667 3434 Piam
1748 3361 2175 3437 Societatem
2228 3360 2469 3436 Sancti
2549 3357 2872 3432 Andreae
2924 3356 3043 3430 del

909 3473 1122 3548 Porto
1175 3476 1382 3572 plane
1433 3475 1725 3550 liberam
1781 3479 2291 3553 declaravimus
2342 3475 2433 3550 ab
2470 3498 2683 3551 onere
2734 3473 3045 3572 amplius

901 3590 1219 3666 solvendi
1271 3591 1637 3667 dimidium
1696 3595 2129 3693 stipendium
2184 3591 2610 3692 Cappellano
2664 3589 2989 3666 Parocho
3018 3643 3041 3679 ,

903 3706 1088 3801 quod
1129 3702 1444 3782 Parocho
1479 3730 1606 3804 pro
1653 3721 1975 3807 tempore
2029 3711 2525 3808 imposuimus,
2566 3717 2781 3805 atque
2818 3703 3047 3780 Paro-

903 3823 1118 3897 chum
1173 3825 1500 3898 eumdem
1583 3826 1973 3925 obligatum
2024 3849 2181 3902 esse
2235 3825 2587 3900 voluImus
2618 3876 2641 3914 ,
2694 3841 2779 3897 ut
2832 3823 3045 3898 titulo

903 3952 1284 4036 perpetuae
1309 3942 1669 4038 pensionis
1699 3941 2503 4041 SeminarioEpiscopali
2531 3939 3045 4038 senogalliensi

899 4077 1208 4132 annuam
1245 4070 1689 4134 scutatorum
1722 4061 1971 4136 decem
2010 4083 2373 4135 summam
2402 4058 2711 4134 solveret
2746 4055 2839 4132 ob
2862 4058 3045 4132 duas

901 4173 1360 4252 domunculas
1394 4177 1689 4266 deletas,
1726 4177 1845 4253 uhi
1884 4201 2147 4255 novum
2188 4177 2571 4274 Templum
2600 4175 2831 4250 suerat
2864 4199 3043 4250 con·-
