3317 5267
887 400 1232 587 121ngoe
1287 508 1595 593 Fratres,
1635 508 1825 604 quod
1874 507 2187 583 nonnulli
2222 530 2311 583 ex
2346 519 2649 605 utroque
2681 505 2908 583 Glero
2932 506 3011 583 in

887 633 1088 706 ltalia
1140 632 1272 705 viri
1309 628 1783 705 ecelesiastica
1818 629 2033 703 etiam
2070 628 2409 725 dignitate
2444 630 2677 703 ornati
2714 641 2867 703 tam
2896 629 3019 705 fu·-

887 760 1094 825 nesto
1121 748 1580 825 aberrationis
1606 758 1685 821 et
1708 746 2103 821 rebellionis
2130 747 2387 844 spiritu
2412 748 2671 836 misere
2694 746 3011 843 abrepti,

883 894 968 946 ac
1017 870 1340 968 propriae
1395 867 1783 944 vocationis
1818 877 1895 939 et
1928 865 2133 941 officii
2166 866 2457 941 omnino
2492 865 2691 943 obliti
2738 888 2784 939 a
2818 866 3019 941 veri-

887 988 1057 1061 tatis
1091 986 1382 1060 tramite
1431 983 1971 1068 declinaverint,
2026 993 2100 1055 et
2148 982 2387 1078 pravis
2436 982 2821 1079 impiorum
2872 982 3015 1057 ho-

885 1104 1162 1177 minum
1217 1104 1526 1179 consiliis
1577 1100 1903 1175 faventes
1972 1121 2137 1173 cum
2214 1098 2603 1175 incredibili
2652 1099 3013 1175 bonorum

879 1222 1202 1297 omnium
1269 1222 1468 1296 luctu
1537 1218 1709 1295 facti
1778 1218 1927 1295 sint
1984 1216 2161 1315 lapis
2212 1216 2621 1293 offensionis
2672 1227 2751 1291 et
2797 1230 3010 1314 petra

881 1340 1216 1417 scandali.

1031 1456 1134 1531 Ad
1174 1457 1350 1531 haec
1385 1466 1626 1530 autem
1664 1476 1847 1552 quae
1882 1452 2329 1549 deploramus
2362 1451 2549 1525 mala
2582 1452 2751 1525 illud
2778 1452 3007 1527 etiam

873 1576 1386 1672 permolestum
1423 1575 1720 1662 accedit,
1758 1574 1949 1672 quod
1986 1572 2175 1647 haud
2210 1573 2312 1645 ita
2346 1572 2621 1669 pridem
2654 1572 2730 1646 in
2766 1570 3003 1645 Mexi-

876 1716 1048 1768 cana
1103 1694 1372 1769 ditione
1419 1693 1737 1769 eiusdem
1786 1692 2065 1788 generis
2114 1690 2435 1765 homines
2486 1690 2699 1764 simili
2748 1700 3005 1765 contra

878 1811 1298 1888 catholicam
1351 1810 1739 1886 Ecclesiam
1794 1810 1955 1884 odio
2008 1808 2275 1883 incensi
2328 1830 2471 1885 non
2508 1807 3003 1883 extimuerunt

877 1928 1356 2026 iniquissimas
1404 1931 1596 2026 leges
1649 1928 1967 2003 eiusdem
2020 1926 2375 2003 Ecclesiae
2408 1927 2779 2024 potestati,
2818 1926 2997 2001 iuri-

876 2046 1040 2133 bus,
1087 2046 1448 2123 doctrinae
1499 2047 1709 2144 plane
1762 2047 2095 2120 adversas
2146 2044 2622 2141 promulgare,
2658 2042 3001 2119 ecclesia-

875 2163 1049 2237 stiea
1099 2163 1284 2238 bona
1337 2164 1684 2261 praedari,
1740 2182 1977 2235 sacras
2030 2162 2241 2235 aedes
2288 2160 2615 2258 spoliare,
2652 2160 2725 2231 in
2766 2159 2997 2234 eccle-

873 2278 1196 2353 siasticos
1246 2279 1746 2375 religiososque
1812 2276 1997 2350 viros
2058 2276 2331 2349 saevire
2360 2326 2385 2363 ,
2453 2272 2777 2371 Virgines
2840 2270 2989 2349 Deo

871 2394 1166 2469 devotas
1211 2397 1572 2483 divexare,
1625 2395 2017 2492 Episcopos
2056 2396 2265 2469 variis
2300 2416 2675 2492 oppressos
2710 2394 2981 2469 iniuriis

871 2532 914 2583 a
964 2510 1111 2585 suis
1161 2510 1488 2607 gregibus
1533 2510 1953 2597 distrahere,
1992 2522 2068 2585 et
2100 2512 2175 2585 in
2210 2511 2499 2585 exilium
2534 2510 2829 2607 pellere,
2862 2512 2994 2609 qui

867 2624 1014 2700 fere
1065 2648 1314 2703 omnes
1363 2628 1436 2701 in
1489 2628 1673 2703 hanc
1724 2627 1988 2701 almam
2043 2626 2293 2703 urbem
2344 2625 2681 2703 Nostram
2745 2650 2983 2705 vene-

863 2751 1058 2828 runt,
1113 2752 1188 2815 et
1239 2764 1381 2817 non
1431 2742 1572 2817 levi
1625 2742 1841 2819 Nobis
1896 2744 2149 2821 solatio
2200 2744 2395 2821 fuere
2449 2758 2741 2843 propter
2772 2768 2983 2843 egre-

859 2856 1008 2953 gias
1068 2858 1394 2945 virtutes,
1449 2859 1711 2956 quibus
1763 2870 2131 2957 tantopere
2180 2873 2569 2958 praestant.

1025 2972 1268 3071 Neque
1323 2975 1391 3050 id
1442 2978 1618 3051 satis
1647 3030 1669 3065 ,
1734 3000 1899 3053 nam
1960 2980 2033 3053 in
2094 2980 2227 3053 alia
2291 2977 2655 3055 Amet-icae
2720 2992 2927 3076 parte
2956 3032 2979 3068 ,

860 3094 1130 3171 scilicet
1178 3096 1250 3169 in
1301 3095 1857 3193 Neogranatensi
1908 3098 2177 3173 ditione
2226 3099 2731 3173 recentissimis
2780 3100 2983 3177 hisce

859 3214 1106 3289 diebus
1156 3236 1392 3289 rerum
1441 3216 1753 3291 civilium
1792 3215 2318 3313 perturbatores
2354 3238 2685 3312 suprema
2722 3232 2981 3295 aucto-

859 3330 1068 3403 ritate
1119 3331 1328 3425 potiti
1383 3328 1749 3405 infandum
1802 3332 2157 3427 protulere
2206 3332 2599 3419 decretum,
2656 3356 2801 3431 quo
2852 3360 2981 3411 ec-

853 3446 1240 3522 clesiastica
1293 3460 1608 3544 potestas
1657 3472 1865 3525 suam
1902 3450 2397 3525 auctoritatem
2432 3472 2761 3527 exercere
2800 3476 2977 3547 pro-

853 3564 1137 3639 hibetur
1187 3564 1456 3661 absque
1505 3566 1731 3641 civilis
1785 3566 2103 3665 gubernii
2160 3568 2362 3643 venia
2420 3578 2495 3643 et
2530 3590 2857 3659 assensu,
2894 3584 2983 3647 et

857 3682 1161 3780 inclytae
1213 3682 1582 3759 Societatis
1637 3685 1795 3761 Iesu
1846 3686 2131 3763 Sodales
2180 3687 2269 3761 de
2321 3709 2397 3760 re
2448 3686 2831 3763 christiana
2892 3703 2975 3763 et

851 3802 1035 3875 civili
1073 3801 1344 3897 optime
1379 3804 1669 3879 meritos
1705 3804 2198 3892 exturbarunt,
2234 3816 2447 3901 atque
2482 3805 2775 3903 insuper
2818 3808 2971 3883 No-

853 3928 1106 4001 strum,
1163 3916 1602 4014 Sanctaeque
1639 3919 1845 3993 huius
1880 3920 2083 3996 Sedis
2134 3919 2549 4018 Delegatum
2600 3944 2643 3995 a
2676 3924 2971 3999 ditionis

847 4034 1102 4127 finibus
1161 4036 1390 4111 triduo
1441 4035 1634 4110 abire
1686 4052 2088 4134 coegerunt.

1001 4148 1388 4226 Enimvero
1441 4153 1514 4225 in
1569 4154 1701 4227 hac
1756 4166 1953 4229 tanta
1997 4168 2303 4254 tamque
2386 4156 2571 4233 tristi
2632 4160 2959 4235 omnium
