3317 5267
2287 437 2374 509 12
2387 440 2428 509 7

306 558 619 635 Sanctae
668 552 871 631 Sedis
922 554 1391 629 dominationi
1459 568 1875 633 constanter
1949 554 2433 643 adhaereant3

303 692 389 755 et
440 678 631 778 quod
685 677 1061 764 universus
1112 676 1527 751 earumdem
1580 677 2108 773 provinciarum
2187 672 2434 750 Clerus

306 796 615 873 summis
666 805 861 871 certe
911 792 1237 868 laudibus
1262 793 1519 891 dignus
1554 794 1732 867 nihil
1760 794 2126 891 antiquius
2153 791 2431 880 habuit,

303 936 529 1013 quam
584 914 657 987 in
706 912 847 987 hoc
897 932 1137 985 rerum
1190 920 1395 986 motu
1446 921 1523 984 et
1573 908 2110 1007 perturbatione
2161 908 2274 983 sui
2299 906 2438 984 -of-

306 1032 451 1107 ficii
502 1041 747 1128 partes
798 1028 1044 1105 sedulo
1095 1027 1409 1125 explere,
1463 1050 1549 1101 ac
1599 1028 1994 1103 luculenter
2063 1026 2436 1101 ostendere

304 1172 450 1249 qua
500 1146 841 1246 singulari
890 1145 1029 1221 fide
1082 1156 1159 1219 et
1208 1144 1667 1220 observantia
1716 1144 1860 1219 Nos
1900 1154 1981 1217 et
2015 1143 2200 1217 hanc
2239 1142 2432 1240 Apo-

311 1268 639 1345 stolicam
664 1266 923 1342 Sedem
954 1276 1451 1363 prosequatur,
1491 1265 1881 1362 asperrima
1917 1284 2239 1361 quaeque
2273 1286 2438 1339 oon-

310 1397 645 1460 temnens
698 1404 781 1458 ac
832 1380 1231 1480 despiciens
1282 1380 1619 1479 pericula.

462 1504 613 1579 Iam
666 1526 838 1578 vero
890 1526 1057 1579 cum
1110 1502 1255 1579 Nos
1306 1502 1708 1598 gravissimi
1762 1501 1968 1577 offleii
2021 1500 2260 1577 Nostri
2311 1522 2435 1573 ra-

310 1624 509 1700 tione
548 1676 571 1712 ,
600 1616 1469 1720 solemniqueIiuramento
1498 1618 1820 1695 adstricti
1846 1619 2234 1695 debeamus
2268 1641 2438 1693 san-

309 1746 674 1821 ctissimae
722 1754 1013 1822 nostrae
1068 1741 1457 1839 Religionis
1508 1762 1800 1817 causam
1853 1742 2212 1839 impavide
2261 1766 2430 1840 pro-

310 1890 655 1966 pugnare,
710 1877 787 1941 et
840 1867 992 1940 iura
1040 1865 1672 1963 possessionesque
1727 1862 2093 1939 Romanae
2163 1863 2426 1939 Eccle-

311 1986 463 2061 siae
511 1984 603 2058 ab
650 1984 853 2059 omni
906 1982 1288 2059 violatione
1364 1982 1645 2058 fortiter
1721 1984 1902 2059 tueri
1933 2035 1958 2073 ,
2011 1984 2435 2082 civilemque

312 2103 651 2181 Nostrum
702 2114 781 2178 e‘t
856 2102 1069 2178 huius
1151 2100 1597 2200 Apostolicae
1675 2100 1880 2177 Sedis
1959 2104 2434 2201 principatum

310 2232 725 2299 constanter
774 2222 1175 2310 defendere,
1228 2221 1573 2318 illumque
1640 2220 1915 2296 Nostris
1994 2222 2436 2335 Successori-

306 2340 473 2432 bus,
513 2340 736 2416 veluti
768 2338 972 2415 Beati
1010 2338 1207 2415 Petri
1242 2338 1785 2437 patrimonium,
1815 2340 2172 2438 integrum
2199 2352 2434 2418 trans-

312 2460 603 2535 mittere
644 2511 665 2549 ,
719 2458 911 2533 haud
962 2480 1349 2556 possumus
1400 2458 1571 2557 quin
1624 2458 1886 2533 iterum
1954 2458 2432 2559 Apostolicam

306 2578 643 2655 Nostram
698 2576 1113 2654 attollamus
1166 2598 1446 2665 vocem,
1488 2586 1569 2652 ut
1604 2577 1980 2654 universus
2013 2582 2434 2676 praesertim

310 2695 709 2772 catholicus
760 2694 979 2785 orbis,
1036 2706 1253 2793 atque
1304 2696 1375 2767 in
1413 2695 1664 2791 primis
1698 2718 1950 2771 omnes
1979 2696 2433 2774 Venerabiles

315 2812 605 2888 Fratres
656 2812 1035 2889 Sacrorum
1090 2811 1493 2901 Antistites‚
1550 2836 1593 2885 a
1642 2812 1904 2910 quibus
1957 2815 2143 2890 inter
2205 2818 2440 2891 maxi-

312 2952 471 3005 mas
523 2930 899 3028 angustias
950 2941 1063 3007 tot
1112 2929 1375 3005 eximia
1428 2940 1504 3003 et
1552 2928 1856 3004 illustria
1891 2931 2278 3009 immobilis
2313 2958 2440 3009 eo-

308 3070 475 3123 rum
526 3069 695 3145 erga
748 3045 893 3122 Nos
946 3056 1023 3121 et
1074 3046 1259 3121 hanc
1311 3044 1649 3121 Sanctam
1733 3048 1990 3123 Sedem
2023 3102 2046 3138 ‚
2103 3072 2186 3126 ac
2237 3049 2439 3123 Beati

311 3162 513 3240 Petri
565 3164 1077 3263 patrimonium
1110 3164 1299 3255 fidei,
1329 3166 1592 3241 amoris
1628 3166 1988 3265 studiique
2023 3168 2440 3243 testimonia

304 3306 481 3359 cum
532 3306 821 3360 summa
874 3285 1093 3359 animi
1148 3284 1389 3361 Nostri
1439 3282 1926 3359 consolatione
1979 3288 2382 3383 accepimus
2414 3341 2435 3376 ‚

298 3414 747 3501 cognoscant
798 3424 1015 3501 quam
1071 3400 1539 3497 vehementer
1574 3424 1617 3474 a
1654 3400 1874 3477 Nobis
1919 3402 2440 3500 improbentur,

316 3544 505 3619 quae
552 3520 909 3596 eiusmodi
961 3520 1289 3595 homines
1342 3520 1415 3592 in
1473 3517 1816 3594 Aemiliae
1851 3520 2208 3617 provincis
2247 3520 2442 3598 Pon-

313 3636 577 3713 tificiae
628 3636 929 3715 Nostrae
981 3638 1273 3714 ditionis
1323 3648 1607 3735 patrare
1646 3638 1801 3713 ausi
1839 3649 2032 3713 sunt.
2079 3639 2331 3738 ltaque
2365 3642 2442 3715 in

314 3757 455 3833 hoc
508 3755 953 3855 amplissimo
1004 3768 1247 3832 vestro
1300 3780 1637 3833 consessu
1693 3769 1850 3833 tum
1903 3781 2444 3835 commemora-

310 3884 464 3964 tos,
522 3882 681 3947 tum
731 3872 905 3949 alios
952 3896 1203 3951 omnes
1255 3899 1746 3975 quoscumque
1823 3876 2192 3951 rebellium
2247 3888 2446 3953 actus

298 4004 565 4072 contra
616 3992 1169 4069 ecclesiasticam
1241 4006 1678 4094 potestatem
1729 4007 1805 4071 et
1855 3998 2386 4072 immunitatem
2426 4053 2447 4087 ‚

300 4125 389 4189 et
443 4116 695 4188 contra
747 4133 1161 4208 supremam
1213 4110 1548 4188 Nostram
1581 4114 1934 4211 huiusque
1972 4113 2278 4189 Sanctae
2313 4114 2444 4190 Se-

300 4234 421 4308 dis
471 4231 753 4309 civilem
805 4229 1389 4321 dominationem,
1442 4232 1944 4329 principatum,
2027 4242 2454 4331 potestatem

1823 4344 1862 4412 9
