3317 5267
2316 469 2461 544 675

325 579 804 662 Ecclesiarum
856 605 1000 659 non
1053 587 1264 661 modo
1317 599 1556 682 caput,
1623 584 1747 660 sed
1799 599 2029 661 mater
2082 602 2155 662 et
2235 591 2464 684 magi·-

315 715 493 788 stra‚
569 723 892 799 quaeque
962 703 1218 776 erroris
1275 703 1606 778 tenebras
1656 704 1970 802 undique
2006 706 2341 802 dispellit,
2382 715 2463 780 et

319 819 640 894 omnium
693 818 1194 894 fluctuantium
1251 821 1654 896 tutissimus
1706 833 1820 896 est
1872 835 2143 918 portus.
2212 823 2463 921 ltaque

317 937 452 1011 hac
513 936 774 1010 eximia
831 949 1070 1010 vestra
1121 937 1504 1033 episcopali
1559 939 1825 1011 virtute
1876 950 1952 1012 et
1989 939 2459 1014 sollicitudine

313 1051 784 1128 vehementer
817 1052 1236 1148 gaudemus,
1282 1052 1642 1151 Vobisque
1673 1056 2015 1132 maiorem
2068 1058 2139 1130 in
2172 1056 2461 1128 modum

314 1165 776 1270 gratulamur,
837 1170 1294 1246 Venerabiles
1349 1171 1405 1245 F
1409 1185 1663 1260 ratres,
1722 1175 1911 1270 quod
1966 1185 2205 1249 vestro
2239 1173 2459 1259 facto,

318 1291 714 1386 vestrisque
768 1290 1244 1386 pastoralibus
1301 1293 1387 1366 ad
1442 1293 1618 1366 istos
1669 1291 1909 1366 fideles
1960 1293 2301 1388 cuiusque
2330 1313 2467 1370 ve·.

317 1417 548 1480 strum
589 1429 812 1480 curae
865 1407 1310 1482 concreditos
1387 1409 1573 1481 datis
1653 1407 1942 1496 Litteris
2006 1409 2193 1482 haud
2265 1404 2505 1480 omi-‘

317 1524 548 1598 seritis
599 1522 882 1609 debitis,
950 1524 1364 1620 meritisque
1415 1524 1739 1600 laudibus
1817 1525 2064 1600 efferre
2154 1524 2459 1598 arctissi-

316 1663 510 1714 mam
563 1640 753 1714 illam
809 1651 887 1714 et
937 1641 1424 1715 admirabilem
1477 1645 1799 1718 omnium
1857 1646 2076 1719 totius
2135 1641 2468 1718 catholici

321 1756 512 1830 orbis
563 1755 938 1830 Sacrorum
994 1757 1413 1832 Antistitum
1451 1760 2049 1846 coniunctionem,
2134 1781 2317 1856 quae
2350 1758 2467 1832 lu·-

315 1873 786 1948 ctuosissimis
839 1874 1034 1948 hisce
1088 1877 1528 1972 temporibus
1557 1901 1723 1952 cum
1762 1877 2027 1952 Christi
2064 1878 2181 1952 hic
2221 1877 2291 1948 in
2332 1889 2465 1949 ter·

318 1989 416 2062 ris
471 1987 768 2076 vicario,
823 2000 898 2064 et
951 1991 1086 2065 hac
1139 1989 1546 2088 Apostolica
1597 1994 1778 2067 Sede
1816 1995 2153 2091 singulari
2188 1991 2317 2068 Dei
2348 1991 2465 2066 be-

323 2108 571 2183 neficio
626 2118 998 2204 tantopere
1051 2109 1243 2205 viget
1295 2133 1378 2183 ac
1432 2123 1544 2186 tot
1595 2111 2181 2208 splendidissimis
2262 2109 2471 2184 sactis

318 2225 546 2321 magis
599 2225 672 2298 iu
724 2225 874 2300 dies
909 2223 1239 2320 refulget.
1281 2225 1381 2300 Ac
1420 2227 1532 2302 vel
1591 2228 1909 2300 maxime
1954 2227 2305 2302 laetamur
2370 2227 2459 2300 de

320 2355 708 2430 conventu,
762 2365 977 2440 quem
1030 2342 1466 2443 Bambergae
1521 2345 1899 2432 habuistis,
1956 2348 2029 2419 in
2082 2369 2225 2442 quo
2266 2398 2285 2430 ‚
2318 2342 2462 2418 Vos

319 2485 594 2550 omnes,
652 2459 1102 2536 venerabiles
1156 2461 1439 2537 Fratres
1480 2516 1501 2550 ,
1555 2463 2123 2538 concordissimis
2204 2461 2463 2534 animis

319 2603 448 2678 pro
499 2577 898 2676 gravissimi
950 2579 1364 2675 episcopalis
1417 2581 1640 2654 vestri
1690 2579 2070 2656 ministerii
2106 2578 2333 2654 officio
2384 2597 2468 2650 ea

315 2693 724 2791 suscepistis
775 2693 1092 2782 consilia,
1148 2718 1331 2793 quae
1381 2697 1578 2770 hisce
1630 2697 2084 2791 potissimum
2166 2705 2464 2788 tempo-

317 2809 512 2887 ribus
562 2813 788 2908 magis
839 2823 1236 2909 opportuna
1277 2838 1432 2887 esse
1471 2814 1938 2888 existimastis
1990 2813 2079 2885 ad
2106 2811 2463 2886 Ecclesiae

316 2951 600 3004 causam
657 2929 1058 3018 tutandam,
1115 2931 1409 3028 eiusque
1461 2932 1780 3007 rationes
1833 2931 2211 3016 curandaS,
2250 2940 2466 3023 atque
2587 2990 2597 3002 .

324 3047 414 3120 ad
463 3044 770 3121 nefarios
857 3047 1306 3122 inimicorum
1361 3048 1733 3122 hominum
1786 3047 2271 3143 reprimendos
2340 3067 2465 3116 co·-

320 3171 556 3251 natus,
610 3162 734 3259 qui
788 3162 1105 3236 unanimi
1157 3165 1665 3260 constantique
1720 3163 2235 3260 Episcoporum
2308 3171 2467 3234 stu·-

320 3282 434 3357 dio
487 3303 568 3354 ac
619 3281 982 3378 vigilantia
1034 3293 1204 3355 sunt
1253 3280 1697 3377 profligandi.
1750 3279 1847 3354 Et
1898 3303 2069 3354 sane
2092 3293 2131 3366 ’,
2186 3280 2247 3352 si
2323 3301 2465 3351 un·-

317 3423 538 3500 quam
587 3402 784 3486 alias,
840 3402 974 3476 hac
1025 3402 1404 3498 praecipue
1457 3414 1701 3477 nostra
1756 3400 2167 3476 tristissima
2228 3409 2463 3474 aetate

323 3519 837 3616 Episcoporum
887 3529 1024 3607 est,
1087 3519 1305 3594 veluti
1359 3519 1677 3616 apprime
1732 3518 2149 3615 intelligitis,
2214 3527 2465 3592 contra

322 3634 806 3712 sanctissimae
877 3646 1164 3710 nostrae
1225 3635 1580 3736 religionis
1650 3635 1897 3710 hostes
1978 3633 2467 3708 strenuissime

317 3777 658 3852 pugnare.
717 3752 1058 3845 Quocirca
1117 3742 1494 3829 Sacrorum
1549 3753 1925 3828 Antistites
1961 3753 2205 3828 divino
2246 3751 2467 3826 auxi-

316 3871 414 3946 lio
447 3869 610 3944 freti
643 3869 907 3946 debent
941 3871 1422 3946 intentissimo
1474 3869 1711 3945 studio
1741 3868 2226 3967 episcopalem
2264 3889 2468 3942 suam

321 3987 642 4064 attollere
699 4013 974 4076 vocem,
1049 4000 1125 4064 et
1195 3988 1524 4065 omnibus
1576 3990 1984 4085 praedicare
2024 3984 2470 4084 evangelium

323 4129 408 4182 ac
459 4106 896 4204 sapientibus
931 4118 1008 4182 et
1059 4105 1550 4203 insipientibus
1587 4119 1916 4182 aeternas
1972 4106 2255 4182 divinae
2306 4103 2467 4179 fidei
