3317 5267
895 555 1144 647 PIUS
1207 549 1811 647 EPISCOPUS
2296 439 2431 513 23¹

1013 944 1230 994 SEBVUS
1273 942 1580 991 SERVORVM
1619 942 1725 989 nul

312 1284 656 1335 unumst
696 1282 890 1331 riu-rm
927 1284 1131 1331 mmm
1175 1284 1584 1333 cnrsosrouo
1609 1266 1901 1331 n’Auonnt
1922 1284 2131 1333 nasu
2160 1284 2449 1333 mscere-

387 1380 577 1429 nuru
615 1381 668 1427 s.
714 1379 908 1427 neom
947 1378 1164 1427 ‹zm-ris
1203 1380 1428 1427 vmms
1467 1380 1532 1426 m
1571 1376 2079 1428 Ancninriscormi
2118 1378 2357 1428 noanon

589 1472 806 1521 stuc-ro
850 1472 1112 1520 saturnu
1139 1471 1209 1518 nr
1241 1472 1635 1521 uosromcm
1664 1472 2150 1522 ssnsnicnonsu.

311 1752 712 1938 Suprema
761 1839 1146 1915 auctoritas
1197 1860 1376 1934 quae
1413 1838 1486 1911 in
1520 1858 1773 1913 omnes
1821 1840 2133 1937 undique
2182 1841 2435 1918 Eccle-

306 1960 446 2033 sias
500 1958 824 2035 Romano
875 1956 1194 2033 Pontifici
1248 1956 1322 2029 in
1374 1977 1677 2051 persona
1738 1955 1939 2031 Beati
1984 1956 2188 2057 ‘Petri
2240 1960 2437 2058 Apo-

305 2075 650 2151 stolorum
703 2074 1044 2171 Principis
1097 2096 1140 2146 a
1191 2070 1342 2147 Deo
1397 2072 1665 2146 tributa
1716 2083 1830 2147 est
1868 2124 1889 2162 ,
1956 2076 2247 2152 omnino
2298 2102 2433 2173 po-

303 2192 526 2267 stulat
539 2189 630 2268 'ut
664 2192 806 2269 Nos
841 2191 1252 2267 earumdem
1290 2189 1618 2284 regimini
1672 2212 1753 2269 ac
1801 2193 2257 2289 prosperitati
2300 2218 2433 2291 pro

301 2330 787 2405 personarum,
838 2310 1154 2384 locorum
1191 2318 1266 2381 et
1301 2317 1709 2403 temporum
1760 2308 2107 2384 adiunctis
2157 2312 2429 2409 prospi-

305 2426 598 2502 ciamus.
656 2425 848 2501 Haee
901 2448 1072 2499 sane
1129 2422 1509 2521 Apostoliei
1561 2423 1802 2499 Nostri
1854 2426 2229 2500 ministerii
2266 2450 2431 2503 mu·-

303 2569 474 2621 nera
522 2568 692 2642 prae
743 2545 964 2620 oeulis
997 2543 1374 2630 habentes,
1412 2554 1628 2641 atque
1664 2543 1833 2620 illud
1869 2545 2220 2642 imprimis
2255 2571 2433 2625 exo-

303 2672 588 2760 ptantes
639 2674 722 2737 ut
774 2663 932 2737 finis
984 2664 1390 2759 imponatur
1463 2661 1821 2737 diuturnis
1871 2663 2429 2743 dissensionibus

301 2803 382 2856 ac
433 2778 1111 2877 perturbationibus,
1161 2801 1344 2877 quae
1395 2802 1560 2854 eum
1613 2781 1815 2877 gravi
1864 2781 2223 2878 religionis
2274 2786 2431 2858 ani-

302 2920 724 2997 marumque
774 2900 1208 2975 detrimento
1257 2896 1612 2973 Ecclesias
1666 2899 1737 2971 in
1793 2897 2009 2973 Indiis
2045 2898 2257 2974 Orien
2268 2902 2433 2976 tali-

300 3018 436 3095 bus
486 3022 658 3097 sitas
733 3022 1160 3097 divexat-unt
1198 3072 1219 3108 ,
1298 3030 1513 3117 atque
1565 3019 1949 3094 hodiedum
2012 3020 2357 3095 divexant
2396 3075 2417 3111 ,

303 3136 738 3233 praehabitis
789 3158 955 3213 cum
991 3136 1188 3233 regio
1223 3133 1563 3209 Lusitano
1599 3132 1959 3211 Gubernio
2010 3140 2429 3233 opportunis

301 3256 972 3353 pertractationibus
1021 3255 1135 3330 die
1189 3257 1276 3328 21
1352 3251 1715 3327 Februarii
1767 3254 1932 3326 anni
1995 3258 2219 3343 1857,
2256 3280 2434 3332 eon-

301 3375 714 3449 ventionem
765 3371 1278 3448 celebravimus
1312 3392 1474 3444 eum
1513 3368 1982 3445 Serenissimo
2038 3370 2233 3470 Rege
2288 3373 2427 3451 Pe-

299 3502 414 3567 tro
466 3490 602 3567 hoe
651 3491 940 3567 nomine
985 3486 1278 3578 Quinto,
1318 3485 1789 3583 Portugalliae
1826 3498 1901 3561 et
1938 3486 2427 3587 Algarbiorum

303 3609 502 3706 Rege
557 3609 1028 3695 Fidelissimo‚
1068 3610 1190 3705 qui
1226 3607 1478 3683 eodem
1529 3606 1863 3681 incensus
1896 3608 2243 3685 desiderio
2276 3612 2437 3685 illa-

297 3748 462 3802 rum
488 3725 968 3803 Ecclesiarum
1005 3725 1552 3823 prosperitatem
1609 3748 1691 3799 ae
1742 3726 2181 3823 spiritualem
2221 3728 2433 3805 Fide-

298 3844 476 3919 lium
531 3844 702 3919 inibi
753 3843 1166 3941 degentium
1221 3842 1809 3939 tranquillitatem
1862 3843 2153 3918 curandi
2196 3896 2219 3931 ‚
2272 3868 2429 3921 sese

297 3985 432 4061 pro
479 3986 608 4039 sua
641 3964 912 4061 pietate
949 3986 1033 4036 ae
1070 3960 1433 4058 religione,
1467 3960 1554 4035 ad
1593 3959 1833 4035 omnia
1885 3960 1959 4033 in
2010 3982 2176 4034 eum
2214 3960 2431 4037 finem

297 4083 774 4181 impendenda
826 4079 1354 4178 paratissimum
1407 4078 1759 4152 exhibuit.

457 4200 650 4277 Inter
703 4210 938 4275 cetera
987 4208 1230 4273 autem
1256 4218 1438 4295 quae
1491 4197 1741 4271 eadem
1768 4194 2253 4275 Conventione
2280 4210 2433 4275 sta-
