3317 5267
930 480 1221 667 moflic
1280 584 1695 663 Cardinalis
1749 584 2025 661 Patr-izi
2081 585 2212 664 SS.
2265 586 2564 663 nimum
2619 586 3040 687 Gonqreqa-

930 710 1145 783 tionis
1196 706 1608 805 Praefectus
1658 704 2082 779 relationem
2130 706 2306 803 facit
2357 707 2444 781 dc
2507 706 2733 781 tribus
2793 720 2860 783 et
2923 709 3051 783 vi-

934 828 1117 925 9inti
1169 824 1515 925 Japoniae
1552 824 2018 924 Martyribas.
2087 823 2362 901 Deinde
2445 824 2804 903 Sanctitas
2875 824 3028 903 Sua

1108 1064 1517 1160 Accepistis,
1575 1059 2026 1137 venerabiles
2080 1060 2389 1148 Fratres,
2445 1084 2661 1159 quam
2741 1065 3056 1139 admira·-

936 1183 1097 1259 bilis
1146 1180 1359 1257 fuerit
1412 1177 1605 1255 Deus
1657 1180 1728 1251 in
1781 1178 1896 1253 his
1948 1178 2171 1251 servis
2223 1178 2398 1265 suis„
2451 1178 2574 1275 qui
2628 1179 2910 1255 eximiis
2945 1202 3060 1255 ne-

935 1299 1289 1397 fulgentes
1344 1294 1753 1381 virtutibus,
1812 1318 1892 1369 ac
1927 1294 2206 1367 divinae
2242 1295 2558 1367 cal-itatis
2595 1295 2756 1391 igne
2782 1294 3060 1369 inflam-

938 1418 1115 1493 mati
1166 1414 1617 1491 acerbissima
1652 1410 1950 1486 ludibria
1985 1434 2066 1485 ac
2103 1422 2460 1485 tormenta
2493 1411 2730 1487 animo
2765 1397 3052 1488 excelso

938 1545 1013 1607 et
1072 1534 1337 1607 invicto
1408 1529 1877 1625 despicientes
1945 1527 2020 1602 in
2091 1550 2369 1603 crucem
2442 1528 2583 1603 aeti
2651 1527 3058 1627 lanceisque

934 1648 1241 1727 confossi
1292 1650 1364 1722 in
1416 1648 1657 1723 odium
1693 1644 2076 1719 catholicae
2127 1642 2288 1719 fidei
2321 1642 2674 1719 interfecti
2725 1644 3048 1733 fuerunt,

939 1791 1023 1843 ac
1074 1767 1461 1864 pretiosam
1500 1762 1819 1859 martyrii
1857 1784 2188 1837 eoronam
2225 1774 2394 1837 sunt
2427 1765 2872 1860 consequuti.
2915 1765 3058 1839 Ae-

938 1896 1303 1963 cesserunt
1388 1884 1607 1959 etiam
1697 1880 2010 1978 prodigia
2095 1880 2632 1957 accuratissimo
2715 1883 3048 1957 examine

940 2023 1314 2101 perpensa,
1380 2000 1796 2096 cunctisque
1863 1996 2212 2095 suffragiis
2281 1996 2602 2094 probata.
2661 1997 2902 2075 Placet
2965 2024 3058 2075 ne

942 2122 1155 2220 igitur
1207 2120 1448 2208 Vobis,
1504 2131 1587 2193 ut
1637 2120 1727 2194 ad
1777 2118 2168 2194 solemnem
2203 2118 2618 2193 eorumdem
2651 2115 3042 2193 Beatorum

846 2320 864 2337 ,
942 2238 1333 2335 Martyrum
1372 2235 1995 2311 Canonizationem
2047 2233 2248 2306 iuxta
2283 2246 2699 2309 consuetum
2741 2233 3058 2332 Aposto-

949 2356 1124 2431 licee
1174 2356 1374 2431 Sedis
1428 2376 1700 2431 morem
1754 2352 2218 2450 procedamus
2249 2346 2289 2423 ἰ)

1102 2587 1379 2676 Postea,
1434 2588 1622 2685 facta
1674 2585 1762 2659 ab
1815 2584 2056 2659 eodem
2095 2582 2474 2661 Cardinali
2511 2586 2854 2664 relatione
2879 2612 3056 2665 caa-

945 2730 1067 2779 sae
1118 2704 1322 2783 Beati
1372 2702 1735 2781 Michaelis
1789 2701 1894 2777 De
1933 2701 2237 2790 Sanctis,
2276 2701 2466 2777 idem
2506 2701 2848 2783 Summus
2873 2704 3064 2781 Pon-

946 2824 1125 2924 tifex
1174 2824 1275 2899 sic
1328 2822 1655 2926 loquutus
1709 2834 1858 2893 est:

1108 3054 1559 3134 venerabiles
1612 3056 1920 3145 Fratres,
1975 3080 2065 3133 ex
2119 3057 2230 3143 iis,
2285 3078 2466 3153 quae
2519 3055 2842 3143 audistis,
2879 3056 3066 3131 clave

952 3186 1334 3271 aperteque
1384 3186 1834 3271 perspectum
1901 3186 2040 3258 est,
2102 3194 2318 3271 quam
2383 3172 2740 3269 praeclare
2801 3172 3064 3249 Beatus

956 3292 1251 3367 Michael
1302 3290 1405 3367 De
1459 3293 1766 3381 Sanctis,
1823 3291 2154 3367 omnibus
2205 3292 2462 3389 spretis
2521 3292 2768 3367 mundi
2829 3292 3068 3368 illece-

962 3408 1135 3496 bris,
1190 3408 1674 3485 absconditam
1725 3428 1884 3483 eum
1937 3406 2220 3483 Christo
2273 3408 2491 3481 vitam
2545 3410 2770 3504 egerit
2819 3420 2894 3483 et
2927 3432 3068 3506 qua

954 3525 1291 3622 singulari
1370 3524 1798 3611 innocentia,
1853 3523 2280 3611 humilitate,
2355 3524 2818 3620 poenitentia,
2893 3524 3068 3601 obe-

956 3642 1223 3715 dientia
1272 3641 1626 3728 claruerit,
1693 3652 1770 3715 et
1828 3638 2366 3737 flagrantissima
2419 3639 2714 3715 caritate
2763 3662 3068 3715 exarse-

956 3761 1077 3847 rit,
1152 3760 1547 3859 quibusque
1598 3759 2036 3835 mirabilibus
2087 3759 2304 3856 signis
2354 3758 2822 3857 Omnipotens
2873 3758 3064 3835 Deus

957 3877 1114 3974 ejus
1172 3880 1623 3953 sanctitatem
1686 3877 2144 3975 comprobas
2210 3876 2530 3951 voluerit.
2617 3874 2904 3954 Videtur
2969 3901 3066 3954 ne

962 3995 1199 4092 itaque
1266 3992 1505 4080 Vobis,
1568 4004 1651 4069 ut
1714 3994 1800 4067 ad
1865 3993 2048 4069 illius
2097 4016 2382 4091 quoque
2435 3989 3062 4071 Canonizationem

961 4110 1257 4187 solemni
1308 4112 1451 4185 ritu
1498 4109 1953 4187 deveniamus
1990 4106 2029 4181 ἱ)
