3317 5267
2291 430 2390 499 40

316 536 495 611 lium
545 534 1021 611 conditionem
1050 586 1071 621 ,
1126 545 1203 607 et
1252 546 1631 609 noscentes
1658 586 1680 622 ‚
1737 536 1808 607 in
1863 536 2212 633 aliquibus
2260 432 2443 615 Ιοοίζ

320 654 671 751 quaedam
744 653 1283 751 impedimenta,
1360 650 1507 727 Deo
1579 653 1986 742 auxiliante,
2063 656 2160 729 ita
2220 655 2442 733 fuisse

314 780 614 857 remota,
669 782 751 844 ut
792 770 1151 845 orientalis
1203 771 1384 843 rit'us
1437 781 1686 865 gentes
1738 772 2013 865 possint
2069 796 2233 847 cum
2299 775 2432 851 hac

319 887 719 982 apostoliea
768 886 949 962 Sede
996 886 1213 959 libere
1265 886 1787 960 communicare
1818 938 1837 971 ‚
1893 899 1968 959 et
2017 889 2266 963 iccirco
2320 890 2434 963 fa·-

318 1006 525 1081 cilius
576 1005 791 1083 Nobis
844 1008 939 1079 sit
980 1005 1309 1103 gravibus
1372 1006 1649 1080 illarum
1713 1006 2112 1101 indigentiis
2175 1033 2438 1085 occur—

325 1148 507 1212 rere,
569 1123 945 1221 Apostolici
1001 1124 1239 1199 Nostri
1294 1125 1662 1197 ministerii
1719 1148 1876 1197 esse
1911 1126 2270 1210 duximus,
2307 1128 2446 1203 No-

318 1253 509 1315 stras
582 1256 913 1337 paternas
984 1266 1189 1317 curas
1266 1254 1342 1315 et
1416 1242 1920 1317 sollicitudines
1992 1243 2438 1340 ingeminatis

326 1361 581 1435 studiis
642 1360 999 1448 adhihere,
1066 1373 1147 1435 ut
1209 1360 1553 1456 spirituali
1614 1361 2028 1434 eorumdem
2099 1360 2438 1437 Orienta-

314 1476 489 1551 lium
562 1476 749 1552 bono
820 1489 899 1551 et
961 1478 1505 1553 necessitatibus
1576 1478 1916 1551 maiorem
1989 1480 2062 1553 in
2149 1484 2445 1559 modum

314 1601 713 1696 prospicere
770 1600 1159 1673 valeamus.
1219 1600 1465 1696 ltaque
1542 1599 1846 1673 selectae
1901 1599 1972 1673 S.
2045 1599 2132 1672 R.
2199 1600 2286 1675 E.
2352 1605 2444 1677 de

314 1710 771 1811 Propaganda
838 1714 1009 1787 Fide
1074 1712 1324 1788 Cardin
1336 1714 1547 1788 alium
1614 1727 1693 1788 et
1759 1714 2117 1790 Romanae
2189 1714 2442 1793 Curiae

316 1830 727 1907 Praesulum
785 1830 1325 1929 Congregationi
1375 1835 1892 1921 commisimus,
1939 1844 2045 1921 ut,
2087 1834 2298 1909 rebus
2333 1860 2442 1911 se-

311 1948 476 2025 dulo
529 1951 925 2046 perpensis,
980 1950 1195 2027 Nobis
1236 1963 1666 2048 proponeret
1728 1974 1910 2047 quae
1974 1953 2244 2048 potiora
2305 1978 2442 2027 es·-

312 2080 475 2143 sent
536 2068 981 2163 suscipienda
1018 2068 1307 2145 consilia
1354 2071 1456 2142 ad
1518 2068 1982 2143 Orientalium
2055 2070 2442 2145 utilitatem

310 2184 537 2280 magis
592 2186 957 2281 magisque
1024 2187 1562 2279 procurandam.
1630 2182 1768 2272 Qui
1831 2186 2118 2280 quidem
2179 2183 2446 2259 Cardi-

308 2301 505 2376 nales
558 2315 631 2375 et
685 2300 1053 2375 Praesules
1106 2324 1197 2374 ex
1250 2325 1391 2375 una
1443 2315 1645 2398 parte
1699 2302 2020 2397 apprime
2059 2315 2434 2378 noscentes

312 2440 527 2514 quam
580 2417 1007 2513 multiplices
1061 2438 1452 2514 gravesque
1514 2418 1659 2491 sint
1721 2418 2186 2493 Orientalium
2254 2421 2442 2494 indi-

312 2537 589 2631 gentiae
628 2588 649 2624 ,
705 2547 781 2608 ct
832 2559 1049 2632 quam
1098 2558 1393 2637 necesse
1448 2538 1543 2631 sit
1580 2588 1601 2624 ,
1658 2548 1742 2610 ut
1803 2538 2082 2611 illorum
2147 2540 2436 2635 negotia

308 2664 597 2749 propter
644 2653 951 2749 linguae,
1008 2655 1211 2742 rituS,
1252 2655 1804 2751 disciplinaeque
1841 2656 2268 2731 varietatem
2307 2678 2440 2751 pe-

307 2769 547 2845 culiari
598 2772 871 2845 ratione
928 2772 1240 2868 quotidie
1296 2773 1523 2868 magis
1574 2773 1990 2869 dirigantur,
2057 2796 2146 2846 ex
2210 2772 2436 2845 altera

310 2910 479 2963 vero
544 2890 1189 2961 animadvertentes
1252 2912 1433 2991 quae
1500 2902 1952 2985 quantaeque
2011 2890 2156 2963 sint
2225 2911 2435 2963 curae

310 3016 385 3077 et
438 3005 935 3100 occupationes
990 3004 1307 3077 eiusdem
1364 3002 1946 3099 Con-gregationis
2001 3004 2197 3077 Fidei
2259 3002 2440 3077 Pro-

306 3124 665 3220 pagandae
714 3121 807 3197 ob
858 3122 1118 3195 mirum
1183 3122 1672 3197 sanctissimae
1733 3134 2020 3196 nostrae
2083 3122 2436 3219 religionis

302 3260 757 3337 progressum
788 3290 809 3326 ,
866 3239 1001 3314 hoc
1052 3240 1501 3333 potissimum
1560 3240 1849 3313 ineunte
1903 3239 2182 3313 saeculo
2209 3292 2232 3325 ‚
2313 3240 2436 3313 di-

306 3356 473 3431 vina
536 3357 939 3452 adspirante
1002 3358 1253 3449 gratia,
1318 3358 1391 3429 in
1459 3356 1780 3431 America
1843 3358 2433 3452 septentrionali,

304 3475 379 3547 in
430 3472 647 3549 Indiis
700 3473 1193 3561 orientalibus,
1250 3475 1319 3547 in
1377 3474 1565 3550 Sinis
1594 3526 1615 3562 ,
1674 3476 1746 3547 in
1810 3475 2114 3551 Oceania
2148 3527 2169 3563 ,
2225 3476 2436 3549 aliis-

296 3614 437 3689 que
488 3590 815 3685 Europae
864 3589 1037 3664 locis
1088 3589 1421 3687 singulari
1478 3591 1794 3665 eiusdem
1847 3589 2436 3687 Congregationis

303 3732 523 3807 opera
592 3707 967 3805 studioque
1039 3708 1399 3796 effectum,
1474 3722 1549 3783 et
1610 3709 1728 3783 ob·
1775 3722 2070 3784 auctum
2143 3709 2434 3783 Sedium

298 3826 827 3923 Episcopalium
882 3837 957 3898 et
1010 3824 1580 3921 Apostolicorum
1637 3808 2150 3913 Vicariatnum‚
2207 3839 2281 3897 et
2317 3849 2438 3897 sa·-

302 3964 581 4019 crarum
636 3943 1169 4039 expeditionum
1218 3966 1347 4017 seu
1396 3942 1820 4019 Missionum
1875 3966 2278 4030 numerum,
2321 3944 2434 4015 vel

300 4062 508 4138 facile
572 4062 709 4139 sihi
775 4074 1281 4157 persuaserunt
1313 4114 1335 4150 ,
1402 4065 1728 4138 eamdem
1803 4061 2438 4160 congregationem

310 4185 531 4259 novis
584 4180 899 4277 indigere
952 4181 1257 4277 auxiliis,
1312 4193 1393 4255 ut
1444 4184 1595 4259 sine
1642 4183 1972 4278 gravibus
2009 4181 2442 4257 difficultati-
