3317 5267
876 544 1130 631 turque
1181 523 1697 605 cathedralibus
1748 531 1827 599 et
1875 518 2390 622 pontificalibus
2442 515 2845 623 quibusque
2896 522 3017 597 in-

879 652 1150 747 signiis,
1203 639 1616 733 honoribuS‚
1661 644 2266 741 praeeminentiis,
2304 646 2577 741 gratiis,
2614 641 3011 728 favorum&

881 768 1170 843 indultis
1199 818 1222 854 ‚
1277 764 1785 862 praerogativis
1818 814 1839 850 ,
1895 762 2493 839 iurisdictionibus
2534 815 2555 849 ‚
2620 772 2697 835 et
2754 760 3017 837 ceteris

879 888 1178 973 cunctis,
1235 906 1418 983 quae
1480 883 1863 957 hodiedum
1902 881 1973 953 in
2006 882 2328 957 America
2364 872 2803 957 meridionali
2856 879 3018 953 exi-

881 1013 1155 1077 stentes
1206 1001 1564 1077 Ecclesiae
1627 998 2085 1075 Cathedrales
2116 1050 2136 1086 ‚
2194 1020 2581 1096 earumque
2636 998 3017 1073 Antistites

877 1120 1204 1195 obtinent
1237 1130 1452 1217 atque
1487 1118 1824 1215 gaudent,
1864 1116 2001 1191 illis
2036 1117 2413 1193 dumtaxat
2446 1117 2791 1214 exceptis,
2832 1138 3019 1213 quae

880 1241 1216 1340 peculiari
1265 1241 1566 1315 fortasse
1619 1238 1897 1315 indulto
1953 1238 2067 1313 vel
2116 1240 2483 1336 privilegio
2560 1236 2825 1313 fuerint
2874 1236 3023 1312 ad—

883 1360 1218 1458 quisitae.
1303 1418 1310 1429 .

1034 1476 1164 1552 Cui
1215 1476 1532 1575 profecto
1561 1498 1789 1551 novae
1830 1474 2232 1573 Episcopali
2268 1474 2628 1550 Ecclesiae
2680 1483 2825 1547 tres
2862 1471 3019 1545 illas

881 1596 1208 1692 superius
1261 1607 1695 1669 memoratas
1734 1592 2143 1667 Provincias
2179 1590 2255 1666 S.
2296 1590 2491 1667 Fidei
2528 1590 2825 1677 scilicet,
2864 1587 3021 1662 En·-

885 1716 1420 1800 trerionensem,
1459 1726 1536 1787 et
1570 1711 2139 1787 Corrientensem
2193 1712 2267 1784 in
2320 1712 2683 1809 propriam
2720 1709 3021 1786 moece-

883 1833 1018 1905 sim
1068 1833 1218 1929 pari
1275 1830 1675 1927 Apostolica
1728 1830 2149 1903 auctoritate
2184 1840 2531 1925 perpetuo
2568 1850 2853 1927 quoque
2890 1828 3021 1902 ad·-

889 1949 1300 2035 iudiramuS‚
1356 1958 1570 2045 atque
1621 1948 1799 2022 adeo
1852 1969 1991 2020 una
2046 1968 2209 2019 cum
2264 1941 2623 2032 omnihus,
2661 1957 2737 2019 et
2772 1946 3023 2041 singu-

883 2062 970 2137 lis
1021 2064 1252 2137 insitis
1293 2062 1700 2137 civitatibus
1728 2114 1751 2150 ‚
1806 2062 2083 2158 oppidis
2113 2114 2137 2148 ‚
2174 2062 2375 2159 pagis
2406 2113 2427 2149 ‚
2466 2062 2809 2158 paroeciis
2836 2106 2859 2141 ,
2900 2060 3021 2133 in·-

879 2181 1076 2269 colis‚
1143 2181 1378 2268 terris,
1432 2179 1642 2254 rebus
1694 2180 2211 2267 ecclesiasticis,
2278 2181 2674 2276 ceterisque
2726 2180 3020 2253 demum

883 2300 1241 2373 consuetis
1294 2298 1699 2371 accessoriis
1751 2298 2139 2371 consertim
2194 2298 2585 2372 ordinariae
2636 2320 2767 2393 pro
2832 2308 3025 2370 tem-

885 2436 1056 2509 pore
1092 2414 1466 2489 existentis
1522 2413 1943 2488 Paranensis
1982 2414 2341 2488 Antistitis
2377 2411 2867 2501 iurisdictioni‚
2906 2414 3025 2487 ada

886 2530 1416 2618 ministrationi,
1473 2554 1554 2605 ac
1605 2532 1931 2629 regimini
1983 2533 2233 2606 eadem
2288 2534 2711 2607 auctoritate
2762 2554 3027 2628 perpe-

888 2660 1014 2723 tuo
1065 2651 1242 2723 item
1277 2650 1721 2736 subiicimus,
1764 2648 2092 2736 iubendo,
2124 2662 2207 2727 ut
2240 2651 2481 2725 omnia
2516 2651 3027 2737 instrumenta,

885 2776 962 2839 et
1013 2769 1306 2862 quaevis
1343 2769 1632 2865 scripta,
1674 2791 1858 2865 quae
1898 2790 2125 2843 novae
2161 2767 2313 2841 eius
2344 2765 2768 2841 Paranensis
2804 2765 3028 2841 Dioc-

887 2883 1068 2955 cesis
1117 2884 1380 2959 incolas
1430 2908 1558 2961 seu
1609 2884 2086 2960 ecclesiastica
2136 2882 2351 2972 bona,
2406 2884 2587 2971 loca,
2640 2908 2783 2971 res,
2840 2885 3027 2972 iura,

885 3022 1160 3086 causas,
1190 3003 1581 3101 privilegia,
1614 3006 1903 3100 gratim,
1944 3015 2019 3077 et
2056 3006 2333 3107 favores
2368 3004 2787 3100 respiciunt,
2816 3026 2857 3077 e
2894 3026 3031 3077 ve-

886 3119 1098 3215 stigio
1151 3118 1242 3193 ab
1275 3120 1677 3219 Episcopali
1715 3120 2141 3197 Cancellaria
2176 3124 2265 3198 de
2313 3121 2595 3197 Buenos
2632 3121 2854 3219 Ayres
2906 3142 3035 3194 se·-

889 3253 1296 3323 cernantur,
1351 3252 1434 3315 ut
1485 3234 1782 3315 subinde
1834 3244 1906 3314 in
1960 3242 2185 3315 altera
2244 3240 2663 3315 Paranensis
2724 3240 3031 3339 Episco-

891 3368 1102 3450 patus
1155 3356 1580 3433 Cancellaria
1633 3364 1911 3456 possint
1962 3359 2051 3433 ad
2098 3370 2457 3455 posteram
2502 3379 3029 3456 quamcumque

889 3477 1492 3569 opportunitatem
1545 3477 1789 3563 inseri,
1840 3476 2279 3575 fideliterque
2328 3478 2755 3551 conservari.

1045 3589 1380 3667 Ceterum
1431 3596 1504 3667 in
1555 3594 1913 3691 praedicta
1982 3592 2383 3669 Cathedrali
2464 3592 2867 3691 Capitulum
2930 3618 3025 3671 ex

889 3712 1096 3785 unica
1129 3722 1464 3787 constans
1491 3725 1656 3809 post
1692 3712 2185 3810 Episcopalem
2222 3710 2583 3810 Dignitate
2619 3713 3025 3789 Deeanatus

889 3829 1174 3904 titulum
1231 3829 1580 3916 habitura,
1619 3853 1702 3903 ac
1754 3852 1843 3903 ex
1880 3840 2185 3927 quatuor
2222 3827 2799 3918 Canonicatibus,
2836 3833 3031 3907 inter

891 3970 1069 4043 quos
1121 3947 1300 4021 alter
1362 3948 1807 4045 Theologalis
1850 4000 1873 4035 ,
1929 3950 2109 4023 alter
2162 3959 2405 4021 autem
2482 3946 3027 4023 Poenitentiarii

888 4063 1372 4160 praeseferant
1419 4066 2051 4163 nuncupationem,
2104 4078 2181 4141 et
2232 4064 2564 4152 officium,
2624 4065 3031 4162 Apostolica

894 4183 1316 4257 auctoritate
1393 4184 1749 4279 praedicta
1826 4195 2169 4281 perpetuo
2246 4182 2575 4257 similiter
2624 4184 2963 4279 erigimus
3000 4236 3027 4271 ‚
