3317 5267
825 388 972 459 350

829 501 1054 575 titulis
1089 520 1212 573 eos
1249 497 1534 593 praevio
1571 497 1901 571 examine
1936 497 2025 570 ad
2062 496 2365 592 majores
2397 496 2614 569 etiam
2642 495 2955 574 Ordines

826 639 1272 716 promovere,
1309 638 1488 711 quos
1521 625 1596 687 et
1647 625 2003 712 quotquot
2054 616 2203 710 ipse
2254 614 2615 687 censuerit
2664 615 2951 711 dignoS,

823 747 902 809 et
954 734 1064 808 vel
1115 732 1546 807 necessarios
1585 784 1606 819 ‚
1666 733 1779 806 vel
1834 732 2045 806 utiles
2098 730 2170 803 in
2226 732 2431 805 vinea
2496 730 2780 808 Domini
2822 759 2849 823 ;
2902 758 2952 809 e

822 863 1070 927 contra
1119 875 1242 926 eos
1291 849 1384 923 ab
1433 850 2073 925 ecclesiasticorum
2109 848 2451 923 Ordinum
2490 854 2951 947 susceptione

825 994 1089 1059 arcere,
1126 996 1303 1070 quos
1355 972 1468 1045 vel
1496 992 1781 1067 prorsus
1818 969 2161 1045 inhabiles
2212 970 2328 1044 vel
2380 968 2703 1066 indignos
2740 992 2951 1047 com-

826 1089 1116 1186 pererit3
1146 1088 1654 1162 testimoniales
1686 1086 1917 1159 lubitu
1950 1110 2081 1161 suo
2116 1085 2461 1171 conferre,
2495 1108 2627 1159 nec
2651 1108 2795 1161 non
2820 1087 2947 1160 lit-

828 1216 1016 1281 teras
1067 1206 1152 1279 iis
1205 1203 1656 1281 Dioecesanis
1680 1204 2197 1279 Ecclesiasticis
2259 1204 2381 1301 qui
2432 1204 2947 1279 rationabiliter

823 1334 1076 1420 optent
1127 1346 1170 1397 a
1223 1324 1508 1421 propria
1545 1320 1865 1396 Dioecesi
1902 1322 2205 1417 migrare
2258 1333 2340 1394 ut
2393 1322 2507 1395 vel
2558 1321 2945 1418 majoribus

823 1440 1074 1515 studiis
1126 1440 1620 1515 ecclesiasticis
1674 1438 1841 1515 alibi
1904 1449 2175 1511 navent
2224 1460 2538 1534 operam,
2596 1438 2707 1511 vel
2766 1460 2945 1513 eon-

825 1557 1222 1631 venientius
1282 1567 1548 1653 queant
1623 1576 1861 1629 sacros
1940 1556 2295 1651 suscipere
2354 1553 2637 1629 ordines
2690 1554 2803 1629 vel
2852 1565 2939 1629 ut

825 1675 1208 1751 valetudini
1259 1672 1562 1749 rebusve
1613 1673 1761 1747 suis
1812 1672 2129 1747 honestis
2190 1672 2588 1757 consulant,
2652 1671 2765 1745 vel
2814 1672 2942 1747 de·-

826 1812 1026 1864 mum
1099 1801 1182 1867 ut
1231 1790 1663 1866 domicilium
1734 1812 1945 1864 suum
1998 1789 2135 1863 alio
2190 1787 2681 1877 transferant3
2734 1802 2943 1864 caute

823 1922 1066 1983 autem
1141 1909 1578 2006 provideque
1653 1907 2165 1983 testimoniales
2236 1907 2647 1981 examinare
2698 1907 2941 1981 literas

825 2038 1232 2104 exterorum
1286 2028 1408 2125 qui
1459 2027 1548 2101 ad
1599 2050 1802 2100 suam
1844 2026 2171 2100 venerint
2204 2022 2601 2099 Dioecesim
2654 2024 2775 2099 ubi
2810 2049 2940 2099 cu-

822 2143 1022 2239 piant
1057 2143 1609 2219 ecclesiasticum
1646 2166 2003 2242 quemque
2037 2142 2375 2217 Ordinem
2410 2145 2767 2240 suscipere
2815 2154 2941 2217 aut

822 2260 1039 2331 etiam
1092 2261 1340 2355 agendi
1392 2262 1618 2357 gratia
1672 2283 1943 2336 moram
1998 2260 2147 2335 sive
2192 2259 2439 2357 jugem
2478 2312 2501 2348 ,
2558 2262 2711 2335 sive
2772 2260 2939 2333 bre-

823 2398 984 2449 vem
1014 2377 1322 2465 trahere3
1335 2380 1622 2473 insuper
1646 2402 1897 2453 causas
1926 2376 2508 2466 matrimoniales,
2524 2390 2738 2475 atque
2764 2376 2933 2451 alias

823 2514 914 2565 ex
977 2492 1350 2568 Sacrorum
1423 2492 1793 2568 Canonum
1858 2494 2291 2589 praescripto
2344 2494 2432 2566 ad
2494 2494 2766 2569 ludices
2816 2516 2941 2568 ee-

821 2608 1248 2683 clesiasticos
1299 2612 1738 2706 pertinentes
1775 2610 1845 2681 in
1882 2632 2011 2684 suo
2047 2608 2199 2685 foro
2234 2632 2657 2707 cognoscere
2702 2611 2935 2707 deque

823 2725 908 2799 iis
943 2726 1126 2800 ferre
1161 2727 1626 2815 sententiam3
1664 2738 2027 2823 praeterea
2062 2750 2225 2801 cum
2260 2752 2391 2803 suo
2430 2726 2633 2804 Glero
2686 2740 2765 2802 et
2798 2727 2961 2803 Po-.

825 2841 990 2939 pulo
1019 2840 1402 2918 Diocesano
1429 2845 1518 2918 ad
1545 2843 1924 2919 Pastoralis
1954 2843 2155 2919 officii
2196 2866 2454 2919 munus
2492 2846 2627 2920 rite
2662 2845 2940 2921 obeun-

820 2962 990 3037 dum
1044 2964 1564 3039 communicare
1601 3014 1623 3050 ‚
1681 2971 1896 3059 atque
1922 2964 2019 3041 ,in
2084 2964 2154 3037 id
2209 2986 2367 3037 suas
2428 2964 2933 3039 instructiones

821 3079 1433 3175 ordinationesque
1520 3079 1877 3176 publicare
1918 3132 1940 3167 ,
1996 3078 2097 3153 ac‘
2128 3081 2703 3155 communionem
2766 3104 2932 3155 cum

821 3196 1082 3271 Sancta
1139 3195 1537 3293 Apostolica
1573 3197 1753 3273 Sede
1790 3220 2079 3295 prorsus
2130 3196 2423 3271 liberam
2476 3197 2611 3272 sibi
2660 3222 2935 3297 suoque

827 3309 1122 3409 Populo,
1178 3324 1254 3387 et
1307 3312 1512 3389 Clero
1567 3313 1827 3389 habere
1880 3326 2094 3411 atque
2149 3315 2355 3389 tueri.

981 3426 1110 3503 Cui
1161 3431 1446 3527 quidem
1516 3428 1773 3505 Portus
1826 3429 2027 3507 Pacis
2106 3431 2179 3503 in
2230 3444 2549 3527 tempore
2608 3428 2931 3509 Antistiti

825 3548 976 3646 pari
1031 3547 1431 3645 Apostoliea
1467 3552 1887 3627 auctoritate
1918 3552 2279 3648 largimur,
2319 3562 2403 3627 ut
2437 3552 2496 3624 is
2532 3549 2807 3627 fruatur
2856 3564 2933 3629 et

823 3669 1246 3767 defungatur
1293 3670 1380 3745 iis
1431 3669 1761 3745 omnibus
1810 3681 1885 3743 et
1934 3670 2226 3767 singulis
2265 3721 2287 3757 ‚
2352 3692 2533 3766 quae
2586 3672 2932 3748 ordinarie

823 3788 1334 3885 Episcoporum
1389 3790 1672 3886 propria
1706 3800 1897 3877 sunt,
1937 3812 2019 3865 ac
2052 3788 2451 3886 Episcopali
2500 3812 2665 3865 cum
2712 3793 2933 3888 juris-

827 3904 1132 3979 dictione
1169 3904 1638 4001 praesidentia
1664 3916 1739 3979 et
1764 3906 2184 3981 auctoritate
2212 3918 2363 3981 tam
2388 3930 2601 4003 super
2634 3931 2717 3981 ea
2755 3907 2929 3985 Por-

825 4033 942 4093 tus
981 4019 1180 4096 Pacis
1215 4021 1502 4097 civitate
1553 4020 1867 4097 Ecclesia
1894 4020 2291 4099 Cathedrali
2326 4035 2403 4097 et
2434 4024 2764 4099 universa
2798 4026 2925 4100 de-

829 4155 1042 4233 super
1094 4140 1164 4212 in
1217 4141 1404 4215 dicta
1455 4138 1772 4217 Dioecesi
1802 4192 1824 4228 ‚
1880 4162 2094 4239 quam
2148 4164 2359 4240 super
2406 4144 2735 4219 omnibus
2772 4196 2793 4233 ,
2846 4156 2923 4218 et
