3317 5267
2234 444 2371 516 261

279 552 636 635 Eiusmodi
695 572 856 633 vero
917 558 1136 631 Officii
1195 558 1679 632 recitationem
1732 558 1879 631 fieri
1930 560 2383 639 concedimus

276 680 644 752 dumtaxat
694 678 765 749 in
801 679 1102 751 dioecesi
1141 674 1466 763 Lucensi,
1505 677 1821 772 itemque
1858 679 1929 748 in
1968 677 2236 773 templo
2278 676 2386 748 Al·-

275 816 426 868 mae
481 794 686 867 Urbis
709 794 798 867 S.
841 793 1100 867 Mariae
1139 795 1212 864 in
1250 790 1564 877 Porticu‚
1601 816 1688 865 ac
1724 794 1799 864 in
1832 786 2116 889 reliquis
2154 795 2389 867 omni-

271 908 395 985 bus
435 912 718 1007 templis
753 914 1122 987 domorum
1167 911 1280 985 ubi
1319 911 1646 986 instituta
1686 913 2037 1005 reperitur
2074 910 2383 1009 Congre-

275 1032 458 1125 gatio
512 1028 938 1104 Clericorum
993 1030 1448 1125 Regularium
1488 1051 1530 1101 a
1568 1028 1797 1101 Matre
1851 1022 2003 1113 Dei,
2040 1032 2153 1103 die
2200 1054 2385 1105 nona

233 1147 572 1235 ¹octobris
627 1146 718 1219 ab
783 1148 1112 1223 omnibus
1169 1144 1752 1220 Christifidelibus
1808 1157 1958 1217 tam
2010 1148 2389 1221 saeculari-

273 1264 396 1339 bus
447 1291 662 1364 quam
719 1268 1152 1365 regularibus
1208 1267 1329 1363 qui
1384 1266 1596 1339 horas
1651 1266 2030 1339 canonicas
2094 1266 2389 1341 recitare

272 1396 622 1473 tenentum
675 1399 751 1458 et
801 1397 1150 1482 quantum
1207 1386 1294 1457 ad
1346 1382 1598 1458 Missas
1637 1385 1899 1457 attinet
1936 1384 2026 1456 ab
2060 1385 2389 1459 omnibus

269 1504 734 1577 sacerdotibus
785 1506 871 1577 ad
926 1502 1221 1597 Templa
1275 1504 1347 1574 in
1387 1502 1642 1599 quibus
1686 1502 1949 1576 festum
1998 1503 2391 1577 celebretur

269 1616 798 1692 confluentibus.
860 1616 1176 1715 Denique
1227 1619 1707 1705 concedimuS‚
1742 1630 1821 1691 ut
1873 1641 2059 1692 anno
2113 1641 2155 1691 a
2205 1620 2390 1693 datis

269 1730 454 1805 hisce
519 1730 807 1805 Litteris
871 1734 1102 1826 primo
1165 1730 1506 1806 solemnia
1579 1732 2128 1807 Beatificationis
2211 1731 2387 1805 Ven:

268 1856 448 1925 servi
503 1852 628 1927 Dei
683 1848 964 1928 loannis
1017 1852 1358 1929 Leonardi
1416 1856 1488 1925 in
1543 1855 1831 1949 templis
1914 1854 2267 1929 Dioecesis
2320 1868 2395 1927 et

268 1974 866 2074 Congregationis,
905 1978 1292 2075 dequibus
1328 1979 1518 2052 facta
1549 1982 1817 2054 mentio
1854 1993 1990 2068 est,
2030 1981 2397 2053 celebren-

269 2105 384 2167 tur
433 2120 596 2169 cum
649 2094 890 2171 Officio
947 2112 1022 2169 et
1073 2098 1308 2172 Missis
1359 2098 1657 2191 duplicis
1712 2098 1996 2172 maioris
2033 2100 2239 2184 rituS‚
2282 2099 2394 2172 id·-

265 2236 402 2308 que
453 2214 596 2285 fieri
651 2216 1126 2311 praecipimus
1163 2216 1276 2289 die
1317 2215 1406 2287 ab
1439 2214 1825 2289 Ordinariis
1879 2218 2271 2301 indicenda,
2310 2240 2393 2291 ac

267 2346 643 2428 postquam
697 2336 946 2409 eadem
999 2334 1342 2409 solemnia
1395 2336 1465 2407 in
1525 2332 1859 2408 Vaticana
1894 2334 2190 2409 Basilica
2224 2336 2399 2408 cele-

267 2443 466 2521 brata
518 2452 684 2521 sint.
745 2450 900 2526 Non
953 2454 1402 2528 obstantibus
1457 2452 2097 2528 constitutionibus
2148 2467 2225 2528 et
2258 2453 2397 2526 Or·-

264 2566 742 2641 dinationibus
802 2570 1221 2664 Apostolicis
1259 2573 1658 2669 ceterisque
1694 2574 2061 2647 contrariis
2096 2573 2392 2670 quibus-

267 2706 592 2782 cumque.
639 2686 978 2764 Volumus
1015 2704 1255 2764 autem
1293 2702 1374 2765 ut
1401 2688 1656 2764 harum
1690 2688 2117 2766 Litterarum
2146 2714 2395 2765 exem-

267 2804 398 2897 plis
435 2807 650 2877 etiam
691 2808 1078 2902 impressis,
1121 2810 1510 2884 dummodo
1539 2832 1757 2884 manu
1786 2811 2155 2884 Secretarii
2185 2834 2394 2907 prae-

275 2922 505 2997 dictae
559 2924 1134 3024 Congregationis
1187 2928 1560 3003 Sacrorum
1634 2929 1930 3004 Rituum
2000 2930 2397 3026 subscripta
2470 3010 2473 3015 ,

265 3041 434 3127 sint,
489 3056 566 3116 et
615 3046 842 3141 sigillo
896 3044 1245 3120 Praefecti
1300 3048 1577 3120 munita
1615 3049 1862 3121 eadem
1899 3072 2186 3143 prorsus
2220 3047 2393 3121 fides

265 3156 636 3248 habeatur,
675 3186 858 3259 quae
897 3165 1194 3241 Nostrae
1231 3166 1618 3241 voluntatis
1657 3164 2163 3262 significatione
2198 3165 2391 3238 hisce

267 3279 576 3351 ostensis
633 3278 922 3356 Litteris
974 3285 1387 3358 haberetur.

421 3391 686 3469 Datum
744 3397 1015 3472 Romae
1079 3400 1262 3493 apud
1303 3398 1376 3471 S.
1422 3397 1711 3471 Petrum
1768 3396 1902 3470 sub
1958 3396 2233 3471 Annulo
2286 3396 2397 3471 Pi·-

267 3514 566 3585 scatoris
617 3514 730 3589 die
783 3513 878 3586 {x
915 3515 1071 3589 Iulii
1123 3512 1590 3588 MDCGCLXI
1646 3514 2106 3589 pontificatus
2162 3516 2396 3590 Nostri

263 3649 460 3703 anno
514 3628 702 3703 xvi.

730 3866 876 3940 Pac
930 3867 1190 3941 Damno
1245 3868 1454 3942 Cano.
1517 3868 1837 3944 Puram

635 4104 732 4178 lo:
791 4106 878 4181 B.
936 4104 1413 4183 Brancaleoni
1459 4102 1863 4185 ‘Castellani
1921 4109 2347 4183 Substitums
