<?xml version="1.0" encoding="UTF-8"?>
<!DOCTYPE html PUBLIC "-//W3C//DTD XHTML 1.0 Transitional//EN"
    "http://www.w3.org/TR/xhtml1/DTD/xhtml1-transitional.dtd">
<html xmlns="http://www.w3.org/1999/xhtml" xml:lang="en" lang="en">
 <head>
  <title>
</title>
<meta http-equiv="Content-Type" content="text/html;charset=utf-8" />
  <meta name='ocr-system' content='tesseract 3.04.00' />
  <meta name='ocr-capabilities' content='ocr_page ocr_carea ocr_par ocr_line ocrx_word'/>
</head>
<body>
  <div class='ocr_page' id='page_1' title='image "./piiixpontificis00ixgoog_0671.png"; bbox 0 0 3317 5267; ppageno 0'>
   <div class='ocr_carea' id='block_1_1' title="bbox 335 449 2475 1136">
    <p class='ocr_par' dir='ltr' id='par_1_1' title="bbox 335 449 2475 1136">
     <span class='ocr_line' id='line_1_1' title="bbox 2320 449 2467 522; baseline 0.027 -4"><span class='ocrx_word' id='word_1_1' title='bbox 2320 449 2467 522; x_wconf 76' lang='lat'>663</span> 
     </span>
     <span class='ocr_line' id='line_1_2' title="bbox 343 567 2475 666; baseline -0.005 -14"><span class='ocrx_word' id='word_1_2' title='bbox 343 592 492 652; x_wconf 79' lang='lat' dir='ltr'>non</span> <span class='ocrx_word' id='word_1_3' title='bbox 545 591 794 666; x_wconf 84' lang='lat' dir='ltr'>parum</span> <span class='ocrx_word' id='word_1_4' title='bbox 849 581 1040 646; x_wconf 86' lang='lat' dir='ltr'>certe</span> <span class='ocrx_word' id='word_1_5' title='bbox 1100 567 1248 658; x_wconf 83' lang='lat' dir='ltr'>Nos</span> <span class='ocrx_word' id='word_1_6' title='bbox 1321 567 1542 643; x_wconf 82' lang='lat' dir='ltr'>reficit</span> <span class='ocrx_word' id='word_1_7' title='bbox 1603 581 1699 642; x_wconf 87' lang='lat' dir='ltr'>et.</span> <span class='ocrx_word' id='word_1_8' title='bbox 1738 569 2137 644; x_wconf 83' lang='lat' dir='ltr'>consolatur</span> <span class='ocrx_word' id='word_1_9' title='bbox 2196 569 2475 666; x_wconf 82' lang='lat' dir='ltr'>egregia</span> 
     </span>
     <span class='ocr_line' id='line_1_3' title="bbox 351 684 2463 782; baseline -0.002 -18"><span class='ocrx_word' id='word_1_10' title='bbox 351 700 592 766; x_wconf 79' lang='lat' dir='ltr'>vestra</span> <span class='ocrx_word' id='word_1_11' title='bbox 647 688 718 760; x_wconf 90' lang='lat' dir='ltr'>in</span> <span class='ocrx_word' id='word_1_12' title='bbox 771 685 1084 766; x_wconf 79' lang='lat' dir='ltr'><strong>Ecclesia</strong></span> <span class='ocrx_word' id='word_1_13' title='bbox 1143 685 1406 760; x_wconf 87' lang='lat' dir='ltr'>tuenda</span> <span class='ocrx_word' id='word_1_14' title='bbox 1434 736 1457 772; x_wconf 84' lang='lat'>‚</span> <span class='ocrx_word' id='word_1_15' title='bbox 1515 685 1875 782; x_wconf 88' lang='lat' dir='ltr'>tantisque</span> <span class='ocrx_word' id='word_1_16' title='bbox 1926 687 1999 758; x_wconf 86' lang='lat' dir='ltr'>in</span> <span class='ocrx_word' id='word_1_17' title='bbox 2050 684 2403 760; x_wconf 79' lang='lat' dir='ltr'>laboribus</span> <span class='ocrx_word' id='word_1_18' title='bbox 2438 735 2463 774; x_wconf 90' lang='lat'>‚</span> 
     </span>
     <span class='ocr_line' id='line_1_4' title="bbox 345 802 2469 908; baseline -0.001 -28"><span class='ocrx_word' id='word_1_19' title='bbox 345 807 846 908; x_wconf 79' lang='lat' dir='ltr'>aerumnisque</span> <span class='ocrx_word' id='word_1_20' title='bbox 906 815 1195 900; x_wconf 82' lang='lat' dir='ltr'>propter</span> <span class='ocrx_word' id='word_1_21' title='bbox 1257 802 1675 876; x_wconf 75' lang='lat' dir='ltr'>catholicam</span> <span class='ocrx_word' id='word_1_22' title='bbox 1756 803 1971 878; x_wconf 81' lang='lat' dir='ltr'>fidem</span> <span class='ocrx_word' id='word_1_23' title='bbox 2038 802 2469 899; x_wconf 72' lang='lat' dir='ltr'><strong>perferendis</strong></span> 
     </span>
     <span class='ocr_line' id='line_1_5' title="bbox 339 921 2465 1017; baseline 0 -23"><span class='ocrx_word' id='word_1_24' title='bbox 339 924 572 1000; x_wconf 73' lang='lat' dir='ltr'>,virtus</span> <span class='ocrx_word' id='word_1_25' title='bbox 635 933 710 995; x_wconf 89' lang='lat' dir='ltr'>et</span> <span class='ocrx_word' id='word_1_26' title='bbox 767 923 1185 998; x_wconf 73' lang='lat' dir='ltr'>constantia.</span> <span class='ocrx_word' id='word_1_27' title='bbox 1267 921 1362 994; x_wconf 87' lang='lat' dir='ltr'>Et</span> <span class='ocrx_word' id='word_1_28' title='bbox 1431 923 1767 1016; x_wconf 88' lang='lat' dir='ltr'>quoniam</span> <span class='ocrx_word' id='word_1_29' title='bbox 1840 921 2109 1017; x_wconf 86' lang='lat' dir='ltr'>optime</span> <span class='ocrx_word' id='word_1_30' title='bbox 2180 921 2405 994; x_wconf 88' lang='lat' dir='ltr'>nostis</span> <span class='ocrx_word' id='word_1_31' title='bbox 2440 970 2465 1009; x_wconf 90' lang='lat'>‚</span> 
     </span>
     <span class='ocr_line' id='line_1_6' title="bbox 335 1039 2469 1136; baseline -0.001 -22"><span class='ocrx_word' id='word_1_32' title='bbox 335 1039 594 1116; x_wconf 77' lang='lat' dir='ltr'>beatos</span> <span class='ocrx_word' id='word_1_33' title='bbox 658 1063 838 1128; x_wconf 82' lang='lat' dir='ltr'>esse,</span> <span class='ocrx_word' id='word_1_34' title='bbox 905 1041 1026 1136; x_wconf 87' lang='lat' dir='ltr'>qui</span> <span class='ocrx_word' id='word_1_35' title='bbox 1099 1041 1669 1135; x_wconf 79' lang='lat' dir='ltr'>persecutionem</span> <span class='ocrx_word' id='word_1_36' title='bbox 1744 1039 2111 1136; x_wconf 86' lang='lat' dir='ltr'>patiuntur</span> <span class='ocrx_word' id='word_1_37' title='bbox 2180 1049 2469 1133; x_wconf 84' lang='lat' dir='ltr'>propter</span> 
     </span>
    </p>
   </div>
   <div class='ocr_carea' id='block_1_2' title="bbox 203 1157 2471 1254">
    <p class='ocr_par' dir='ltr' id='par_1_2' title="bbox 203 1157 2471 1254">
     <span class='ocr_line' id='line_1_7' title="bbox 203 1157 2471 1254; baseline -0 -23"><span class='ocrx_word' id='word_1_38' title='bbox 203 1213 224 1222; x_wconf 73' lang='grc'><strong>-</strong></span> <span class='ocrx_word' id='word_1_39' title='bbox 347 1161 714 1246; x_wconf 83' lang='lat' dir='ltr'>iustitiam,</span> <span class='ocrx_word' id='word_1_40' title='bbox 771 1183 851 1233; x_wconf 87' lang='lat' dir='ltr'>ao</span> <span class='ocrx_word' id='word_1_41' title='bbox 915 1159 1467 1254; x_wconf 85' lang='lat' dir='ltr'>pulcherrimum</span> <span class='ocrx_word' id='word_1_42' title='bbox 1535 1169 1610 1230; x_wconf 88' lang='lat' dir='ltr'>et</span> <span class='ocrx_word' id='word_1_43' title='bbox 1670 1157 2249 1252; x_wconf 87' lang='lat' dir='ltr'>gloriosissimum</span> <span class='ocrx_word' id='word_1_44' title='bbox 2314 1179 2471 1230; x_wconf 83' lang='lat' dir='ltr'>esse</span> 
     </span>
    </p>
   </div>
   <div class='ocr_carea' id='block_1_3' title="bbox 317 1272 2473 4078">
    <p class='ocr_par' dir='ltr' id='par_1_3' title="bbox 317 1272 2473 4078">
     <span class='ocr_line' id='line_1_8' title="bbox 331 1272 2468 1371; baseline -0.002 -21"><span class='ocrx_word' id='word_1_45' title='bbox 331 1299 476 1371; x_wconf 72' lang='lat' dir='ltr'>pro</span> <span class='ocrx_word' id='word_1_46' title='bbox 527 1277 814 1349; x_wconf 81' lang='lat' dir='ltr'>nomine</span> <span class='ocrx_word' id='word_1_47' title='bbox 869 1275 1026 1349; x_wconf 79' lang='lat' dir='ltr'>lesu</span> <span class='ocrx_word' id='word_1_48' title='bbox 1075 1274 1584 1348; x_wconf 82' lang='lat' dir='ltr'>contumeliam</span> <span class='ocrx_word' id='word_1_49' title='bbox 1637 1276 1815 1370; x_wconf 85' lang='lat' dir='ltr'>pati,</span> <span class='ocrx_word' id='word_1_50' title='bbox 1860 1295 2165 1370; x_wconf 81' lang='lat' dir='ltr'>eumque</span> <span class='ocrx_word' id='word_1_51' title='bbox 2190 1272 2468 1346; x_wconf 86' lang='lat' dir='ltr'>salvum</span> 
     </span>
     <span class='ocr_line' id='line_1_9' title="bbox 343 1391 2468 1490; baseline -0.001 -24"><span class='ocrx_word' id='word_1_52' title='bbox 343 1391 534 1480; x_wconf 53' lang='lat' dir='ltr'>fieris</span> <span class='ocrx_word' id='word_1_53' title='bbox 569 1395 694 1490; x_wconf 87' lang='lat' dir='ltr'>qui</span> <span class='ocrx_word' id='word_1_54' title='bbox 747 1393 1516 1489; x_wconf 67' lang='lat' dir='ltr'>perseveravitssusque</span> <span class='ocrx_word' id='word_1_55' title='bbox 1579 1394 1652 1464; x_wconf 92' lang='lat' dir='ltr'>in</span> <span class='ocrx_word' id='word_1_56' title='bbox 1714 1391 1955 1480; x_wconf 81' lang='lat' dir='ltr'>finem,</span> <span class='ocrx_word' id='word_1_57' title='bbox 2021 1392 2275 1466; x_wconf 79' lang='lat' dir='ltr'>iccirco</span> <span class='ocrx_word' id='word_1_58' title='bbox 2342 1391 2468 1463; x_wconf 91' lang='lat' dir='ltr'>ni·-</span> 
     </span>
     <span class='ocr_line' id='line_1_10' title="bbox 340 1506 2470 1606; baseline 0 -24"><span class='ocrx_word' id='word_1_59' title='bbox 340 1507 438 1582; x_wconf 92' lang='lat' dir='ltr'>hil</span> <span class='ocrx_word' id='word_1_60' title='bbox 490 1509 926 1596; x_wconf 78' lang='lat' dir='ltr'><strong>dubitamus,</strong></span> <span class='ocrx_word' id='word_1_61' title='bbox 983 1510 1154 1606; x_wconf 86' lang='lat' dir='ltr'>quin</span> <span class='ocrx_word' id='word_1_62' title='bbox 1211 1506 1384 1596; x_wconf 88' lang='lat' dir='ltr'>Vos,</span> <span class='ocrx_word' id='word_1_63' title='bbox 1444 1507 1899 1584; x_wconf 73' lang='lat' dir='ltr'>venerabiles</span> <span class='ocrx_word' id='word_1_64' title='bbox 1954 1509 2263 1597; x_wconf 75' lang='lat' dir='ltr'><strong>Fratres,</strong></span> <span class='ocrx_word' id='word_1_65' title='bbox 2296 1531 2470 1584; x_wconf 86' lang='lat' dir='ltr'>con-</span> 
     </span>
     <span class='ocr_line' id='line_1_11' title="bbox 340 1623 2473 1722; baseline 0 -22"><span class='ocrx_word' id='word_1_66' title='bbox 340 1623 582 1700; x_wconf 79' lang='lat' dir='ltr'>fortati</span> <span class='ocrx_word' id='word_1_67' title='bbox 635 1627 704 1698; x_wconf 91' lang='lat' dir='ltr'>in</span> <span class='ocrx_word' id='word_1_68' title='bbox 760 1624 1088 1712; x_wconf 75' lang='lat' dir='ltr'>Domino,</span> <span class='ocrx_word' id='word_1_69' title='bbox 1145 1637 1220 1698; x_wconf 90' lang='lat' dir='ltr'>et</span> <span class='ocrx_word' id='word_1_70' title='bbox 1271 1627 1343 1697; x_wconf 89' lang='lat' dir='ltr'>in</span> <span class='ocrx_word' id='word_1_71' title='bbox 1403 1627 1725 1722; x_wconf 85' lang='lat' dir='ltr'>potentia</span> <span class='ocrx_word' id='word_1_72' title='bbox 1778 1626 2063 1699; x_wconf 82' lang='lat' dir='ltr'>virtutis</span> <span class='ocrx_word' id='word_1_73' title='bbox 2113 1626 2265 1700; x_wconf 88' lang='lat' dir='ltr'>eius</span> <span class='ocrx_word' id='word_1_74' title='bbox 2304 1648 2473 1722; x_wconf 83' lang='lat' dir='ltr'>per-</span> 
     </span>
     <span class='ocr_line' id='line_1_12' title="bbox 327 1742 2473 1842; baseline 0.001 -26"><span class='ocrx_word' id='word_1_75' title='bbox 327 1745 524 1840; x_wconf 74' lang='lat' dir='ltr'>gatis</span> <span class='ocrx_word' id='word_1_76' title='bbox 573 1743 814 1821; x_wconf 77' lang='lat' dir='ltr'>animo</span> <span class='ocrx_word' id='word_1_77' title='bbox 868 1745 1132 1832; x_wconf 78' lang='lat' dir='ltr'>invicto</span> <span class='ocrx_word' id='word_1_78' title='bbox 1187 1767 1314 1841; x_wconf 84' lang='lat' dir='ltr'>pro</span> <span class='ocrx_word' id='word_1_79' title='bbox 1368 1742 1548 1833; x_wconf 89' lang='lat' dir='ltr'>Dei,</span> <span class='ocrx_word' id='word_1_80' title='bbox 1607 1747 1921 1842; x_wconf 88' lang='lat' dir='ltr'>eiusque·</span> <span class='ocrx_word' id='word_1_81' title='bbox 1978 1755 2269 1822; x_wconf 85' lang='lat' dir='ltr'>sanetae</span> <span class='ocrx_word' id='word_1_82' title='bbox 2328 1743 2473 1818; x_wconf 83' lang='lat' dir='ltr'>Eo-</span> 
     </span>
     <span class='ocr_line' id='line_1_13' title="bbox 327 1860 2468 1960; baseline -0 -24"><span class='ocrx_word' id='word_1_83' title='bbox 327 1860 590 1936; x_wconf 68' lang='lat' dir='ltr'>desiae</span> <span class='ocrx_word' id='word_1_84' title='bbox 641 1861 1046 1937; x_wconf 84' lang='lat' dir='ltr'>defensione</span> <span class='ocrx_word' id='word_1_85' title='bbox 1076 1913 1099 1949; x_wconf 85' lang='lat'>‚</span> <span class='ocrx_word' id='word_1_86' title='bbox 1155 1863 1697 1960; x_wconf 84' lang='lat' dir='ltr'>animarumque</span> <span class='ocrx_word' id='word_1_87' title='bbox 1748 1863 1975 1936; x_wconf 89' lang='lat' dir='ltr'>salute</span> <span class='ocrx_word' id='word_1_88' title='bbox 2030 1863 2307 1938; x_wconf 79' lang='lat' dir='ltr'>sortiter</span> <span class='ocrx_word' id='word_1_89' title='bbox 2356 1863 2468 1936; x_wconf 90' lang='lat' dir='ltr'>di·-</span> 
     </span>
     <span class='ocr_line' id='line_1_14' title="bbox 341 1981 2467 2078; baseline 0.001 -24"><span class='ocrx_word' id='word_1_90' title='bbox 341 1981 634 2066; x_wconf 80' lang='lat' dir='ltr'>micare,</span> <span class='ocrx_word' id='word_1_91' title='bbox 687 1982 1028 2054; x_wconf 84' lang='lat' dir='ltr'>memoria</span> <span class='ocrx_word' id='word_1_92' title='bbox 1079 1990 1486 2077; x_wconf 75' lang='lat' dir='ltr'>repetentes</span> <span class='ocrx_word' id='word_1_93' title='bbox 1545 2005 1582 2050; x_wconf 73' lang='grc' dir='ltr'><strong>α</strong></span> <span class='ocrx_word' id='word_1_94' title='bbox 1639 1983 1827 2078; x_wconf 87' lang='lat' dir='ltr'>quod</span> <span class='ocrx_word' id='word_1_95' title='bbox 1882 2004 2025 2058; x_wconf 90' lang='lat' dir='ltr'>non</span> <span class='ocrx_word' id='word_1_96' title='bbox 2076 1992 2244 2056; x_wconf 87' lang='lat' dir='ltr'>sunt</span> <span class='ocrx_word' id='word_1_97' title='bbox 2294 2005 2467 2056; x_wconf 86' lang='lat' dir='ltr'>con-</span> 
     </span>
     <span class='ocr_line' id='line_1_15' title="bbox 345 2099 2470 2197; baseline 0.002 -27"><span class='ocrx_word' id='word_1_98' title='bbox 345 2123 410 2172; x_wconf 77' lang='lat'>».</span> <span class='ocrx_word' id='word_1_99' title='bbox 441 2100 690 2194; x_wconf 83' lang='lat' dir='ltr'>dignae</span> <span class='ocrx_word' id='word_1_100' title='bbox 743 2100 1106 2194; x_wconf 75' lang='lat' dir='ltr'>passiones</span> <span class='ocrx_word' id='word_1_101' title='bbox 1159 2099 1368 2173; x_wconf 89' lang='lat' dir='ltr'>huius</span> <span class='ocrx_word' id='word_1_102' title='bbox 1423 2099 1765 2193; x_wconf 88' lang='lat' dir='ltr'>temporis</span> <span class='ocrx_word' id='word_1_103' title='bbox 1818 2099 1907 2174; x_wconf 86' lang='lat' dir='ltr'>ad</span> <span class='ocrx_word' id='word_1_104' title='bbox 1954 2099 2262 2174; x_wconf 83' lang='lat' dir='ltr'>futuram</span> <span class='ocrx_word' id='word_1_105' title='bbox 2326 2102 2470 2197; x_wconf 90' lang='lat' dir='ltr'>glo-</span> 
     </span>
     <span class='ocr_line' id='line_1_16' title="bbox 347 2212 2469 2315; baseline 0.002 -29"><span class='ocrx_word' id='word_1_106' title='bbox 347 2239 382 2286; x_wconf 78' lang='grc'>»</span> <span class='ocrx_word' id='word_1_107' title='bbox 443 2214 646 2300; x_wconf 85' lang='lat' dir='ltr'>riam,</span> <span class='ocrx_word' id='word_1_108' title='bbox 702 2238 882 2310; x_wconf 88' lang='lat' dir='ltr'>quae</span> <span class='ocrx_word' id='word_1_109' title='bbox 933 2215 1362 2290; x_wconf 82' lang='lat' dir='ltr'>revelabitur</span> <span class='ocrx_word' id='word_1_110' title='bbox 1415 2216 1486 2288; x_wconf 89' lang='lat' dir='ltr'>in</span> <span class='ocrx_word' id='word_1_111' title='bbox 1541 2215 1745 2290; x_wconf 89' lang='lat' dir='ltr'>nobis</span> <span class='ocrx_word' id='word_1_112' title='bbox 1806 2241 1838 2286; x_wconf 83' lang='lat'>»</span> <span class='ocrx_word' id='word_1_113' title='bbox 1902 2212 2021 2315; x_wconf 78' lang='lat'><strong>(³¹⁵).</strong></span> <span class='ocrx_word' id='word_1_114' title='bbox 2081 2214 2311 2312; x_wconf 83' lang='lat' dir='ltr'>Atque</span> <span class='ocrx_word' id='word_1_115' title='bbox 2365 2217 2469 2290; x_wconf 87' lang='lat' dir='ltr'>ic-</span> 
     </span>
     <span class='ocr_line' id='line_1_17' title="bbox 337 2329 2465 2430; baseline 0.001 -24"><span class='ocrx_word' id='word_1_116' title='bbox 337 2331 522 2406; x_wconf 84' lang='lat' dir='ltr'>circo</span> <span class='ocrx_word' id='word_1_117' title='bbox 552 2332 680 2406; x_wconf 89' lang='lat' dir='ltr'>has</span> <span class='ocrx_word' id='word_1_118' title='bbox 715 2329 928 2407; x_wconf 79' lang='lat' dir='ltr'>Vobis</span> <span class='ocrx_word' id='word_1_119' title='bbox 953 2333 1328 2407; x_wconf 85' lang='lat' dir='ltr'>scribimus</span> <span class='ocrx_word' id='word_1_120' title='bbox 1352 2331 1687 2422; x_wconf 85' lang='lat' dir='ltr'>Litteras,</span> <span class='ocrx_word' id='word_1_121' title='bbox 1699 2333 1953 2430; x_wconf 91' lang='lat' dir='ltr'>quibus</span> <span class='ocrx_word' id='word_1_122' title='bbox 1972 2329 2465 2430; x_wconf 86' lang='lat' dir='ltr'>Episcopalem</span> 
     </span>
     <span class='ocr_line' id='line_1_18' title="bbox 341 2451 2459 2547; baseline 0.003 -27"><span class='ocrx_word' id='word_1_123' title='bbox 341 2459 652 2524; x_wconf 84' lang='lat' dir='ltr'>vestram</span> <span class='ocrx_word' id='word_1_124' title='bbox 703 2451 776 2522; x_wconf 90' lang='lat' dir='ltr'>in</span> <span class='ocrx_word' id='word_1_125' title='bbox 832 2451 1048 2526; x_wconf 87' lang='lat' dir='ltr'>tantis</span> <span class='ocrx_word' id='word_1_126' title='bbox 1105 2451 1488 2526; x_wconf 78' lang='lat' dir='ltr'>tolerandis</span> <span class='ocrx_word' id='word_1_127' title='bbox 1541 2451 1887 2547; x_wconf 79' lang='lat' dir='ltr'>angustiis</span> <span class='ocrx_word' id='word_1_128' title='bbox 1938 2451 2459 2540; x_wconf 80' lang='lat' dir='ltr'>fortitudinem,</span> 
     </span>
     <span class='ocr_line' id='line_1_19' title="bbox 324 2557 2461 2665; baseline 0.001 -25"><span class='ocrx_word' id='word_1_129' title='bbox 324 2575 409 2640; x_wconf 75' lang='lat' dir='ltr'>,et</span> <span class='ocrx_word' id='word_1_130' title='bbox 459 2566 536 2640; x_wconf 87' lang='lat' dir='ltr'>in</span> <span class='ocrx_word' id='word_1_131' title='bbox 609 2589 819 2664; x_wconf 81' lang='lat' dir='ltr'>grege</span> <span class='ocrx_word' id='word_1_132' title='bbox 899 2580 1176 2642; x_wconf 82' lang='lat' dir='ltr'>vestrae</span> <span class='ocrx_word' id='word_1_133' title='bbox 1233 2591 1464 2644; x_wconf 83' lang='lat' dir='ltr'>curae</span> <span class='ocrx_word' id='word_1_134' title='bbox 1486 2557 1541 2616; x_wconf 69' lang='lat' dir='ltr'><em>f</em></span> <span class='ocrx_word' id='word_1_135' title='bbox 1541 2568 1945 2644; x_wconf 88' lang='lat' dir='ltr'>concredito</span> <span class='ocrx_word' id='word_1_136' title='bbox 2028 2567 2461 2665; x_wconf 77' lang='lat' dir='ltr'>vigilantiam</span> 
     </span>
     <span class='ocr_line' id='line_1_20' title="bbox 334 2684 2463 2784; baseline 0.003 -28"><span class='ocrx_word' id='word_1_137' title='bbox 334 2685 562 2780; x_wconf 78' lang='lat' dir='ltr'>magis</span> <span class='ocrx_word' id='word_1_138' title='bbox 637 2687 1002 2784; x_wconf 81' lang='lat' dir='ltr'>magisque</span> <span class='ocrx_word' id='word_1_139' title='bbox 1081 2687 1154 2760; x_wconf 89' lang='lat' dir='ltr'>in</span> <span class='ocrx_word' id='word_1_140' title='bbox 1207 2684 1512 2762; x_wconf 88' lang='lat' dir='ltr'>Domino</span> <span class='ocrx_word' id='word_1_141' title='bbox 1589 2687 1989 2762; x_wconf 85' lang='lat' dir='ltr'>excitamus</span> <span class='ocrx_word' id='word_1_142' title='bbox 2018 2739 2043 2776; x_wconf 89' lang='lat'>‚</span> <span class='ocrx_word' id='word_1_143' title='bbox 2122 2698 2205 2762; x_wconf 90' lang='lat' dir='ltr'>ut</span> <span class='ocrx_word' id='word_1_144' title='bbox 2254 2689 2463 2762; x_wconf 90' lang='lat' dir='ltr'>nullis</span> 
     </span>
     <span class='ocr_line' id='line_1_21' title="bbox 331 2799 2463 2900; baseline 0.003 -28"><span class='ocrx_word' id='word_1_145' title='bbox 331 2801 524 2872; x_wconf 83' lang='lat' dir='ltr'>euris</span> <span class='ocrx_word' id='word_1_146' title='bbox 552 2849 572 2886; x_wconf 92' lang='lat'>,</span> <span class='ocrx_word' id='word_1_147' title='bbox 629 2799 837 2875; x_wconf 88' lang='lat' dir='ltr'>nullis</span> <span class='ocrx_word' id='word_1_148' title='bbox 889 2803 1196 2878; x_wconf 87' lang='lat' dir='ltr'>consiliis</span> <span class='ocrx_word' id='word_1_149' title='bbox 1225 2853 1246 2891; x_wconf 90' lang='lat'>,</span> <span class='ocrx_word' id='word_1_150' title='bbox 1315 2804 1665 2900; x_wconf 85' lang='lat' dir='ltr'>nullisque</span> <span class='ocrx_word' id='word_1_151' title='bbox 1744 2801 2101 2880; x_wconf 83' lang='lat' dir='ltr'>laboribus</span> <span class='ocrx_word' id='word_1_152' title='bbox 2178 2827 2463 2900; x_wconf 87' lang='lat' dir='ltr'>parcere</span> 
     </span>
     <span class='ocr_line' id='line_1_22' title="bbox 337 2918 2464 3016; baseline 0.002 -24"><span class='ocrx_word' id='word_1_153' title='bbox 337 2940 650 3014; x_wconf 86' lang='lat' dir='ltr'>unquam</span> <span class='ocrx_word' id='word_1_154' title='bbox 707 2918 934 2992; x_wconf 87' lang='lat' dir='ltr'>velitis</span> <span class='ocrx_word' id='word_1_155' title='bbox 965 2972 986 3006; x_wconf 91' lang='lat'>,</span> <span class='ocrx_word' id='word_1_156' title='bbox 1041 2943 1184 3016; x_wconf 84' lang='lat' dir='ltr'>quo</span> <span class='ocrx_word' id='word_1_157' title='bbox 1231 2921 1474 2996; x_wconf 81' lang='lat' dir='ltr'>fideles</span> <span class='ocrx_word' id='word_1_158' title='bbox 1531 2921 1749 2996; x_wconf 80' lang='lat' dir='ltr'>Vobis</span> <span class='ocrx_word' id='word_1_159' title='bbox 1800 2922 2163 3002; x_wconf 84' lang='lat' dir='ltr'>commissi</span> <span class='ocrx_word' id='word_1_160' title='bbox 2238 2921 2464 2998; x_wconf 81' lang='lat' dir='ltr'>absti-</span> 
     </span>
     <span class='ocr_line' id='line_1_23' title="bbox 333 3037 2461 3139; baseline 0.003 -29"><span class='ocrx_word' id='word_1_161' title='bbox 333 3050 586 3112; x_wconf 84' lang='lat' dir='ltr'>nentes</span> <span class='ocrx_word' id='word_1_162' title='bbox 639 3060 716 3112; x_wconf 91' lang='lat' dir='ltr'>se</span> <span class='ocrx_word' id='word_1_163' title='bbox 771 3037 860 3112; x_wconf 87' lang='lat' dir='ltr'>ab</span> <span class='ocrx_word' id='word_1_164' title='bbox 913 3043 1109 3114; x_wconf 86' lang='lat' dir='ltr'>omni</span> <span class='ocrx_word' id='word_1_165' title='bbox 1159 3042 1399 3137; x_wconf 87' lang='lat' dir='ltr'>specie</span> <span class='ocrx_word' id='word_1_166' title='bbox 1457 3042 1622 3116; x_wconf 86' lang='lat' dir='ltr'>mali</span> <span class='ocrx_word' id='word_1_167' title='bbox 1651 3094 1677 3130; x_wconf 92' lang='lat'><strong>,</strong></span> <span class='ocrx_word' id='word_1_168' title='bbox 1730 3042 2081 3139; x_wconf 88' lang='lat' dir='ltr'>nullisque</span> <span class='ocrx_word' id='word_1_169' title='bbox 2142 3043 2461 3116; x_wconf 83' lang='lat' dir='ltr'>deterriti</span> 
     </span>
     <span class='ocr_line' id='line_1_24' title="bbox 333 3157 2461 3255; baseline 0.002 -25"><span class='ocrx_word' id='word_1_170' title='bbox 333 3157 659 3252; x_wconf 84' lang='lat' dir='ltr'>periculis</span> <span class='ocrx_word' id='word_1_171' title='bbox 711 3157 784 3230; x_wconf 87' lang='lat' dir='ltr'>in</span> <span class='ocrx_word' id='word_1_172' title='bbox 836 3157 1220 3233; x_wconf 88' lang='lat' dir='ltr'>catholicae</span> <span class='ocrx_word' id='word_1_173' title='bbox 1269 3158 1431 3232; x_wconf 86' lang='lat' dir='ltr'>fidei</span> <span class='ocrx_word' id='word_1_174' title='bbox 1485 3170 1562 3230; x_wconf 87' lang='lat' dir='ltr'>et</span> <span class='ocrx_word' id='word_1_175' title='bbox 1613 3158 1972 3255; x_wconf 75' lang='lat' dir='ltr'>religionis</span> <span class='ocrx_word' id='word_1_176' title='bbox 2024 3157 2461 3253; x_wconf 80' lang='lat' dir='ltr'>professione</span> 
     </span>
     <span class='ocr_line' id='line_1_25' title="bbox 335 3275 2463 3375; baseline 0 -26"><span class='ocrx_word' id='word_1_177' title='bbox 335 3275 647 3372; x_wconf 87' lang='lat' dir='ltr'>quotidie</span> <span class='ocrx_word' id='word_1_178' title='bbox 701 3276 924 3374; x_wconf 84' lang='lat' dir='ltr'>magis</span> <span class='ocrx_word' id='word_1_179' title='bbox 979 3278 1265 3354; x_wconf 84' lang='lat' dir='ltr'>stabiles</span> <span class='ocrx_word' id='word_1_180' title='bbox 1327 3290 1406 3354; x_wconf 89' lang='lat' dir='ltr'>et</span> <span class='ocrx_word' id='word_1_181' title='bbox 1455 3279 1737 3352; x_wconf 84' lang='lat' dir='ltr'>immoti</span> <span class='ocrx_word' id='word_1_182' title='bbox 1816 3289 2281 3375; x_wconf 85' lang='lat' dir='ltr'>permaneant</span> <span class='ocrx_word' id='word_1_183' title='bbox 2310 3328 2333 3364; x_wconf 85' lang='lat'>‚</span> <span class='ocrx_word' id='word_1_184' title='bbox 2387 3290 2463 3352; x_wconf 89' lang='lat' dir='ltr'>et</span> 
     </span>
     <span class='ocr_line' id='line_1_26' title="bbox 317 3390 2463 3491; baseline 0.003 -27"><span class='ocrx_word' id='word_1_185' title='bbox 317 3409 690 3488; x_wconf 77' lang='lat' dir='ltr'>nunquam</span> <span class='ocrx_word' id='word_1_186' title='bbox 744 3390 834 3465; x_wconf 86' lang='lat' dir='ltr'>ab</span> <span class='ocrx_word' id='word_1_187' title='bbox 873 3393 1196 3470; x_wconf 81' lang='lat' dir='ltr'>eiusdem</span> <span class='ocrx_word' id='word_1_188' title='bbox 1238 3395 1425 3483; x_wconf 84' lang='lat' dir='ltr'>fidei,</span> <span class='ocrx_word' id='word_1_189' title='bbox 1470 3395 1963 3491; x_wconf 83' lang='lat' dir='ltr'>religionisque</span> <span class='ocrx_word' id='word_1_190' title='bbox 2013 3393 2339 3470; x_wconf 86' lang='lat' dir='ltr'>hostibus</span> <span class='ocrx_word' id='word_1_191' title='bbox 2384 3419 2463 3470; x_wconf 87' lang='lat' dir='ltr'>se</span> 
     </span>
     <span class='ocr_line' id='line_1_27' title="bbox 334 3507 2460 3608; baseline 0.003 -28"><span class='ocrx_word' id='word_1_192' title='bbox 334 3507 588 3602; x_wconf 86' lang='lat' dir='ltr'>decipi,</span> <span class='ocrx_word' id='word_1_193' title='bbox 627 3509 798 3581; x_wconf 86' lang='lat' dir='ltr'>etin</span> <span class='ocrx_word' id='word_1_194' title='bbox 835 3523 1148 3586; x_wconf 82' lang='lat' dir='ltr'>errorem</span> <span class='ocrx_word' id='word_1_195' title='bbox 1181 3512 1412 3586; x_wconf 82' lang='lat' dir='ltr'>induci</span> <span class='ocrx_word' id='word_1_196' title='bbox 1449 3510 1835 3608; x_wconf 86' lang='lat' dir='ltr'>patiantur.</span> <span class='ocrx_word' id='word_1_197' title='bbox 1866 3509 1969 3586; x_wconf 86' lang='lat' dir='ltr'>Ae</span> <span class='ocrx_word' id='word_1_198' title='bbox 2004 3511 2195 3607; x_wconf 80' lang='lat' dir='ltr'>ipsos</span> <span class='ocrx_word' id='word_1_199' title='bbox 2220 3510 2460 3588; x_wconf 80' lang='lat' dir='ltr'>fideles</span> 
     </span>
     <span class='ocr_line' id='line_1_28' title="bbox 338 3623 2459 3729; baseline 0.003 -32"><span class='ocrx_word' id='word_1_200' title='bbox 338 3623 553 3700; x_wconf 88' lang='lat' dir='ltr'>Vobis</span> <span class='ocrx_word' id='word_1_201' title='bbox 605 3628 1070 3715; x_wconf 88' lang='lat' dir='ltr'>concreditos,</span> <span class='ocrx_word' id='word_1_202' title='bbox 1109 3629 1168 3704; x_wconf 92' lang='lat' dir='ltr'>N</span> <span class='ocrx_word' id='word_1_203' title='bbox 1174 3631 1466 3729; x_wconf 88' lang='lat' dir='ltr'>obisque</span> <span class='ocrx_word' id='word_1_204' title='bbox 1503 3629 1905 3705; x_wconf 86' lang='lat' dir='ltr'>carissimos</span> <span class='ocrx_word' id='word_1_205' title='bbox 1958 3631 2151 3704; x_wconf 90' lang='lat' dir='ltr'>omni</span> <span class='ocrx_word' id='word_1_206' title='bbox 2183 3632 2459 3727; x_wconf 84' lang='lat' dir='ltr'>paterni</span> 
     </span>
     <span class='ocr_line' id='line_1_29' title="bbox 335 3745 2460 3836; baseline 0.003 -20"><span class='ocrx_word' id='word_1_207' title='bbox 335 3745 554 3816; x_wconf 87' lang='lat' dir='ltr'>animi</span> <span class='ocrx_word' id='word_1_208' title='bbox 605 3745 844 3820; x_wconf 87' lang='lat' dir='ltr'>Nostri</span> <span class='ocrx_word' id='word_1_209' title='bbox 916 3746 1172 3822; x_wconf 84' lang='lat' dir='ltr'>affectu</span> <span class='ocrx_word' id='word_1_210' title='bbox 1224 3762 1301 3823; x_wconf 88' lang='lat' dir='ltr'>et</span> <span class='ocrx_word' id='word_1_211' title='bbox 1351 3750 1588 3824; x_wconf 88' lang='lat' dir='ltr'>studio</span> <span class='ocrx_word' id='word_1_212' title='bbox 1641 3771 2015 3824; x_wconf 88' lang='lat' dir='ltr'>monemus</span> <span class='ocrx_word' id='word_1_213' title='bbox 2046 3801 2067 3836; x_wconf 92' lang='lat'>,</span> <span class='ocrx_word' id='word_1_214' title='bbox 2122 3749 2460 3823; x_wconf 81' lang='lat' dir='ltr'>exhorta-</span> 
     </span>
     <span class='ocr_line' id='line_1_30' title="bbox 333 3860 2459 3961; baseline 0.001 -28"><span class='ocrx_word' id='word_1_215' title='bbox 333 3882 521 3950; x_wconf 87' lang='lat' dir='ltr'>mur,</span> <span class='ocrx_word' id='word_1_216' title='bbox 563 3871 638 3936; x_wconf 87' lang='lat' dir='ltr'>et</span> <span class='ocrx_word' id='word_1_217' title='bbox 670 3860 1142 3951; x_wconf 89' lang='lat' dir='ltr'>obtestamur,</span> <span class='ocrx_word' id='word_1_218' title='bbox 1177 3874 1261 3938; x_wconf 93' lang='lat' dir='ltr'>ut</span> <span class='ocrx_word' id='word_1_219' title='bbox 1311 3865 1731 3940; x_wconf 86' lang='lat' dir='ltr'>catholicam</span> <span class='ocrx_word' id='word_1_220' title='bbox 1769 3866 2007 3952; x_wconf 83' lang='lat' dir='ltr'>fidem,</span> <span class='ocrx_word' id='word_1_221' title='bbox 2046 3863 2459 3961; x_wconf 79' lang='lat' dir='ltr'>religionem</span> 
     </span>
     <span class='ocr_line' id='line_1_31' title="bbox 333 3979 2463 4078; baseline 0.004 -29"><span class='ocrx_word' id='word_1_222' title='bbox 333 3999 414 4054; x_wconf 87' lang='lat' dir='ltr'>ac</span> <span class='ocrx_word' id='word_1_223' title='bbox 465 3979 882 4066; x_wconf 88' lang='lat' dir='ltr'>doctrinam,</span> <span class='ocrx_word' id='word_1_224' title='bbox 937 4003 1150 4076; x_wconf 89' lang='lat' dir='ltr'>quam</span> <span class='ocrx_word' id='word_1_225' title='bbox 1203 3982 1536 4078; x_wconf 82' lang='lat' dir='ltr'>singulari</span> <span class='ocrx_word' id='word_1_226' title='bbox 1585 3981 1715 4058; x_wconf 91' lang='lat' dir='ltr'>Dei</span> <span class='ocrx_word' id='word_1_227' title='bbox 1762 3983 2099 4058; x_wconf 83' lang='lat' dir='ltr'>beneficio</span> <span class='ocrx_word' id='word_1_228' title='bbox 2170 4003 2463 4078; x_wconf 80' lang='lat' dir='ltr'>accepe-</span> 
     </span>
    </p>
   </div>
   <div class='ocr_carea' id='block_1_4' title="bbox 495 4229 1250 4310">
    <p class='ocr_par' dir='ltr' id='par_1_4' title="bbox 495 4229 1250 4310">
     <span class='ocr_line' id='line_1_32' title="bbox 495 4229 1250 4310; baseline 0 -18"><span class='ocrx_word' id='word_1_229' title='bbox 495 4229 580 4310; x_wconf 78' lang='lat'>(*)</span> <span class='ocrx_word' id='word_1_230' title='bbox 623 4229 796 4296; x_wconf 84' lang='lat' dir='ltr'>Rom.</span> <span class='ocrx_word' id='word_1_231' title='bbox 841 4247 894 4294; x_wconf 89' lang='lat' dir='ltr'>c.</span> <span class='ocrx_word' id='word_1_232' title='bbox 941 4229 1000 4294; x_wconf 91' lang='lat'>8.</span> <span class='ocrx_word' id='word_1_233' title='bbox 1045 4249 1107 4297; x_wconf 77' lang='lat' dir='ltr'>v.</span> <span class='ocrx_word' id='word_1_234' title='bbox 1151 4230 1250 4295; x_wconf 88' lang='lat'>18.</span> 
     </span>
    </p>
   </div>
  </div>
 </body>
</html>
