<?xml version="1.0" encoding="UTF-8"?>
<!DOCTYPE html PUBLIC "-//W3C//DTD XHTML 1.0 Transitional//EN"
    "http://www.w3.org/TR/xhtml1/DTD/xhtml1-transitional.dtd">
<html xmlns="http://www.w3.org/1999/xhtml" xml:lang="en" lang="en">
 <head>
  <title>
</title>
<meta http-equiv="Content-Type" content="text/html;charset=utf-8" />
  <meta name='ocr-system' content='tesseract 3.04.00' />
  <meta name='ocr-capabilities' content='ocr_page ocr_carea ocr_par ocr_line ocrx_word'/>
</head>
<body>
  <div class='ocr_page' id='page_1' title='image "./piiixpontificis00ixgoog_0475.png"; bbox 0 0 3317 5267; ppageno 0'>
   <div class='ocr_carea' id='block_1_1' title="bbox 295 441 2483 4306">
    <p class='ocr_par' dir='ltr' id='par_1_1' title="bbox 295 441 2483 4306">
     <span class='ocr_line' id='line_1_1' title="bbox 2312 441 2461 514; baseline 0 -1"><span class='ocrx_word' id='word_1_1' title='bbox 2312 441 2461 514; x_wconf 69' lang='lat'><strong>465</strong></span> 
     </span>
     <span class='ocr_line' id='line_1_2' title="bbox 317 544 2459 644; baseline 0.001 -14"><span class='ocrx_word' id='word_1_2' title='bbox 317 553 797 632; x_wconf 84' lang='lat' dir='ltr'><strong>continentur.</strong></span> <span class='ocrx_word' id='word_1_3' title='bbox 855 544 1152 622; x_wconf 76' lang='lat' dir='ltr'><strong>Summa</strong></span> <span class='ocrx_word' id='word_1_4' title='bbox 1203 545 1428 624; x_wconf 80' lang='lat' dir='ltr'><strong>etiam</strong></span> <span class='ocrx_word' id='word_1_5' title='bbox 1469 545 1833 644; x_wconf 75' lang='lat' dir='ltr'><strong>vigilantia</strong></span> <span class='ocrx_word' id='word_1_6' title='bbox 1876 559 1953 624; x_wconf 88' lang='lat' dir='ltr'><strong>et</strong></span> <span class='ocrx_word' id='word_1_7' title='bbox 1988 551 2459 632; x_wconf 86' lang='lat' dir='ltr'><strong>sollicitudine</strong></span> 
     </span>
     <span class='ocr_line' id='line_1_3' title="bbox 322 663 2457 764; baseline -0.007 -21"><span class='ocrx_word' id='word_1_8' title='bbox 322 669 540 747; x_wconf 72' lang='lat' dir='ltr'><strong>Vobis</strong></span> <span class='ocrx_word' id='word_1_9' title='bbox 592 665 882 742; x_wconf 86' lang='lat' dir='ltr'><strong>omnino</strong></span> <span class='ocrx_word' id='word_1_10' title='bbox 937 675 1050 736; x_wconf 89' lang='lat' dir='ltr'><strong>est</strong></span> <span class='ocrx_word' id='word_1_11' title='bbox 1098 663 1524 750; x_wconf 84' lang='lat' dir='ltr'><strong>curandum,</strong></span> <span class='ocrx_word' id='word_1_12' title='bbox 1579 675 1666 738; x_wconf 92' lang='lat' dir='ltr'><strong>ut</strong></span> <span class='ocrx_word' id='word_1_13' title='bbox 1714 665 2083 764; x_wconf 73' lang='lat' dir='ltr'><strong>religiosae</strong></span> <span class='ocrx_word' id='word_1_14' title='bbox 2120 671 2311 744; x_wconf 83' lang='lat' dir='ltr'><strong>vitae</strong></span> <span class='ocrx_word' id='word_1_15' title='bbox 2344 673 2457 746; x_wconf 84' lang='lat' dir='ltr'><strong>di-</strong></span> 
     </span>
     <span class='ocr_line' id='line_1_4' title="bbox 315 781 2441 886; baseline 0 -23"><span class='ocrx_word' id='word_1_16' title='bbox 315 789 610 886; x_wconf 78' lang='lat' dir='ltr'><strong>scipiina</strong></span> <span class='ocrx_word' id='word_1_17' title='bbox 659 786 732 858; x_wconf 88' lang='lat' dir='ltr'><strong>in</strong></span> <span class='ocrx_word' id='word_1_18' title='bbox 783 781 1240 858; x_wconf 85' lang='lat' dir='ltr'><strong>monasteriis</strong></span> <span class='ocrx_word' id='word_1_19' title='bbox 1303 783 1835 857; x_wconf 84' lang='lat' dir='ltr'><strong>accuratissime</strong></span> <span class='ocrx_word' id='word_1_20' title='bbox 1918 798 2267 876; x_wconf 84' lang='lat' dir='ltr'><strong>servetur,</strong></span> <span class='ocrx_word' id='word_1_21' title='bbox 2340 802 2441 880; x_wconf 89' lang='lat' dir='ltr'><strong>et,</strong></span> 
     </span>
     <span class='ocr_line' id='line_1_5' title="bbox 313 900 2423 1004; baseline 0.001 -23"><span class='ocrx_word' id='word_1_22' title='bbox 313 906 432 981; x_wconf 82' lang='lat' dir='ltr'><strong>ubi</strong></span> <span class='ocrx_word' id='word_1_23' title='bbox 482 904 808 1004; x_wconf 85' lang='lat' dir='ltr'><strong>prolapsa</strong></span> <span class='ocrx_word' id='word_1_24' title='bbox 855 901 1093 988; x_wconf 83' lang='lat' dir='ltr'><strong>fuerit,</strong></span> <span class='ocrx_word' id='word_1_25' title='bbox 1149 900 1591 986; x_wconf 81' lang='lat' dir='ltr'><strong>restituatur,</strong></span> <span class='ocrx_word' id='word_1_26' title='bbox 1647 913 1869 1000; x_wconf 90' lang='lat' dir='ltr'><strong>utque</strong></span> <span class='ocrx_word' id='word_1_27' title='bbox 1904 905 2423 984; x_wconf 85' lang='lat' dir='ltr'><strong>ecclesiastieae</strong></span> 
     </span>
     <span class='ocr_line' id='line_1_6' title="bbox 319 1016 2451 1114; baseline 0.002 -18"><span class='ocrx_word' id='word_1_28' title='bbox 319 1025 410 1096; x_wconf 89' lang='lat' dir='ltr'><strong>de</strong></span> <span class='ocrx_word' id='word_1_29' title='bbox 460 1019 871 1096; x_wconf 84' lang='lat' dir='ltr'><strong>Monialium</strong></span> <span class='ocrx_word' id='word_1_30' title='bbox 923 1016 1248 1092; x_wconf 86' lang='lat' dir='ltr'><strong>clausura</strong></span> <span class='ocrx_word' id='word_1_31' title='bbox 1269 1016 1472 1112; x_wconf 76' lang='lat' dir='ltr'><strong>leges</strong></span> <span class='ocrx_word' id='word_1_32' title='bbox 1507 1037 1879 1114; x_wconf 85' lang='lat' dir='ltr'><strong>nunquam</strong></span> <span class='ocrx_word' id='word_1_33' title='bbox 1918 1021 2293 1112; x_wconf 81' lang='lat' dir='ltr'><strong>violentur,</strong></span> <span class='ocrx_word' id='word_1_34' title='bbox 2324 1025 2451 1100; x_wconf 86' lang='lat' dir='ltr'><strong>sed</strong></span> 
     </span>
     <span class='ocr_line' id='line_1_7' title="bbox 317 1133 2455 1236; baseline 0.002 -24"><span class='ocrx_word' id='word_1_35' title='bbox 317 1139 818 1236; x_wconf 77' lang='lat' dir='ltr'><strong>perdiligenter</strong></span> <span class='ocrx_word' id='word_1_36' title='bbox 866 1133 1381 1210; x_wconf 85' lang='lat' dir='ltr'><strong>custodiantur.</strong></span> <span class='ocrx_word' id='word_1_37' title='bbox 1442 1133 1604 1209; x_wconf 87' lang='lat' dir='ltr'><strong>Pari</strong></span> <span class='ocrx_word' id='word_1_38' title='bbox 1676 1147 1921 1210; x_wconf 90' lang='lat' dir='ltr'><strong>autem</strong></span> <span class='ocrx_word' id='word_1_39' title='bbox 1996 1142 2455 1217; x_wconf 85' lang='lat' dir='ltr'><strong>contentione</strong></span> 
     </span>
     <span class='ocr_line' id='line_1_8' title="bbox 317 1252 2454 1351; baseline -0.007 -21"><span class='ocrx_word' id='word_1_40' title='bbox 317 1279 360 1330; x_wconf 89' lang='lat' dir='ltr'><strong>a</strong></span> <span class='ocrx_word' id='word_1_41' title='bbox 413 1255 628 1332; x_wconf 73' lang='lat' dir='ltr'><strong>Vobis</strong></span> <span class='ocrx_word' id='word_1_42' title='bbox 679 1267 793 1330; x_wconf 88' lang='lat' dir='ltr'><strong>est</strong></span> <span class='ocrx_word' id='word_1_43' title='bbox 843 1252 1380 1328; x_wconf 84' lang='lat' dir='ltr'><strong>allaborandum</strong></span> <span class='ocrx_word' id='word_1_44' title='bbox 1411 1305 1433 1340; x_wconf 93' lang='lat'>‚</span> <span class='ocrx_word' id='word_1_45' title='bbox 1519 1263 1602 1327; x_wconf 90' lang='lat' dir='ltr'><strong>ut</strong></span> <span class='ocrx_word' id='word_1_46' title='bbox 1649 1255 2023 1351; x_wconf 87' lang='lat' dir='ltr'><strong>utriusque</strong></span> <span class='ocrx_word' id='word_1_47' title='bbox 2074 1279 2289 1332; x_wconf 74' lang='lat' dir='ltr'><strong>sexus</strong></span> <span class='ocrx_word' id='word_1_48' title='bbox 2341 1261 2454 1334; x_wconf 78' lang='lat' dir='ltr'><strong>iu..</strong></span> 
     </span>
     <span class='ocr_line' id='line_1_9' title="bbox 315 1367 2449 1475; baseline 0.002 -30"><span class='ocrx_word' id='word_1_49' title='bbox 315 1385 598 1459; x_wconf 83' lang='lat' dir='ltr'><strong>ventus,</strong></span> <span class='ocrx_word' id='word_1_50' title='bbox 654 1393 798 1470; x_wconf 86' lang='lat' dir='ltr'><strong>qua</strong></span> <span class='ocrx_word' id='word_1_51' title='bbox 853 1371 1087 1446; x_wconf 89' lang='lat' dir='ltr'><strong>omnis</strong></span> <span class='ocrx_word' id='word_1_52' title='bbox 1123 1367 1576 1475; x_wconf 78' lang='lat' dir='ltr'><strong>christianae,</strong></span> <span class='ocrx_word' id='word_1_53' title='bbox 1617 1370 1989 1468; x_wconf 85' lang='lat' dir='ltr'><strong>civilisque</strong></span> <span class='ocrx_word' id='word_1_54' title='bbox 2024 1373 2449 1470; x_wconf 81' lang='lat' dir='ltr'><strong>reipublicae</strong></span> 
     </span>
     <span class='ocr_line' id='line_1_10' title="bbox 315 1487 2449 1587; baseline 0.001 -21"><span class='ocrx_word' id='word_1_55' title='bbox 315 1513 478 1587; x_wconf 87' lang='lat' dir='ltr'><strong>spes</strong></span> <span class='ocrx_word' id='word_1_56' title='bbox 528 1491 956 1575; x_wconf 78' lang='lat' dir='ltr'><strong>continetur,</strong></span> <span class='ocrx_word' id='word_1_57' title='bbox 1013 1500 1090 1562; x_wconf 92' lang='lat' dir='ltr'><strong>et</strong></span> <span class='ocrx_word' id='word_1_58' title='bbox 1139 1487 1614 1564; x_wconf 79' lang='lat' dir='ltr'><strong>sanctissimis</strong></span> <span class='ocrx_word' id='word_1_59' title='bbox 1667 1488 1947 1564; x_wconf 80' lang='lat' dir='ltr'><strong>divinae</strong></span> <span class='ocrx_word' id='word_1_60' title='bbox 1998 1505 2283 1567; x_wconf 84' lang='lat' dir='ltr'><strong>nostrae</strong></span> <span class='ocrx_word' id='word_1_61' title='bbox 2334 1517 2449 1568; x_wconf 89' lang='lat' dir='ltr'><strong>re-</strong></span> 
     </span>
     <span class='ocr_line' id='line_1_11' title="bbox 315 1603 2445 1710; baseline 0.002 -28"><span class='ocrx_word' id='word_1_62' title='bbox 315 1609 592 1705; x_wconf 77' lang='lat' dir='ltr'><strong>ligionis</strong></span> <span class='ocrx_word' id='word_1_63' title='bbox 644 1603 1260 1703; x_wconf 79' lang='lat' dir='ltr'><strong>praeceptionibus</strong></span> <span class='ocrx_word' id='word_1_64' title='bbox 1311 1605 1556 1680; x_wconf 90' lang='lat' dir='ltr'><strong>sedulo</strong></span> <span class='ocrx_word' id='word_1_65' title='bbox 1608 1606 1999 1695; x_wconf 78' lang='lat' dir='ltr'><strong>imbuatur,</strong></span> <span class='ocrx_word' id='word_1_66' title='bbox 2082 1621 2296 1710; x_wconf 81' lang='lat' dir='ltr'><strong>atque</strong></span> <span class='ocrx_word' id='word_1_67' title='bbox 2356 1612 2445 1687; x_wconf 89' lang='lat' dir='ltr'><strong>ad</strong></span> 
     </span>
     <span class='ocr_line' id='line_1_12' title="bbox 315 1721 2443 1824; baseline 0.002 -26"><span class='ocrx_word' id='word_1_68' title='bbox 315 1749 596 1801; x_wconf 88' lang='lat' dir='ltr'><strong>morum</strong></span> <span class='ocrx_word' id='word_1_69' title='bbox 653 1725 1138 1810; x_wconf 83' lang='lat' dir='ltr'><strong>honestatem,</strong></span> <span class='ocrx_word' id='word_1_70' title='bbox 1195 1721 1563 1817; x_wconf 87' lang='lat' dir='ltr'><strong>pietatem,</strong></span> <span class='ocrx_word' id='word_1_71' title='bbox 1617 1745 2047 1824; x_wconf 89' lang='lat' dir='ltr'><strong>omnemque</strong></span> <span class='ocrx_word' id='word_1_72' title='bbox 2102 1729 2443 1804; x_wconf 81' lang='lat' dir='ltr'><strong>virtutem</strong></span> 
     </span>
     <span class='ocr_line' id='line_1_13' title="bbox 313 1837 2442 1942; baseline 0.002 -26"><span class='ocrx_word' id='word_1_73' title='bbox 313 1845 751 1918; x_wconf 77' lang='lat' dir='ltr'><strong>instituatur.</strong></span> <span class='ocrx_word' id='word_1_74' title='bbox 809 1839 1182 1914; x_wconf 86' lang='lat' dir='ltr'><strong>Neminem</strong></span> <span class='ocrx_word' id='word_1_75' title='bbox 1237 1851 1482 1914; x_wconf 89' lang='lat' dir='ltr'><strong>autem</strong></span> <span class='ocrx_word' id='word_1_76' title='bbox 1537 1837 1871 1916; x_wconf 84' lang='lat' dir='ltr'><strong>Vestrum</strong></span> <span class='ocrx_word' id='word_1_77' title='bbox 1922 1843 2099 1917; x_wconf 86' lang='lat' dir='ltr'><strong>latet</strong></span> <span class='ocrx_word' id='word_1_78' title='bbox 2150 1869 2293 1942; x_wconf 89' lang='lat' dir='ltr'><strong>qno</strong></span> <span class='ocrx_word' id='word_1_79' title='bbox 2330 1858 2442 1920; x_wconf 88' lang='lat' dir='ltr'><strong>te-</strong></span> 
     </span>
     <span class='ocr_line' id='line_1_14' title="bbox 307 1957 2440 2039; baseline 0.001 -3"><span class='ocrx_word' id='word_1_80' title='bbox 307 1962 602 2036; x_wconf 85' lang='lat' dir='ltr'><strong>terrimo</strong></span> <span class='ocrx_word' id='word_1_81' title='bbox 653 1981 826 2034; x_wconf 81' lang='lat' dir='ltr'><strong>sane</strong></span> <span class='ocrx_word' id='word_1_82' title='bbox 880 1957 1065 2032; x_wconf 87' lang='lat' dir='ltr'><strong>bello</strong></span> <span class='ocrx_word' id='word_1_83' title='bbox 1119 1979 1318 2032; x_wconf 87' lang='lat' dir='ltr'><strong>nunc</strong></span> <span class='ocrx_word' id='word_1_84' title='bbox 1365 1957 1711 2034; x_wconf 80' lang='lat' dir='ltr'><strong>catholica</strong></span> <span class='ocrx_word' id='word_1_85' title='bbox 1763 1959 2139 2037; x_wconf 83' lang='lat' dir='ltr'><strong>divexetur</strong></span> <span class='ocrx_word' id='word_1_86' title='bbox 2188 1962 2440 2039; x_wconf 88' lang='lat' dir='ltr'><strong>Eccle-</strong></span> 
     </span>
     <span class='ocr_line' id='line_1_15' title="bbox 316 2077 2435 2178; baseline 0.003 -26"><span class='ocrx_word' id='word_1_87' title='bbox 316 2080 448 2168; x_wconf 89' lang='lat' dir='ltr'><strong>sia,</strong></span> <span class='ocrx_word' id='word_1_88' title='bbox 503 2079 900 2178; x_wconf 85' lang='lat' dir='ltr'><strong>quibusque</strong></span> <span class='ocrx_word' id='word_1_89' title='bbox 952 2077 1192 2171; x_wconf 86' lang='lat' dir='ltr'><strong>pravis</strong></span> <span class='ocrx_word' id='word_1_90' title='bbox 1231 2077 1464 2152; x_wconf 89' lang='lat' dir='ltr'><strong>omnis</strong></span> <span class='ocrx_word' id='word_1_91' title='bbox 1498 2078 1777 2172; x_wconf 85' lang='lat' dir='ltr'><strong>generis</strong></span> <span class='ocrx_word' id='word_1_92' title='bbox 1812 2079 2109 2168; x_wconf 76' lang='lat' dir='ltr'><strong>artibuS,</strong></span> <span class='ocrx_word' id='word_1_93' title='bbox 2138 2081 2435 2171; x_wconf 84' lang='lat' dir='ltr'><strong>insidiis,</strong></span> 
     </span>
     <span class='ocr_line' id='line_1_16' title="bbox 303 2191 2437 2294; baseline 0.002 -24"><span class='ocrx_word' id='word_1_94' title='bbox 303 2195 800 2294; x_wconf 83' lang='lat' dir='ltr'><strong>pestiferisque</strong></span> <span class='ocrx_word' id='word_1_95' title='bbox 853 2195 1136 2291; x_wconf 87' lang='lat' dir='ltr'><strong>scriptis</strong></span> <span class='ocrx_word' id='word_1_96' title='bbox 1185 2191 1312 2267; x_wconf 91' lang='lat' dir='ltr'><strong>Dei</strong></span> <span class='ocrx_word' id='word_1_97' title='bbox 1369 2193 1885 2293; x_wconf 87' lang='lat' dir='ltr'><strong>bominumque</strong></span> <span class='ocrx_word' id='word_1_98' title='bbox 1920 2197 2165 2273; x_wconf 89' lang='lat' dir='ltr'><strong>hostes</strong></span> <span class='ocrx_word' id='word_1_99' title='bbox 2200 2204 2437 2276; x_wconf 86' lang='lat' dir='ltr'><strong>omni-</strong></span> 
     </span>
     <span class='ocr_line' id='line_1_17' title="bbox 303 2315 2433 2409; baseline 0.002 -21"><span class='ocrx_word' id='word_1_100' title='bbox 303 2335 432 2388; x_wconf 89' lang='lat' dir='ltr'><strong>um</strong></span> <span class='ocrx_word' id='word_1_101' title='bbox 483 2315 758 2386; x_wconf 83' lang='lat' dir='ltr'><strong>animos</strong></span> <span class='ocrx_word' id='word_1_102' title='bbox 809 2321 1235 2406; x_wconf 85' lang='lat' dir='ltr'><strong>mentesque</strong></span> <span class='ocrx_word' id='word_1_103' title='bbox 1287 2333 1740 2409; x_wconf 84' lang='lat' dir='ltr'><strong>corrumpere</strong></span> <span class='ocrx_word' id='word_1_104' title='bbox 1790 2326 1863 2387; x_wconf 86' lang='lat' dir='ltr'><strong>et</strong></span> <span class='ocrx_word' id='word_1_105' title='bbox 1894 2337 1937 2388; x_wconf 92' lang='lat' dir='ltr'><strong>a</strong></span> <span class='ocrx_word' id='word_1_106' title='bbox 1988 2316 2433 2392; x_wconf 83' lang='lat' dir='ltr'><strong>sanctissima</strong></span> 
     </span>
     <span class='ocr_line' id='line_1_18' title="bbox 301 2426 2435 2530; baseline 0.003 -28"><span class='ocrx_word' id='word_1_107' title='bbox 301 2441 548 2506; x_wconf 84' lang='lat' dir='ltr'><strong>nostra</strong></span> <span class='ocrx_word' id='word_1_108' title='bbox 595 2429 934 2524; x_wconf 76' lang='lat' dir='ltr'><strong>religione</strong></span> <span class='ocrx_word' id='word_1_109' title='bbox 987 2426 1288 2502; x_wconf 81' lang='lat' dir='ltr'><strong>avellere</strong></span> <span class='ocrx_word' id='word_1_110' title='bbox 1341 2431 1827 2504; x_wconf 85' lang='lat' dir='ltr'><strong>connituntur.</strong></span> <span class='ocrx_word' id='word_1_111' title='bbox 1908 2430 2133 2507; x_wconf 88' lang='lat' dir='ltr'><strong>Nullis</strong></span> <span class='ocrx_word' id='word_1_112' title='bbox 2216 2435 2435 2530; x_wconf 80' lang='lat' dir='ltr'><strong>igitur</strong></span> 
     </span>
     <span class='ocr_line' id='line_1_19' title="bbox 303 2543 2483 2646; baseline -0.007 -24"><span class='ocrx_word' id='word_1_113' title='bbox 303 2546 519 2634; x_wconf 72' lang='lat' dir='ltr'><strong>curie,</strong></span> <span class='ocrx_word' id='word_1_114' title='bbox 575 2545 785 2620; x_wconf 87' lang='lat' dir='ltr'><strong>nullis</strong></span> <span class='ocrx_word' id='word_1_115' title='bbox 838 2543 1146 2619; x_wconf 88' lang='lat' dir='ltr'><strong>consiliis</strong></span> <span class='ocrx_word' id='word_1_116' title='bbox 1199 2544 1550 2642; x_wconf 85' lang='lat' dir='ltr'><strong>nullisque</strong></span> <span class='ocrx_word' id='word_1_117' title='bbox 1611 2546 1969 2623; x_wconf 83' lang='lat' dir='ltr'><strong>laboribus</strong></span> <span class='ocrx_word' id='word_1_118' title='bbox 2030 2571 2319 2646; x_wconf 82' lang='lat' dir='ltr'><strong>parcere</strong></span> <span class='ocrx_word' id='word_1_119' title='bbox 2356 2553 2483 2628; x_wconf 88' lang='lat' dir='ltr'><strong>de-</strong></span> 
     </span>
     <span class='ocr_line' id='line_1_20' title="bbox 299 2661 2429 2754; baseline 0.001 -12"><span class='ocrx_word' id='word_1_120' title='bbox 299 2665 516 2754; x_wconf 86' lang='lat' dir='ltr'><strong>betis,</strong></span> <span class='ocrx_word' id='word_1_121' title='bbox 571 2689 665 2742; x_wconf 87' lang='lat' dir='ltr'><strong>ne</strong></span> <span class='ocrx_word' id='word_1_122' title='bbox 714 2665 1012 2740; x_wconf 85' lang='lat' dir='ltr'><strong>dilectae</strong></span> <span class='ocrx_word' id='word_1_123' title='bbox 1063 2686 1236 2738; x_wconf 82' lang='lat' dir='ltr'><strong>oves</strong></span> <span class='ocrx_word' id='word_1_124' title='bbox 1289 2661 1510 2739; x_wconf 84' lang='lat' dir='ltr'><strong>Vobis</strong></span> <span class='ocrx_word' id='word_1_125' title='bbox 1559 2666 1983 2742; x_wconf 85' lang='lat' dir='ltr'><strong>commissae</strong></span> <span class='ocrx_word' id='word_1_126' title='bbox 2038 2679 2277 2744; x_wconf 84' lang='lat' dir='ltr'><strong>vestra</strong></span> <span class='ocrx_word' id='word_1_127' title='bbox 2312 2672 2429 2744; x_wconf 88' lang='lat' dir='ltr'><strong>in·-</strong></span> 
     </span>
     <span class='ocr_line' id='line_1_21' title="bbox 304 2783 2425 2884; baseline -0.001 -24"><span class='ocrx_word' id='word_1_128' title='bbox 304 2785 500 2860; x_wconf 82' lang='lat' dir='ltr'><strong>curia</strong></span> <span class='ocrx_word' id='word_1_129' title='bbox 547 2785 724 2858; x_wconf 83' lang='lat' dir='ltr'><strong>fiant</strong></span> <span class='ocrx_word' id='word_1_130' title='bbox 777 2784 850 2857; x_wconf 89' lang='lat' dir='ltr'><strong>in</strong></span> <span class='ocrx_word' id='word_1_131' title='bbox 901 2783 1436 2858; x_wconf 84' lang='lat' dir='ltr'><strong>devorationem</strong></span> <span class='ocrx_word' id='word_1_132' title='bbox 1471 2784 1797 2858; x_wconf 88' lang='lat' dir='ltr'><strong>omnium</strong></span> <span class='ocrx_word' id='word_1_133' title='bbox 1820 2785 2213 2860; x_wconf 84' lang='lat' dir='ltr'><strong>bestiarum</strong></span> <span class='ocrx_word' id='word_1_134' title='bbox 2249 2790 2425 2884; x_wconf 74' lang='lat' dir='ltr'><strong>agri.</strong></span> 
     </span>
     <span class='ocr_line' id='line_1_22' title="bbox 302 2901 2433 3001; baseline 0.001 -23"><span class='ocrx_word' id='word_1_135' title='bbox 302 2903 580 3001; x_wconf 79' lang='lat' dir='ltr'><strong>Itaque,</strong></span> <span class='ocrx_word' id='word_1_136' title='bbox 621 2902 892 2978; x_wconf 89' lang='lat' dir='ltr'><strong>Dilecte</strong></span> <span class='ocrx_word' id='word_1_137' title='bbox 931 2901 1064 2975; x_wconf 86' lang='lat' dir='ltr'><strong>Fili</strong></span> <span class='ocrx_word' id='word_1_138' title='bbox 1087 2905 1356 2982; x_wconf 86' lang='lat' dir='ltr'><strong>Noster</strong></span> <span class='ocrx_word' id='word_1_139' title='bbox 1389 2923 1474 2975; x_wconf 86' lang='lat' dir='ltr'><strong>ae</strong></span> <span class='ocrx_word' id='word_1_140' title='bbox 1503 2902 1961 2978; x_wconf 73' lang='lat' dir='ltr'><strong>venerabiles</strong></span> <span class='ocrx_word' id='word_1_141' title='bbox 1999 2903 2309 2991; x_wconf 84' lang='lat' dir='ltr'><strong>Fratres,</strong></span> <span class='ocrx_word' id='word_1_142' title='bbox 2340 2929 2433 2981; x_wconf 89' lang='lat' dir='ltr'><strong>ne</strong></span> 
     </span>
     <span class='ocr_line' id='line_1_23' title="bbox 301 3019 2424 3118; baseline 0 -20"><span class='ocrx_word' id='word_1_143' title='bbox 301 3024 464 3098; x_wconf 86' lang='lat' dir='ltr'><strong>sitis</strong></span> <span class='ocrx_word' id='word_1_144' title='bbox 513 3045 728 3098; x_wconf 84' lang='lat' dir='ltr'><strong>canes</strong></span> <span class='ocrx_word' id='word_1_145' title='bbox 773 3021 958 3096; x_wconf 88' lang='lat' dir='ltr'><strong>muti</strong></span> <span class='ocrx_word' id='word_1_146' title='bbox 1009 3044 1152 3097; x_wconf 87' lang='lat' dir='ltr'><strong>non</strong></span> <span class='ocrx_word' id='word_1_147' title='bbox 1181 3022 1502 3096; x_wconf 87' lang='lat' dir='ltr'><strong>valentes</strong></span> <span class='ocrx_word' id='word_1_148' title='bbox 1551 3021 1841 3107; x_wconf 81' lang='lat' dir='ltr'><strong>latrare,</strong></span> <span class='ocrx_word' id='word_1_149' title='bbox 1886 3019 2013 3095; x_wconf 83' lang='lat' dir='ltr'><strong>sed</strong></span> <span class='ocrx_word' id='word_1_150' title='bbox 2047 3045 2187 3118; x_wconf 89' lang='lat' dir='ltr'><strong>qua</strong></span> <span class='ocrx_word' id='word_1_151' title='bbox 2226 3046 2424 3112; x_wconf 81' lang='lat' dir='ltr'><strong>voce,</strong></span> 
     </span>
     <span class='ocr_line' id='line_1_24' title="bbox 300 3135 2429 3238; baseline 0.001 -26"><span class='ocrx_word' id='word_1_152' title='bbox 300 3162 442 3238; x_wconf 87' lang='lat' dir='ltr'><strong>qua</strong></span> <span class='ocrx_word' id='word_1_153' title='bbox 479 3137 904 3215; x_wconf 81' lang='lat' dir='ltr'><strong>salutaribus</strong></span> <span class='ocrx_word' id='word_1_154' title='bbox 941 3137 1502 3233; x_wconf 86' lang='lat' dir='ltr'><strong>opportunisque</strong></span> <span class='ocrx_word' id='word_1_155' title='bbox 1535 3135 1823 3232; x_wconf 89' lang='lat' dir='ltr'><strong>scriptis</strong></span> <span class='ocrx_word' id='word_1_156' title='bbox 1848 3159 1939 3212; x_wconf 89' lang='lat' dir='ltr'><strong>ne</strong></span> <span class='ocrx_word' id='word_1_157' title='bbox 1968 3141 2265 3214; x_wconf 88' lang='lat' dir='ltr'><strong>cessetis</strong></span> <span class='ocrx_word' id='word_1_158' title='bbox 2298 3144 2429 3215; x_wconf 90' lang='lat' dir='ltr'><strong>ini-</strong></span> 
     </span>
     <span class='ocr_line' id='line_1_25' title="bbox 295 3253 2425 3349; baseline 0.001 -17"><span class='ocrx_word' id='word_1_159' title='bbox 295 3255 646 3332; x_wconf 86' lang='lat' dir='ltr'><strong>micorum</strong></span> <span class='ocrx_word' id='word_1_160' title='bbox 697 3255 1070 3332; x_wconf 83' lang='lat' dir='ltr'><strong>hominum</strong></span> <span class='ocrx_word' id='word_1_161' title='bbox 1125 3253 1412 3329; x_wconf 83' lang='lat' dir='ltr'><strong>insidias</strong></span> <span class='ocrx_word' id='word_1_162' title='bbox 1447 3253 1804 3349; x_wconf 86' lang='lat' dir='ltr'><strong>detegere,</strong></span> <span class='ocrx_word' id='word_1_163' title='bbox 1837 3275 2109 3330; x_wconf 87' lang='lat' dir='ltr'><strong>errores</strong></span> <span class='ocrx_word' id='word_1_164' title='bbox 2146 3257 2425 3334; x_wconf 88' lang='lat' dir='ltr'><strong>refelle-</strong></span> 
     </span>
     <span class='ocr_line' id='line_1_26' title="bbox 301 3369 2427 3467; baseline 0 -17"><span class='ocrx_word' id='word_1_165' title='bbox 301 3393 672 3461; x_wconf 81' lang='lat' dir='ltr'><strong>re,eorum</strong></span> <span class='ocrx_word' id='word_1_166' title='bbox 697 3371 940 3467; x_wconf 83' lang='lat' dir='ltr'><strong>impiis</strong></span> <span class='ocrx_word' id='word_1_167' title='bbox 963 3369 1336 3448; x_wconf 77' lang='lat' dir='ltr'><strong>conatibus</strong></span> <span class='ocrx_word' id='word_1_168' title='bbox 1349 3369 1704 3467; x_wconf 84' lang='lat' dir='ltr'><strong>impavide</strong></span> <span class='ocrx_word' id='word_1_169' title='bbox 1733 3370 2107 3448; x_wconf 83' lang='lat' dir='ltr'><strong>obsistere.</strong></span> <span class='ocrx_word' id='word_1_170' title='bbox 2122 3371 2223 3450; x_wconf 83' lang='lat' dir='ltr'><strong>Ac</strong></span> <span class='ocrx_word' id='word_1_171' title='bbox 2238 3399 2427 3450; x_wconf 90' lang='lat' dir='ltr'><strong>nun-</strong></span> 
     </span>
     <span class='ocr_line' id='line_1_27' title="bbox 301 3488 2427 3590; baseline 0 -23"><span class='ocrx_word' id='word_1_172' title='bbox 301 3513 518 3590; x_wconf 79' lang='lat' dir='ltr'><strong>quam</strong></span> <span class='ocrx_word' id='word_1_173' title='bbox 569 3488 870 3564; x_wconf 79' lang='lat' dir='ltr'><strong>desinite</strong></span> <span class='ocrx_word' id='word_1_174' title='bbox 919 3488 1376 3585; x_wconf 78' lang='lat' dir='ltr'><strong>perniciosos,</strong></span> <span class='ocrx_word' id='word_1_175' title='bbox 1432 3488 1805 3575; x_wconf 83' lang='lat' dir='ltr'><strong>obscenos,</strong></span> <span class='ocrx_word' id='word_1_176' title='bbox 1862 3491 2259 3589; x_wconf 88' lang='lat' dir='ltr'><strong>impiosque</strong></span> <span class='ocrx_word' id='word_1_177' title='bbox 2324 3495 2427 3568; x_wconf 84' lang='lat' dir='ltr'><strong>&#39;li-</strong></span> 
     </span>
     <span class='ocr_line' id='line_1_28' title="bbox 295 3603 2422 3702; baseline 0.001 -18"><span class='ocrx_word' id='word_1_178' title='bbox 295 3607 466 3684; x_wconf 88' lang='lat' dir='ltr'><strong>bros</strong></span> <span class='ocrx_word' id='word_1_179' title='bbox 515 3618 592 3682; x_wconf 85' lang='lat' dir='ltr'><strong>et</strong></span> <span class='ocrx_word' id='word_1_180' title='bbox 643 3605 1136 3702; x_wconf 86' lang='lat' dir='ltr'><strong>ephemerides</strong></span> <span class='ocrx_word' id='word_1_181' title='bbox 1189 3603 1276 3683; x_wconf 83' lang='lat' dir='ltr'><strong>de</strong></span> <span class='ocrx_word' id='word_1_182' title='bbox 1314 3617 1715 3680; x_wconf 85' lang='lat' dir='ltr'><strong>vestrorum</strong></span> <span class='ocrx_word' id='word_1_183' title='bbox 1740 3606 2053 3684; x_wconf 85' lang='lat' dir='ltr'><strong>fidelium</strong></span> <span class='ocrx_word' id='word_1_184' title='bbox 2088 3610 2422 3686; x_wconf 87' lang='lat' dir='ltr'><strong>manibus</strong></span> 
     </span>
     <span class='ocr_line' id='line_1_29' title="bbox 299 3724 2423 3823; baseline 0.004 -22"><span class='ocrx_word' id='word_1_185' title='bbox 299 3727 599 3823; x_wconf 82' lang='lat' dir='ltr'><strong>eripere,</strong></span> <span class='ocrx_word' id='word_1_186' title='bbox 653 3734 730 3798; x_wconf 93' lang='lat' dir='ltr'><strong>et</strong></span> <span class='ocrx_word' id='word_1_187' title='bbox 777 3725 972 3819; x_wconf 85' lang='lat' dir='ltr'><strong>ipsos</strong></span> <span class='ocrx_word' id='word_1_188' title='bbox 1021 3724 1262 3800; x_wconf 83' lang='lat' dir='ltr'><strong>fideles</strong></span> <span class='ocrx_word' id='word_1_189' title='bbox 1313 3747 1604 3800; x_wconf 85' lang='lat' dir='ltr'><strong>monere</strong></span> <span class='ocrx_word' id='word_1_190' title='bbox 1655 3738 1731 3802; x_wconf 88' lang='lat' dir='ltr'><strong>et</strong></span> <span class='ocrx_word' id='word_1_191' title='bbox 1780 3727 2169 3814; x_wconf 84' lang='lat' dir='ltr'><strong>exhortari,</strong></span> <span class='ocrx_word' id='word_1_192' title='bbox 2208 3741 2291 3806; x_wconf 86' lang='lat' dir='ltr'><strong>ut</strong></span> <span class='ocrx_word' id='word_1_193' title='bbox 2342 3731 2423 3809; x_wconf 79' lang='lat' dir='ltr'><strong>in</strong></span> 
     </span>
     <span class='ocr_line' id='line_1_30' title="bbox 296 3841 2419 3944; baseline -0.001 -20"><span class='ocrx_word' id='word_1_194' title='bbox 296 3843 684 3924; x_wconf 71' lang='lat' dir='ltr'><strong>catholicae</strong></span> <span class='ocrx_word' id='word_1_195' title='bbox 733 3841 1088 3938; x_wconf 78' lang='lat' dir='ltr'><strong>religionis</strong></span> <span class='ocrx_word' id='word_1_196' title='bbox 1141 3843 1578 3938; x_wconf 80' lang='lat' dir='ltr'><strong>professione</strong></span> <span class='ocrx_word' id='word_1_197' title='bbox 1627 3845 1949 3942; x_wconf 77' lang='lat' dir='ltr'><strong>quotidie</strong></span> <span class='ocrx_word' id='word_1_198' title='bbox 1981 3847 2209 3944; x_wconf 73' lang='lat' dir='ltr'><strong>magis</strong></span> <span class='ocrx_word' id='word_1_199' title='bbox 2260 3859 2419 3922; x_wconf 87' lang='lat' dir='ltr'><strong>sta-</strong></span> 
     </span>
     <span class='ocr_line' id='line_1_31' title="bbox 295 3959 2408 4061; baseline 0.001 -25"><span class='ocrx_word' id='word_1_200' title='bbox 295 3959 470 4038; x_wconf 85' lang='lat' dir='ltr'><strong>biles</strong></span> <span class='ocrx_word' id='word_1_201' title='bbox 523 3971 599 4036; x_wconf 85' lang='lat' dir='ltr'><strong>et</strong></span> <span class='ocrx_word' id='word_1_202' title='bbox 649 3959 928 4034; x_wconf 88' lang='lat' dir='ltr'><strong>immoti</strong></span> <span class='ocrx_word' id='word_1_203' title='bbox 959 3960 1389 4056; x_wconf 67' lang='lat' dir='ltr'><strong>persistant,</strong></span> <span class='ocrx_word' id='word_1_204' title='bbox 1445 3985 1528 4039; x_wconf 84' lang='lat' dir='ltr'><strong>ac</strong></span> <span class='ocrx_word' id='word_1_205' title='bbox 1577 3985 1945 4060; x_wconf 86' lang='lat' dir='ltr'><strong>nunquam</strong></span> <span class='ocrx_word' id='word_1_206' title='bbox 1996 3985 2074 4038; x_wconf 87' lang='lat' dir='ltr'><strong>se</strong></span> <span class='ocrx_word' id='word_1_207' title='bbox 2152 3963 2408 4061; x_wconf 84' lang='lat' dir='ltr'><strong>decipi,</strong></span> 
     </span>
     <span class='ocr_line' id='line_1_32' title="bbox 297 4078 2411 4176; baseline 0.002 -23"><span class='ocrx_word' id='word_1_208' title='bbox 297 4091 372 4154; x_wconf 90' lang='lat' dir='ltr'><strong>et</strong></span> <span class='ocrx_word' id='word_1_209' title='bbox 449 4081 520 4152; x_wconf 91' lang='lat' dir='ltr'><strong>in</strong></span> <span class='ocrx_word' id='word_1_210' title='bbox 603 4100 914 4152; x_wconf 86' lang='lat' dir='ltr'><strong>errorem</strong></span> <span class='ocrx_word' id='word_1_211' title='bbox 994 4078 1227 4152; x_wconf 90' lang='lat' dir='ltr'><strong>induci</strong></span> <span class='ocrx_word' id='word_1_212' title='bbox 1309 4081 1673 4176; x_wconf 86' lang='lat' dir='ltr'><strong>patiantur</strong></span> <span class='ocrx_word' id='word_1_213' title='bbox 1747 4104 1790 4154; x_wconf 91' lang='lat' dir='ltr'><strong>a</strong></span> <span class='ocrx_word' id='word_1_214' title='bbox 1875 4079 2411 4158; x_wconf 79' lang='lat' dir='ltr'><strong>fabricatoribus</strong></span> 
     </span>
     <span class='ocr_line' id='line_1_33' title="bbox 299 4195 2405 4306; baseline 0.001 -35"><span class='ocrx_word' id='word_1_215' title='bbox 299 4197 646 4272; x_wconf 86' lang='lat' dir='ltr'><strong>mendacii</strong></span> <span class='ocrx_word' id='word_1_216' title='bbox 723 4207 798 4270; x_wconf 87' lang='lat' dir='ltr'><strong>et</strong></span> <span class='ocrx_word' id='word_1_217' title='bbox 882 4217 1412 4306; x_wconf 27' lang='lat' dir='ltr'><strong>perversorum·</strong></span> <span class='ocrx_word' id='word_1_218' title='bbox 1465 4195 1879 4292; x_wconf 70' lang='lat' dir='ltr'><strong>dogmatum</strong></span> <span class='ocrx_word' id='word_1_219' title='bbox 1968 4197 2354 4276; x_wconf 83' lang='lat' dir='ltr'><strong>cultoribus</strong></span> <span class='ocrx_word' id='word_1_220' title='bbox 2388 4257 2405 4274; x_wconf 91' lang='lat'>.</span> 
     </span>
    </p>
   </div>
  </div>
 </body>
</html>
