3317 5267
851 372 1134 584 Zespgtam
1187 508 1314 583 per
1363 484 1783 558 universam
1834 482 2226 566 Ecclesiam
2278 481 2687 578 plenissima
2758 481 2995 557 liber-

848 618 997 682 tate
1047 629 1401 692 exercere,
1457 627 1540 678 ac
1596 603 1851 679 maiori
1904 601 2223 678 ciusdem
2276 599 2639 675 Ecclesiae
2672 655 2691 689 ,
2750 613 2831 676 et
2880 601 2995 673 fi-

848 725 1114 799 delium
1165 723 1380 808 bono,
1435 719 1729 795 utilitati
1756 732 1831 794 et
1857 719 2263 817 indigentiis
2314 718 2980 816 consulere-possit.

875 875 882 885 ·
1005 841 1200 934 Quae
1271 842 1616 916 hactenus
1686 839 2059 912 lamentati
2130 859 2380 912 sumus
2412 888 2433 923 ,
2527 836 2989 912 venerabiles

849 961 1157 1049 Fratres,
1193 962 1598 1036 luctuosum
1635 958 1843 1056 plane
1882 957 2225 1033 exhibent
2262 956 2776 1054 spectaculum.
2808 955 2983 1048 Quis

849 1081 1037 1152 enim
1091 1103 1232 1154 non
1289 1076 1483 1151 videt
1535 1087 1645 1150 tot
1699 1097 2085 1173 pravorum
2118 1076 2537 1173 dogmatum
2572 1075 2981 1172 iniquitate,
3050 1103 3057 1108 ·

855 1222 942 1273 ac
995 1210 1104 1274 tot
1155 1195 1605 1294 nequissimis
1668 1195 2148 1271 deliramentis
2209 1207 2285 1269 et
2344 1193 2983 1271 machinationibus

851 1314 1076 1410 magis
1127 1313 1200 1385 in
1237 1313 1388 1386 dies
1424 1311 1889 1386 christianum
1926 1310 2269 1407 populum
2306 1311 2565 1384 misere
2592 1311 2977 1407 corrumpi,

851 1441 927 1502 et
991 1429 1077 1504 ad
1137 1427 1435 1502 exitium
1501 1427 1834 1524 impelli,
1898 1437 1974 1500 et
2034 1425 2453 1500 catholicam
2518 1425 2915 1500 Ecclesiam
2954 1479 2977 1512 ,

845 1549 1138 1645 eiusque
1188 1546 1568 1620 salutarem
1622 1545 2019 1618 doctrinam
2072 1567 2153 1619 ac
2216 1533 2617 1619 veneranda
2690 1545 2847 1618 iura
2908 1557 2981 1620 ct

841 1665 1034 1762 leges
1064 1715 1084 1753 ,
1159 1685 1533 1760 sacrosque
1605 1662 1969 1736 ministros
2040 1662 2435 1760 oppugnari
2464 1714 2484 1750 ,
2560 1672 2635 1735 et
2730 1661 2979 1738 iccirco

843 1785 1080 1861 omnia
1132 1783 1304 1857 vitia
1357 1793 1432 1856 et
1483 1781 1745 1857 scelera
1796 1781 2231 1856 invalescere
2288 1805 2376 1856 ac
2436 1783 2843 1878 propagari,
2906 1793 2979 1856 et

847 1903 1074 2000 ipsam
1125 1898 1406 1974 civilem
1459 1900 1873 1974 societatem
1929 1899 2271 1994 exagitari
2306 1894 2347 1970 ἰ)

1004 2016 1146 2091 Nos
1182 2017 1424 2113 itaque
1466 2014 1848 2113 Apostolici
1885 2014 2125 2090 Nostri
2162 2014 2539 2089 ministerii
2578 2015 2799 2112 probe
2838 2039 2983 2092 me·

847 2155 1106 2222 mores,
1163 2155 1246 2206 ac
1297 2133 1387 2206 dc
1437 2131 1787 2228 spirituali
1842 2131 2161 2207 omnium
2216 2131 2639 2229 populorum
2676 2131 2872 2209 bono
2906 2145 2981 2208 et

845 2251 1072 2326 salute
1125 2249 1342 2325 Nobis
1393 2249 1734 2324 divinitus
1783 2249 2169 2325 commissa
2230 2251 2342 2323 vel
2408 2251 2719 2325 maxime
2782 2251 2979 2326 solli-

849 2369 999 2456 citi,
1054 2389 1217 2442 cum
1279 2393 1312 2438 «
1347 2367 1550 2441 aliter
1589 2390 1622 2434 η
1682 2377 1765 2440 ut
1816 2367 2247 2440 sanctissimi
2299 2366 2689 2450 decessoris
2738 2367 2982 2443 Nostri

843 2483 1100 2560 Leonis
1155 2481 1390 2558 verbis
1439 2496 1729 2557 utamur
1760 2509 1793 2553 α
1837 2481 2053 2558 Nobis
2089 2485 2507 2562 commissos
2551 2507 2797 2582 regere
2832 2507 2979 2562 non

853 2627 886 2672 n
947 2603 1328 2698 possimuS‚
1385 2599 1520 2672 nisi
1572 2599 1733 2685 hos,
1788 2599 1911 2696 qui
1948 2611 2118 2674 sunt
2151 2603 2548 2699 perditores
2586 2614 2662 2676 et
2690 2603 2977 2699 perditi,

852 2747 886 2790 ι)
947 2719 1098 2793 zelo
1151 2716 1311 2792 fidei
1348 2713 1759 2790 Dominicae
1796 2739 2336 2816 persequamur,
2374 2730 2451 2793 et
2484 2743 2528 2792 a
2562 2719 2754 2793 sanis
2784 2741 2981 2793 men·

740 2844 817 2884 *κ
852 2859 886 2906 »
947 2833 1164 2920 tibus,
1231 2855 1321 2906 ne
1383 2831 1606 2928 pestis
1668 2831 1845 2906 haec
1906 2832 2123 2907 latius
2190 2835 2617 2932 divulgetur,
2692 2835 2979 2909 severi-

854 2977 889 3023 n
951 2961 1126 3039 tate,
1192 2972 1334 3047 qua
1402 2948 1806 3045 possumus,
1870 2948 2363 3026 abscindamus
2432 2977 2467 3022 n
2502 2949 2631 3052 (1),
2696 2953 2770 3024 in
2842 2951 2979 3026 hoc

847 3069 1288 3166 amplissimo
1349 3066 1606 3144 Vestro
1672 3091 2011 3143 consessu
2086 3069 2569 3166 Apostolicam
2639 3068 2977 3144 Nostram

845 3185 1256 3262 attollentes
1310 3206 1556 3259 vocem
1609 3209 1859 3260 omnes
1910 3198 2504 3261 commemoratos
2554 3189 2975 3282 praesertim

844 3327 1118 3379 errores
1171 3325 1314 3378 non
1369 3303 1598 3376 solum
1651 3303 2037 3378 catholicae
2085 3305 2247 3379 fidei
2302 3327 2385 3378 ac
2436 3305 2827 3394 doctrinae,
2864 3306 2978 3379 di-

846 3422 1030 3495 vinis
1103 3421 1737 3518 ecclesiasticisque
1806 3421 2105 3519 legibuS,
2198 3445 2447 3497 verum
2534 3423 2755 3498 etiam
2838 3424 2973 3520 ipsi

847 3538 1324 3634 sempiternae
1374 3558 1458 3610 ac
1510 3537 1811 3610 naturali
1862 3537 1997 3633 legi
2052 3551 2127 3612 et
2188 3537 2525 3627 iustitiae,
2592 3549 2973 3637 rectaeque

842 3655 1099 3729 rationi
1151 3653 1438 3728 omnino
1491 3663 1965 3751 repugnantes
2018 3667 2091 3730 et
2148 3677 2599 3753 summopere
2638 3657 2969 3730 adversos

843 3771 1332 3870 reprobamus,
1385 3769 1887 3865 proscribimus
1938 3781 2156 3868 atque
2208 3772 2658 3847 damnamus.

996 3889 1142 3964 Vos
1201 3901 1470 3975 autem,
1535 3886 1988 3964 venerabiles
2050 3885 2360 3978 Fratres,
2426 3890 2549 3986 qui
2622 3889 2793 3964 estis
2864 3889 2973 3964 sal

1013 4147 1092 4230 (1)
1137 4147 1328 4232 Epist.
1377 4147 1474 4219 Vll
1521 4147 1596 4213 ad
1637 4147 1839 4230 Episc.
1884 4165 1993 4230 per
2034 4147 2164 4214 Ital.
2212 4167 2267 4212 c.
2312 4151 2351 4213 2
2392 4147 2549 4214 Edit.
2595 4146 2810 4214 Bauer.
