3317 5267
892 454 1107 641 {gr-(zia
1168 560 1483 657 ejusdem
1549 558 1790 632 floreni
1861 569 2058 653 parte
2123 560 2194 631 in
2265 556 2492 635 Libris
2572 560 3018 659 Apostolicae

886 680 1229 757 Gamerae
1287 676 1605 771 sacrique
1663 670 1950 770 Collegii
2019 675 2108 747 de
2145 698 2359 772 ,more
2417 676 2960 753 inscribendam.

1044 796 1239 887 Quae
1292 818 1333 867 a
1396 778 1621 868 Nobis
1670 792 1867 888 jussa
1929 804 2144 890 atque
2213 794 2510 883 sancita,
2577 810 2658 873 ut
2717 798 3018 873 sollicite

891 916 1195 991 fideliter
1256 912 1766 1007 diligenterque
1831 912 2316 1000 conficiantur,
2391 927 2605 1011 atque
2675 938 3016 1013 exequu—

890 1034 1071 1109 tioni
1125 1031 1553 1105 mandentur
1636 1030 2035 1125 specialiter
2113 1030 2534 1127 deputamus
2609 1031 3016 1107 Venerabi—

886 1152 1027 1225 lem
1084 1148 1407 1222 Fratrem
1464 1146 1846 1242 losephum
1911 1146 2402 1222 Sebastianum
2468 1148 2803 1224 Limanae
2853 1149 3016 1225 Ee·-

884 1271 1141 1344 clesiae
1232 1264 1816 1361 Metropolitanae
1909 1264 2322 1339 Antistitem
2413 1290 2578 1342 cum
2674 1250 3014 1341 facultate

880 1401 957 1460 et
1010 1396 1365 1482 potestate
1426 1384 1513 1457 ad
1554 1381 1714 1457 ·hoc
1778 1384 2270 1458 tantummodo
2333 1406 2513 1481 opus
2577 1383 3008 1479 explendum

881 1499 1381 1597 subdelegandi
1426 1522 1555 1572 seu
1605 1499 1970 1595 delegandi
2025 1501 2352 1574 idoneum
2410 1500 2850 1599 probumque
2881 1499 3010 1573 vi-

886 1644 1042 1695 rum
1106 1622 1178 1691 in
1234 1616 1732 1691 Ecclesiastica
1784 1618 2128 1713 dignitate
2179 1620 2646 1695 constitutum
2685 1641 2850 1695 cum
2879 1642 3012 1693 ne-

885 1726 1205 1814 ces'sariis
1270 1750 1344 1809 et
1406 1737 1822 1832 opportunis
1883 1736 2335 1813 facultatibus
2399 1738 2856 1837 quibuslibet,
2923 1751 3008 1811 ut

886 1862 1191 1955 ipsemet
1244 1855 1608 1951 delegatus
1665 1878 1792 1950 per
1845 1878 1918 1929 se
1974 1856 2085 1929 vel
2139 1880 2266 1952 per
2317 1880 2526 1931 suum
2587 1856 3012 1954 subdelega-

886 1992 1039 2051 tum
1104 1998 1186 2049 ea
1250 1972 1493 2047 omnia
1552 1984 1627 2045 ct
1690 1972 1962 2069 singula
2017 1974 2366 2061 ordinare,
2405 1986 2746 2059 statuere,
2787 1986 3006 2073 atque

876 2102 1099 2175 etiam
1174 2096 1561 2184 definitive,
1636 2096 1830 2171 omni
1887 2108 1961 2169 et
2011 2118 2458 2194 quacumque
2533 2096 3008 2193 appellatione

884 2229 1161 2292 remota
1200 2268 1223 2302 ‚
1296 2214 1525 2287 valeat
1586 2236 1769 2310 quae
1831 2212 2224 2308 oportuerit
2285 2215 2372 2287 ad
2436 2214 2570 2287 hoc
2635 2216 3002 2311 negotium

878 2336 1013 2408 rite
1074 2332 1587 2409 conficiendum
1649 2332 2024 2405 decernere
2085 2331 2518 2429 feliciterque
2579 2333 2668 2407 ad
2723 2334 3004 2407 exitum

880 2464 1207 2549 optatum
1273 2449 1691 2546 perducere3
1756 2448 2204 2546 injungentes
2266 2449 2496 2524 eidem
2559 2450 3004 2548 Exequutori

876 2571 1135 2645 Nostro
1185 2581 1268 2643 ut
1319 2570 1505 2641 intra
1560 2590 1688 2641 sex
1744 2590 2024 2641 menses
2077 2568 2166 2641 ab
2187 2569 2484 2665 expleta
2521 2570 2776 2643 harum
2807 2570 3002 2666 Apo-

873 2687 1278 2763 stolicarum
1368 2682 1798 2757 Litterarum
1875 2686 2350 2783 exequutione
2435 2686 2504 2759 in
2587 2686 3000 2761 authentica

874 2808 1103 2882 forma
1153 2804 1417 2880 decreti
1484 2805 2038 2901 exequutorialis
2099 2807 2488 2903 exemplar,
2553 2807 2992 2902 aliorumque

876 2923 1295 3023 quorumvis
1324 2972 1345 3005 ,
1403 2942 1585 3015 quae
1642 2944 1859 3016 super
1911 2924 2268 2997 erectione
2331 2924 2495 2998 novi
2559 2924 2772 3019 hujus
2833 2920 2996 2995 Pu-

878 3044 1141 3117 niensis
1206 3038 1674 3134 Episcopatus
1741 3036 2004 3111 fuerint
2075 3016 2524 3137 quocumque
2597 3040 2810 3114 modo
2869 3038 2992 3112 fe-

874 3162 1113 3237 renda.
1740 3155 1749 3165 '

1026 3278 1449 3353 Praesente-s
1505 3301 1788 3376 quoque
1855 3274 2160 3351 Litteras
2206 3264 2294 3350 'et
2353 3278 2422 3350 in
2489 3276 2590 3350 eis
2653 3286 2992 3349 contenta

790 3478 799 3487 ,
872 3420 1359 3495 quaecumque
1412 3419 1694 3491 semper
1748 3406 1822 3469 et
1873 3406 2215 3490 perpetuo
2279 3393 2542 3468 validas
2605 3405 2680 3467 et
2739 3390 2994 3467 efficass-

870 3540 985 3591 ces
1039 3517 1343 3590 existere
1406 3530 1479 3589 et
1542 3514 1721 3601 fore,
1789 3537 2098 3610 suosque
2147 3513 2496 3610 plenarios
2549 3525 2622 3586 ct
2675 3514 2990 3609 integros

867 3633 1159 3709 effectus
1224 3633 1457 3707 sortiri
1520 3644 1594 3707 et
1654 3632 2002 3721 obtinere,
2065 3644 2278 3727 atque
2339 3630 2430 3703 ab
2499 3630 2829 3705 omnibus
2899 3632 2988 3704 ad

864 3778 1044 3852 quos
1096 3764 1373 3849 spectat
1428 3750 1924 3826 inviolabiliter
1977 3748 2362 3837 observari3
2415 3750 2656 3847 sicque
2707 3763 2784 3823 et
2843 3772 2988 3823 non

862 3874 1033 3947 alias
1088 3896 1212 3968 per
1263 3894 1745 3968 quoscumque
1811 3870 2080 3944 ludices
2145 3870 2534 3945 ordinarios
2599 3868 2712 3943 vel
2773 3867 2972 3943 dele-

862 4007 1063 4088 gatos
1114 3990 1364 4087 quavis
1416 3989 1836 4064 auctoritate
1890 3988 2266 4085 fungentes
2326 3988 2546 4061 etiam
2607 4008 2982 4061 causarum

864 4110 1113 4183 Palatii
1168 4108 1550 4205 Apostolici
1608 4106 1976 4182 Auditores
2029 4133 2110 4183 ac
2165 4110 2237 4181 S.
2299 4108 2388 4181 R.
2443 4106 2529 4181 E.
2575 4104 2980 4181 Cardinales

848 4227 1067 4300 etiam
1123 4226 1210 4298 de
1262 4224 1479 4297 latere
1536 4223 1862 4321 Legum&
1907 4223 2073 4299 Vice
2111 4224 2381 4322 legatos
2419 4224 2785 4322 dictaeque
2835 4224 2980 4298 Se-
