3317 5267
2261 440 2405 515 887
2511 518 2520 525 ,

295 575 523 655 usque
593 552 683 631 ab
744 575 929 633 anno
1004 552 1287 635 Domini
1364 559 1738 636 millesimo
1817 560 2408 657 octingentesimo

290 677 877 774 quinquagesimo
927 680 1139 755 tertio
1196 680 1383 755 ultro
1418 681 1854 777 libenterque
1890 678 2144 755 oblatis
2181 674 2396 773 atque

294 794 585 867 sancitis
664 794 1111 891 infrascripto
1208 794 1611 894 Apostolico
1663 796 2100 894 Exequutori
2151 794 2408 892 injun*

298 922 573 1003 gentes,
631 922 711 984 ut
760 914 913 1007 ipse
964 914 1519 1009 congruentibus
1571 935 1738 987 cum
1809 914 2056 987 eodem
2135 910 2412 984 Guber-

300 1026 421 1100 nio
472 1027 802 1103 adhibitis
856 1030 1164 1105 consiliis
1233 1042 1309 1103 et
1368 1042 1952 1127 argumentorum
2033 1028 2414 1103 momentis

298 1146 551 1237 eodem
602 1146 749 1223 fere
800 1150 1085 1225 modulo
1120 1164 1215 1225 et
1264 1153 1539 1224 ratione
1592 1150 1887 1247 provide
1963 1160 2232 1222 statuat
2303 1158 2415 1218 at·-

298 1286 439 1359 que
464 1278 873 1361 componat.
905 1266 1183 1341 Interea
1212 1282 1455 1339 tamen
1491 1262 2146 1361 temporis,·habita
2181 1284 2416 1336 rerum

301 1380 575 1455 ratione
640 1404 871 1479 neque
907 1385 1107 1479 parvi
1162 1384 1505 1459 momenti
1544 1383 2270 1466 circumstantiarum,
2307 1381 2420 1451 in·-

298 1496 699 1593 dulgemuffl
744 1512 827 1572 ut
862 1522 1051 1574 nunc
1104 1498 1475 1575 Puniensis
1500 1500 1770 1575 -Mensa
1819 1522 2102 1596 quoque
2149 1498 2420 1573 consti·-

302 1626 544 1687 tuatur
594 1614 669 1687 in
722 1620 1128 1692 numerario
1179 1640 1309 1691 seu
1362 1620 1435 1690 in
1488 1614 1925 1691 numeranda
1995 1616 2294 1713 pecunia
2347 1614 2422 1683 in

303 1730 479 1805 duas
530 1734 891 1829 portiones
928 1735 1305 1832 quotannis
1340 1736 1712 1810 dividenda
1739 1748 1954 1832 atque
1987 1734 2286 1807 fideliter
2311 1732 2422 1804 di-

286 1848 743 1947 ·ligenterque
770 1875 811 1924 a
848 1850 1204 1927 Gubernio
1240 1854 1730 1951 persolvenda,
1761 1875 2018 1949 nempe
2043 1853 2158 1925 die
2197 1851 2424 1947 prima

292 1967 603 2063 januarii
652 1982 727 2043 et
774 1971 885 2044 die
939 1973 1169 2067 prima
1208 1968 1362 2069 julii
1414 1996 1847 2070 unoquoque
1899 1994 2088 2045 anno
2129 2022 2151 2058 ,
2205 1970 2440 2067 idque·

302 2087 807 2182 praestandum
858 2091 997 2161 erit
1044 2091 1267 2164 donec
1322 2102 1433 2163 tot
1506 2091 1961 2165 stabiliantur
2031 2088 2218 2165 bona
2279 2110 2426 2162 non

299 2204 653 2278 minorem
704 2206 1059 2281 redditum
1135 2208 1467 2309 habentia
1509 2262 1532 2295 ,
1586 2232 1771 2307 quae
1822 2210 2032 2305 pleno
2109 2207 2422 2283 dominio

300 2318 741 2419 Episcopalis
768 2322 1049 2399 Mensae
1086 2327 1291 2423 plene
1342 2327 1700 2424 libereque
1753 2327 2170 2401 subdantur.
2227 2326 2425 2399 Idem

306 2440 597 2535 insuper
646 2438 1021 2516 Puniensis
1074 2442 1391 2517 Antistes
1462 2443 1688 2519 libero
1739 2444 2138 2540 efficacique
2175 2502 2180 2507 .
2213 2442 2426 2517 modo

238 2574 247 2581 ·
306 2556 541 2631 valeat
590 2560 799 2633 sicuti
888 2561 1105 2635 ceteri
1179 2559 1615 2635 Peruvianae
1669 2560 1971 2635 Ditionis
2053 2558 2429 2631 Antistites

306 2674 444 2748 sihi
497 2690 850 2772 quartam,
907 2678 1013 2750 uti
1066 2677 1291 2773 ajunt,
1348 2676 1842 2775 Episcopalem
1897 2700 1938 2750 a
1989 2678 2144 2749 suis
2212 2674 2430 2747 Paro-

304 2794 463 2899 chis
516 2796 825 2893 recipere
876 2820 1019 2871 non
1074 2796 1303 2871 solum
1346 2850 1365 2883 ,
1424 2798 1547 2871 sed
1600 2822 1724 2873 eos
1787 2820 2066 2893 quoque
2120 2802 2432 2891 proven-—

310 2922 459 2999 tus,
495 2914 617 3010 qui
650 2912 1093 2987 tricesimam
1120 2915 1510 3011 appellant,
1549 2916 1826 3010 piarum
1865 2913 2429 3009 impositionum‚

308 3052 593 3118 censuS,
650 3042 875 3128 atque
926 3032 1165 3105 omnia
1202 3052 1295 3101 ea.
1360 3024 1811 3127 Episcopalia
1885 3029 2430 3111 emolumenta,

306 3170 493 3245 quae
545 3148 618 3221 in
671 3146 807 3221 illis
864 3145 1279 3244 regionibus
1324 3156 1666 3221 consueta
1719 3156 1910 3219 sunt.
2411 3172 2418 3179 ·

469 3264 765 3337 Interim
822 3263 1309 3358 maximopere
1360 3262 1579 3337 Nobis
1630 3262 1826 3336 cordi
1879 3271 2096 3347 esset,
2135 3254 2438 3333 ut.illico

312 3392 391 3454 et
442 3382 849 3455 immediate
903 3380 1103 3454 ‚haec
1154 3403 1343 3455 nova
1396 3378 1833 3453 Cathedralis
1913 3378 2228 3453 Ecclesia
2305 3400 2434 3451 suo

318 3494 675 3571 frueretur
708 3496 1121 3572 condecenti
1159 3495 1672 3571 Canonicorum
1711 3492 2054 3591 Capitulo.
2087 3516 2253 3569 cum.
2277 3516 2440 3593 con·

319 3614 637 3687 venienti
688 3613 1275 3711 Cappellanorum
1304 3636 1433 3689 seu
1457 3612 2044 3689 Beneficiatorum
2111 3634 2443 3693 numero:⁴

313 3734 443 3806 sed
494 3756 657 3807 cum
713 3734 899 3807 inter
948 3732 1117 3807 alias
1198 3732 1643 3807 difficultates
1697 3734 1784 3807 ad
1861 3732 2020 3807 hoc.
2073 3722 2440 3828 negotium

318 3850 803 3945 peragendum
891 3850 1175 3924 accedat
1254 3852 1553 3947 exiguus
1634 3848 2226 3947 Presbyter-orum
2302 3870 2442 3919 nu·-

318 3986 561 4039 merus
613 3990 741 4041 seu
792 3968 1031 4063 potius
1085 3966 1403 4062 penuria,
1466 3967 1796 4042 volumus
1875 3979 2090 4064 atque
2145 3966 2439 4039 manda-

324 4102 511 4169 mua,
568 4094 650 4156 ut
702 4106 925 4181 usque
974 4085 1061 4159 ad
1114 4082 1517 4179 hujusmodi
1601 4082 1908 4180 Capituli
1986 4082 2438 4161 constitutio-
