3317 5267
843 432 988 503 330

997 544 1380 641 Propterea
1419 544 1792 639 templum,
1834 544 2021 642 quod
2058 543 2504 643 infrascripto
2546 524 2957 642 Apostolico

840 659 1180 758 Delegato
1231 661 1302 732 in
1357 659 1426 733 id
1479 660 1751 755 negocii
1802 660 2201 756 specialiter
2248 661 2657 758 deputando
2717 664 2963 765 visum

839 777 1054 852 fuerit
1089 778 1226 850 illic
1261 777 1793 851 convenientius
1850 788 2235 872 praestare,
2291 790 2367 850 et
2418 777 2507 849 ab
2558 778 2715 875 ipso
2776 802 2961 875 pru-

843 896 1038 971 denti
1071 895 1224 990 eJ'us
1261 894 1551 969 arbitrio
1603 896 1815 992 seliga
1828 906 1939 968 tur
1990 897 2109 970 ade
2133 892 2489 971 Ecclesiae
2540 896 2961 993 Metropoli-

841 1026 1046 1089 tanae
1107 1013 1464 1110 fastigium
1536 1016 1691 1111 pari
1763 1015 2165 1111 Apostolioa
2236 1018 2657 1091 anctoritate
2728 1016 2953 1092 etiam

837 1116 1180 1229 perpetuo
1239 1130 1653 1216 attollimuS,
1721 1132 1819 1203 ita
1882 1142 1967 1205 ut
2038 1130 2349 1206 Ecclesia
2402 1133 2555 1229 ipsa
2617 1133 2957 1207 eumdem

841 1249 1126 1322 titulum
1179 1270 1306 1321 seu
1359 1248 1881 1323 invocationem
1934 1272 2015 1323 ac
2067 1250 2394 1323 eamdem
2432 1272 2649 1346 quam
2686 1250 2957 1325 habere

837 1366 1200 1461 contingat
1236 1366 1840 1462 parochialitatem
1868 1368 2405 1464 animarumque
2432 1390 2675 1444 curam
2710 1370 2953 1442 conti-

839 1506 982 1555 nuo
1017 1482 1121 1555 uti
1152 1482 1329 1578 juris
1355 1496 1430 1555 et
1457 1483 1675 1557 moris
1713 1492 1825 1555 est
1859 1484 2329 1558 exercendam
2358 1485 2691 1580 deinceps
2728 1484 2951 1557 etiam

842 1611 1204 1673 servatura
1255 1600 1377 1685 sit,
1429 1624 1514 1673 ac
1566 1600 1639 1671 in
1696 1622 1779 1673 ea
1832 1614 2155 1674 actutum
2190 1601 2527 1697 erigatur,
2568 1611 2957 1697 perpetuo—

841 1740 980 1814 que
1029 1716 1504 1792 constituatur
1531 1716 1779 1803 Sedes,
1812 1715 2161 1792 Cathedra
2200 1727 2275 1791 et
2314 1718 2951 1815 Archiepiscopalis

843 1832 1158 1929 Dignitas
1210 1833 1719 1931 Metropolitica
1769 1858 1897 1932 pro
1950 1859 2091 1911 uno
2144 1836 2299 1930 ejus
2352 1835 2703 1912 ordinario
2740 1836 2949 1909 Anti-

839 1953 1006 2026 stite
1042 1950 1298 2027 Portus
1333 1949 1683 2049 Principis
1727 1953 2226 2050 nuncupando,
2267 1954 2389 2050 qui
2418 1955 2652 2028 eidem
2679 1954 2951 2029 Metro-

841 2068 1192 2163 politanae
1217 2065 1576 2142 Ecclesiae
1602 2070 1898 2156 civitati,
1931 2066 2276 2157 Dioecesi‚
2318 2066 2523 2143 Clero
2562 2080 2643 2143 et
2680 2067 2949 2165 Populo

839 2188 1126 2281 praesit,
1180 2182 1578 2283 cooptando
1617 2186 1751 2261 sibi
1788 2212 1919 2263 suo
1970 2187 2197 2263 lubitu
2250 2188 2323 2260 in
2380 2188 2563 2262 illius
2596 2186 2944 2284 regimine

783 2360 789 2369 -
829 2315 908 2381 et
929 2306 1544 2381 administratione
1583 2304 1932 2382 Vicarium
1960 2306 2405 2395 Generalem,
2434 2307 2545 2382 cui
2574 2329 2803 2381 unum
2834 2305 2947 2379 vel

835 2424 1051 2495 etiam
1102 2424 1404 2497 alterum
1457 2425 1923 2521 superaddere
1964 2428 2029 2499 ei
2082 2424 2189 2499 fas
2240 2426 2401 2513 erit,
2442 2425 2503 2499 si
2538 2448 2671 2521 pro
2724 2424 2945 2499 nimia

717 2568 722 2575 ·
835 2543 1150 2619 locorum
1184 2544 1370 2617 inter
1395 2564 1474 2616 se
1509 2544 1919 2620 dissitorum
1960 2546 2470 2642 longinquitate
2506 2544 2948 2641 aliarumque

834 2662 1522 2735 circumstantiarum
1561 2662 1909 2757 gravitate
1946 2663 2013 2735 id
2052 2664 2235 2737 ratio
2272 2664 2593 2737 videatur
2628 2682 2947 2735 neeessa—

834 2780 937 2855 rio
999 2780 1383 2877 postulare,
1441 2782 1755 2878 itemque
1800 2780 2235 2877 Religionem
2274 2779 2711 2857 Catholicam
2748 2777 2943 2875 Apo-

833 2898 1153 2973 stolicam
1211 2896 1608 2972 Romanam
1663 2899 1735 2971 in
1774 2909 1925 2973 tota
1960 2897 2243 2972 Haitani
2274 2895 2611 2971 Gubernii
2650 2896 2941 2984 ditione,

832 3040 959 3093 ceu
987 3018 1202 3091 etiam
1233 3017 1300 3089 in
1343 2982 2209 3113 praedicta-Conventione
2238 3019 2561 3094 consulto
2588 3020 2945 3093 sancitum

833 3148 969 3222 est,
1025 3134 1232 3231 plane
1285 3146 1550 3207 sartam
1605 3148 2013 3233 tectamque
2062 3158 2347 3209 servaro
2398 3146 2600 3211 curet
2650 3136 2737 3209 iis
2772 3156 2939 3210 cum

825 3250 1100 3347 juribus
1152 3262 1225 3324 et
1276 3252 1811 3347 praerogativis,
1852 3251 2111 3348 quibus
2166 3274 2258 3325 ex
2313 3249 2440 3325 Dei
2490 3252 2943 3327 ordinatione

829 3393 911 3444 ac
933 3368 1306 3443 Sacrorum
1335 3367 1707 3443 Canonum
1728 3370 2213 3445 sanctionibus
2240 3368 2371 3473 frui
2405 3370 2645 3459 dehet,
2670 3371 2937 3469 quique

830 3486 1164 3559 nimirum
1201 3484 1378 3559 liber
1409 3488 1528 3572 sit,
1571 3489 1740 3583 quin
1780 3488 1869 3560 ab
1902 3488 2045 3561 ullo
2072 3510 2385 3585 unquam
2424 3486 2677 3585 quovis
2714 3487 2933 3563 titulo

831 3603 1152 3700 impediri
1187 3604 1412 3698 possit
1444 3624 1573 3699 pro
1609 3604 2263 3679 Ecclesiasticarum
2303 3605 2561 3680 rerum'
2592 3605 2937 3679 exercitio

826 3746 908 3799 ac
944 3724 1162 3796 etiam
1198 3745 1324 3818 pro
1349 3744 1520 3797 suae
1549 3716 1903 3799 Dioecesis
1936 3725 2281 3819 regimine
2308 3724 2379 3817 in
2413 3722 2769 3800 vicarium
2791 3722 2936 3798 „Ge-

828 3841 1166 3923 neralem,
1205 3842 1278 3912 in
1315 3843 1751 3917 consiliarios
1778 3853 1853 3915 et
1876 3842 1948 3913 in
1986 3842 2349 3937 adjutores
2386 3842 2669 3939 eligere,
2712 3856 2787 3917 et
2824 3844 2939 3915 in-

827 3964 1122 4037 stituere
1177 3984 1300 4036 eos
1349 3973 1701 4061 quotquot
1760 3961 2291 4039 Ecclesiasticos
2344 3965 2561 4053 vir-oa,
2619 3986 2795 4061 quos
2848 3963 2937 4035 ad

743 4116 748 4121 ·
824 4079 1226 4153 huiusmodi
1263 4078 1486 4154 officia
1525 4090 1959 4177 opportunos
2012 4081 2437 4179 idoneosque
2484 4080 2927 4178 judicaverit,

823 4199 914 4272 ad
969 4198 1372 4273 Clericalem
1429 4212 1695 4275 statum
1750 4201 2123 4278 admittere
2176 4218 2390 4301 atque
2442 4206 2617 4279 adeo
2668 4226 2759 4278 ex
2802 4226 2935 4302 ap-
