3317 5267
830 413 978 486 506

828 529 1009 601 riam
1059 527 1362 604 feliciter
1415 527 1767 625 pervenit.
1830 524 2184 600 oriundus
2238 549 2329 600 ex
2380 547 2601 624 regno
2662 526 2951 626 Bigensi

827 662 1078 722 nactus
1128 663 1282 723 erat
1331 659 1663 746 parentes
1715 645 2035 720 ethnicos
2068 693 2090 732 ,
2146 669 2204 718 a.
2270 643 2527 741 quibus
2604 647 2959 724 idolorum

824 766 1100 840 cultum
1133 779 1210 841 et
1244 766 1767 865 superstitionis
1804 787 2077 839 errores
2112 761 2397 837 imbibit
2428 787 2445 834 ε
2506 786 2755 838 verum
2786 789 2957 863 gra-

831 885 930 956 tia
1009 880 1136 957 Dei
1207 897 1671 981 praeventus·
1722 894 1799 956 et
1848 905 1891 954 a
1966 882 2215 978 primis
2285 883 2515 956 sancti
2594 881 2955 958 Francisci

827 997 1116 1076 Xaverii
1167 1001 1374 1076 sociis
1407 1024 1608 1076 sacro
1645 998 1843 1074 fonte
1880 1000 2211 1096 expiatus
2246 999 2787 1072 matrimonium
2822 1024 2957 1076 suo

831 1129 1155 1214 tempore
1201 1119 1364 1192 iniit
1414 1141 1576 1192 cum
1629 1117 1927 1214 conjuge
1980 1117 2391 1202 christiana,
2446 1137 2663 1212 quam
2698 1119 2791 1191 ad
2816 1141 2959 1193 su·-

832 1235 1324 1331 perstitionem
1377 1235 1592 1331 impie
1643 1255 2012 1308 reversam
2066 1245 2141 1307 et
2192 1233 2271 1306 in
2320 1255 2559 1307 errore
2620 1235 2959 1331 pertina-

829 1373 988 1426 cem
1037 1353 1307 1426 dimisit
1353 1351 1541 1427 facto
1593 1353 1911 1448 legitimo
1958 1350 2289 1438 divortio,
2366 1363 2597 1448 atque.
2610 1353 2709 1424 ita
2760 1377 2957 1428 con-

826 1468 1004 1564 jugii
1056 1469 1350 1544 vinculis
1403 1470 1775 1566 expeditus
1846 1491 1927 1542 se
1990 1477 2225 1543 totum
2280 1465 2429 1542 Deo
2480 1491 2564 1542 ac
2614 1468 2960 1544 Societati

837 1586 1058 1662 dedit.
1112 1585 1290 1660 Erat
1341 1589 1414 1660 in
1483 1585 1744 1660 litteris⁴
1796 1596 1877 1659 et
1924 1585 2449 1661 characteribus
2504 1584 2801 1683 iaponiis
2836 1611 2963 1662 sa-

837 1704 932 1779 tis
983 1704 1328 1792 eruditus,
1367 1716 1442 1779 et
1477 1705 1667 1779 inter
1700 1703 2128 1780 catechistas
2164 1704 2517 1780 admissus
2572 1727 2727 1780 rem
2762 1706 2961 1780 chri-

835 1823 1142 1898 stianam
1195 1823 1471 1897 traditis
1521 1824 1773 1921 primis
1796 1821 1957 1898 fidei
2008 1824 2405 1921 praeceptis
2440 1823 2679 1920 plures
2732 1847 2961 1900 annos

835 1961 1118 2014 summo
1171 1939 1406 2016 studio
1453 1964 1536 2014 ac
1595 1940 1953 2036 diligentia
2008 1940 2369 2036 promovit
2447 1940 2716 2037 ingenti
2799 1941 2961 2014 ani-

835 2079 1118 2132 marum
1169 2056 1428 2133 fructu.
1471 2059 1610 2135 Sed
1647 2083 1789 2156 qua
1816 2069 1971 2134 erat
2006 2057 2410 2134 humilitate
2446 2057 2771 2154 insignis,
2810 2081 2959 2136 non

833 2172 1345 2271 dedignabatur
1375 2175 1536 2249 vilia
1567 2175 1763 2250 domi
1798 2175 2195 2248 ministeria
2246 2173 2468 2260 obire,
2498 2173 2965 2272 hospitesque

833 2304 910 2368 et
961 2292 1270 2366 advenas
1323 2293 1409 2367 ad
1461 2292 1758 2387 januam
1812 2291 2203 2366 subeuntes
2240 2291 2645 2366 admittere.
2688 2289 2964 2388 Myste-

840 2410 946 2484 ria
997 2407 1259 2484 Christi
1295 2411 1630 2505 patientis
1666 2408 2023 2484 recolebat
2054 2407 2415 2503 frequens,
2454 2429 2687 2504 neque
2732 2407 2959 2482 ullum

843 2527 1365 2602 intermittebat
1412 2529 1626 2616 diem,
1668 2530 1839 2626 quin
1890 2528 2007 2600 illa
2082 2537 2283 2624 grato
2334 2539 2409 2602 et
2460 2527 2763 2604 memori
2798 2529 2960 2602 ani-

840 2671 966 2724 mo
1019 2657 1384 2722 tractaret.
1439 2647 1622 2721 Eam
1674 2647 1767 2723 ob
1814 2671 1969 2722 rem
2003 2647 2323 2721 libellum
2358 2647 2493 2720 sibi
2528 2647 2957 2738 confecerat,

847 2767 920 2839 in
971 2788 1111 2861 quo
1165 2765 1412 2840 eadem
1467 2767 1675 2861 pictis
1724 2765 2085 2861 eleganter
2138 2763 2535 2838 vernaculis
2588 2764 2959 2840 characte-

845 2883 1065 2971 ribus,
1120 2905 1300 2982 quos
1355 2882 1731 2980 effingebat
1780 2883 2189 2968 scitissime,
2227 2881 2697 2978 descripserat
2717 2881 2971 2979 singil-

846 3002 1076 3088 latim,
1113 3011 1198 3074 ut
1249 2999 1470 3076 oculis
1521 3001 1740 3074 etiam
1792 2999 2361 3074 obversarentur.
2400 2996 2514 3070 Ex
2544 3021 2629 3072 ea
2656 2998 2969 3072 medita-

829 3124 1040 3198 tione
1072 3120 1314 3196 hausit
1347 3119 1602 3192 miram
1637 3119 1953 3216 patiendi
1988 3143 2119 3215 pro
2152 3116 2439 3194 Christo
2476 3118 2965 3215 moriendique

847 3240 1067 3326 sitim,
1123 3259 1338 3335 quam
1379 3247 1460 3310 ut
1484 3239 1829 3334 expleret,
1894 3236 2313 3333 sanguinem
2354 3247 2429 3308 et
2464 3235 2691 3310 vitam
2716 3233 2965 3310 libenti

851 3359 1092 3430 animo
1139 3355 1476 3451 profudit.

1003 3475 1068 3568 §-
1127 3478 1198 3548 8.
1252 3471 1767 3568 Comprehensi
1802 3472 2035 3568 igitur
2086 3470 2357 3546 Ozacae
2407 3471 2483 3546 hi
2546 3484 2723 3560 treS,
2805 3472 2967 3571 pri-

833 3591 1096 3666 -mitiae
1129 3601 1240 3666 tot
1273 3590 1348 3664 in
1384 3589 1683 3688 Japouia
1726 3601 2123 3686 martyrum
2160 3589 2535 3666 Societatis
2562 3589 2759 3677 Jesu,
2798 3613 2963 3665 cum

839 3719 1052 3807 patre
1101 3707 1409 3782 Martino
1465 3711 1556 3783 de
1595 3709 2027 3784 Ascensione
2062 3707 2457 3783 franciscali
2508 3731 2591 3783 ac
2626 3709 2970 3784 domesti-

843 3827 950 3902 eis
1007 3823 1238 3900 tribus
1293 3824 1618 3913 Meacum
1672 3827 2177 3923 perducuntur.
2236 3825 2338 3900 lbi
2392 3849 2557 3900 cum
2646 3827 2798 3901 aliis
2850 3850 2967 3902 se·-

849 3945 1288 4044 ptemdecirn
1342 3958 1665 4020 extrema
1718 3948 2047 4022 sinistrae
2099 3947 2287 4022 auris
2339 3953 2544 4044 'parte
2615 3948 2968 4036 mulctati,

845 4065 1184 4139 revinctis
1233 4075 1402 4161 post
1453 4069 1651 4161 'terga
1705 4066 2036 4141 manibus
2088 4066 2207 4140 vili
2262 4066 2582 4165 plaustro
2650 4065 2970 4163 impositi

848 4203 1100 4258 omnes
1152 4205 1282 4280 per
1315 4181 1837 4280 frequentiores
1874 4183 2067 4261 urbis
2104 4187 2255 4260 vias
2282 4187 2369 4261 ad
2408 4185 2789 4261 ludibrium
2826 4185 2971 4260 cir-
