3317 5267
2316 455 2458 530 683

309 587 616 677 'ctcsque
665 597 885 675 quum
941 577 1258 650 instaret·
1277 623 1298 660 ,
1353 573 1665 647 alienato
1716 569 1933 668 saep'e
2014 591 2059 645 a
2136 573 2461 648 sensibus

329 699 595 783 animo,
645 696 924 770 divinae
981 691 1250 788 gratiae
1300 691 1506 764 donis
1557 689 1919 764 uberrime
1970 688 2464 786 perfundeba-

329 827 488 890 tur.·
530 815 612 888 ln
661 812 1052 888 recolendis
1105 820 1348 882 autem
1401 805 1663 880 Christi
1719 806 2005 882 Domini
2038 807 2461 884 cruciatibus

328 943 540 1008 tanto
591 929 1024 1008 afficiebatur
1073 928 1334 1004 doloris
1387 949 1628 1013 sensu,
1688 937 2031 1023 tantaque
2066 927 2463 1002 inardesce-

329 1051 461 1126 bat.
507 1051 768 1127 amoris
819 1047 1106 1125 flamma
1135 1097 1158 1133 ,
1233 1055 1316 1120 ut
1367 1065 1586 1140 prope
1637 1045 1987 1118 exanimis
2049 1045 2464 1143 plerumque
2530 1061 2537 1070 ·

331 1169 844 1266 languesceret.
902 1165 1130 1240 Porro
1179 1184 1402 1261 quum
1457 1160 1550 1238 ob
1602 1163 1889 1238 virtutis
1960 1165 2464 1258 praestantiam

333 1285 654 1361 omnium
714 1281 848 1358 sibi
925 1279 1272 1356 sodalium
1353 1278 1899 1352 admirationem
1962 1277 2461 1366 conciliasset,

332 1400 610 1498 puellis,
665 1421 846 1496 quae
901 1399 972 1472 in
1029 1395 1380 1494 tyrocinio⁴
1434 1405 1915 1482 versarentur,
1945 1395 2033 1468 ad
2068 1393 2465 1492 religiosam

334 1516 556 1590 vitam
609 1515 1022 1590 exercendis
1061 1564 1082 1601 ,
1165 1509 1770 1606 informandisque
1821 1513 2223 1608 praeposita
2271 1509 2406 1586 fuit
2440 1535 2468 1602 3

333 1635 538 1732 eique
591 1635 866 1709 muneri
919 1633 1110 1708 nulla
1163 1631 1515 1729 potuisset
1565 1631 1800 1725 aptior
1851 1632 2178 1718 inveniri,
2252 1653 2468 1729 quam

339 1749 774 1826 Venerabilis
826 1749 1200 1847 Margarita
1253 1743 1500 1832 Maria,
1539 1758 1793 1844 utpote
1830 1767 2015 1843 quae
2050 1750 2471 1826 commissas

337 1891 509 1944 suae
557 1869 720 1945 fidei
770 1893 852 1942 ac
901 1867 1310 1965 magisterio
1361 1865 1632 1961 puellas
1672 1867 1759 1940 ad
1786 1867 2319 1961 ingrediendum
2354 1879 2472 1942 at-

333 2009 472 2084 que
524 1987 1044 2062 excurrentium
1099 1983 1552 2082 perfectionis
1604 1985 1741 2054 iter
1792 1985 2119 2080 erigeret,
2162 2007 2245 2058 ac
2295 2007 2469 2062 con-

331 2104 648 2180 firmaret
699 2103 1030 2201 exemplo
1081 2127 1238 2179 suo.
1295 2101 1446 2174 lam
1485 2123 1654 2174 vero
1692 2112 1859 2175 ante
1894 2102 2473 2196 augustissimum

335 2218 822 2296 Eucharistiae
873 2222 1410 2296 Sacramentum
1463 2219 1695 2292 eidem
1746 2216 2341 2294 fervidius-oranti
2370 2222 2472 2293 si-

338 2337 746 2435 gnificatum
801 2348 914 2412 est
963 2359 1004 2410 a
1059 2335 1344 2410 Christo
1394 2333 1726 2422 Domino,
1784 2336 2275 2432 gratissimum
2338 2337 2475 2412 sibi

338 2452 490 2533 fore
542 2453 602 2527 si
653 2452 886 2540 cultus
941 2453 1434 2529 institueretur
1485 2451 1943 2524 sacratissimi
2024 2451 2147 2545 Sui
2227 2450 2473 2528 Cordis

337 2572 730 2656 humanum
783 2594 950 2668 erga
1001 2594 1224 2668 genus
1275 2569 1642 2644 charitatis
1697 2571 1858 2667 igne
1912 2571 2275 2668 flagrantis
2304 2623 2325 2659 ,
2390 2593 2474 2648 ac

337 2692 520 2766 velle
569 2692 662 2768 Se
715 2691 924 2767 huius
975 2693 1076 2766 rei
1130 2713 1370 2766 curam
1427 2690 1566 2786 ipsi
1613 2675 2163 2766 demandatam(
2198 2687 2351 2780 Qua
2386 2714 2469 2766 e·-

337 2820 452 2882 rat
501 2809 904 2882 humilitate
955 2808 1318 2886 cohorruit
1397 2805 1835 2882 Venerabilis
1914 2805 2047 2880 Dei
2110 2806 2401 2882 Famula
2438 2859 2461 2894 ,

339 2937 542 3000 tanto
593 2949 672 3000 se
723 2925 950 3002 officio
1002 2926 1364 3020 indignam
1419 2923 1867 3012 existimans3
1920 2924 2043 3000 sed
2098 2937 2335 2998 tamen
2382 2939 2469 3000 ut

342 3065 690 3139 supernae
741 3043 1250 3140 obsequeretur
1284 3039 1663 3127 voluntati,
1702 3053 1923 3137 utque
1956 3040 2299 3116 desiderio
2334 3065 2465 3118 suo

341 3158 608 3234 faceret
654 3161 830 3234 satis
881 3161 1200 3235 divinum
1255 3179 1574 3230 amorem
1627 3158 1701 3230 in
1762 3157 2133 3234 hominum
2208 3159 2467 3234 animis

341 3281 722 3368 excitandi,
777 3280 1091 3354 studiose
1143 3279 1292 3375 egit
1344 3289 1496 3352 tum
1526 3277 1713 3373 apud
1750 3275 2113 3374 religiosas
2139 3279 2247 3353 sui
2300 3301 2467 3354 coe·-

341 3395 534 3470 nohii
589 3418 890 3484 sorores»,
947 3409 1100 3472 tum
1155 3421 1324 3472 vero
1374 3396 1594 3470 etiam
1647 3396 1835 3492 apud
1886 3417 2163 3484 omnes,
2234 3398 2469 3494 quoad

344 3515 602 3610 potuit,
657 3515 1008 3601 homiues,
1066 3525 1144 3588 ut
1197 3511 1336 3589 Cor
1385 3513 1554 3587 illud
1606 3512 2147 3588 Sanctissimum
2184 3513 2465 3590 divinae

345 3631 709 3706 charitatis
761 3633 1002 3708 sedem
1044 3682 1064 3717 ‚
1123 3633 1316 3705 omni
1369 3631 1656 3706 honoris
1710 3629 2216 3727 significatione
2275 3631 2467 3706 cole-

343 3763 506 3824 rent
557 3771 640 3826 ac
693 3762 1222 3827 venerarentur.
1279 3747 1544 3838 Multae
1597 3750 1849 3824 iccirco
1903 3761 1979 3822 et
2020 3770 2273 3845 graves
2324 3747 2471 3824 Ve-

343 3865 636 3941 nerabili
691 3865 819 3942 Dei
877 3867 1210 3942 Famulae
1264 3867 1665 3942 tolerandae
1716 3865 2003 3942 fuerunt
2072 3866 2467 3953 molestiae,

342 3983 689 4081 plurimae
741 3984 1178 4080 superandae
1229 3982 1677 4057 difficultates
1706 4035 1731 4068 ,
1783 4003 2175 4079 numquam
2228 3993 2471 4058 tamen

343 4101 498 4196 ipsa
541 4099 796 4174 deiecit
849 4103 1195 4188 animum,
1225 4113 1303 4174 et
1353 4125 1480 4198 spe
1531 4101 1837 4176 subnixa
1872 4099 2195 4174 caelestis
2228 4101 2473 4176 auxilii

343 4229 492 4292 tam
547 4239 840 4313 operose
891 4242 974 4293 ac
1025 4228 1434 4293 constanter
1483 4240 1909 4315 promovere
1964 4216 2221 4292 institit
2248 4218 2315 4294 id
2346 4240 2475 4314 ge·-
