3317 5267
904 430 1047 503 142

850 562 861 581 ⁶
898 548 1173 647 quitate
1226 543 1521 619 omnino
1559 542 1876 639 postulet
1909 537 2270 615 Ecclesiae
2309 538 2668 635 huiusque
2723 535 3040 634 Aposto-

898 666 1075 738 licae
1129 661 1331 736 Sedis
1384 684 1467 735 ac
1517 662 1744 735 totius
1801 657 2148 733 Catholici
2198 654 2410 731 Orbis
2463 678 2706 745 causa,
2761 658 3044 754 impro-

901 780 1155 855 borum
1210 778 1589 852 hominum
1626 797 1844 873 opera
1880 787 2032 850 tam
2069 774 2542 849 vehementer
2593 785 3036 871 oppugnata,

904 897 1157 973 iccirco
1231 895 1642 970 cavendum
1707 893 1924 969 Nobis
1975 902 2088 967 est
2166 914 2258 965 ne
2309 892 2582 967 diutius
2635 894 3040 966 cunctando

906 1014 1305 1113 gravissimi
1358 1012 1565 1087 officii
1600 1010 1846 1087 Nostri
1881 1009 2162 1085 muneri
2197 1009 2446 1083 deesse
2501 1008 2896 1083 videamur.
2932 1005 3040 1083 Eo

902 1152 1165 1226 nempe
1216 1127 1517 1205 adducta
1567 1150 1684 1202 res
1737 1137 1852 1201 est
1911 1137 1994 1201 ut
2057 1122 2454 1199 illustribus
2505 1122 3040 1199 Praedecesso-

905 1270 1067 1322 rum
1095 1246 1515 1323 Nostrorum
1546 1246 1866 1343 vestigiis
1903 1244 2354 1319 inhaerentes
2379 1263 2712 1338 suprema
2748 1241 2867 1316 illa
2905 1264 3040 1316 au-

906 1364 1239 1441 ctoritate
1288 1374 1577 1439 utamur
1606 1414 1629 1451 ‚
1685 1382 1824 1461 qua
1875 1382 2040 1436 cum
2090 1360 2368 1436 solvere
2400 1410 2422 1445 ‚
2481 1369 2637 1432 tum
2691 1358 2910 1431 etiam
2963 1358 3042 1431 li-

910 1504 1077 1585 gare
1129 1480 1347 1558 Nobis
1398 1482 1740 1557 divinitus
1790 1480 2042 1554 datum
2077 1489 2220 1567 est3
2271 1488 2356 1552 ut
2405 1477 2740 1550 nimirum
2795 1474 3040 1551 debita

909 1603 982 1675 in
1018 1611 1261 1676 sontes
1296 1598 1720 1675 adhibeatur
1757 1599 2129 1687 severitas,
2169 1618 2398 1695 eaque
2449 1595 2741 1671 salutari
2777 1596 3038 1670 ceteris

912 1718 1245 1816 exemplo
1294 1719 1417 1793 sit.

1060 1837 1311 1935 ltaque
1361 1846 1527 1934 post
1580 1832 1818 1909 Divini
1882 1833 2190 1932 Spiritus
2241 1832 2484 1907 lumen
2549 1832 2848 1929 privatis
2897 1854 3040 1929 pu-

908 1952 1251 2051 blicisque
1305 1950 1631 2050 precihus
1683 1950 2140 2048 imploratum
2181 2002 2204 2037 ‚
2259 1959 2426 2045 post
2475 1948 2874 2023 adhibitum
2931 1972 3042 2023 se-

910 2070 1136 2146 lectae
1191 2068 1343 2143 VV.
1382 2068 1525 2143 FF.
1565 2067 1716 2144 NN.
1774 2068 1850 2143 S.
1913 2068 2000 2141 R.
2059 2067 2147 2141 Ε.
2187 2065 2664 2141 cardinalium
2717 2064 3040 2163 Congre-

910 2189 1215 2285 gationis
1266 2188 1668 2276 consilium,
1725 2183 2152 2261 auctoritate
2197 2182 2728 2281 omnipotentis
2781 2181 2912 2258 Dei
2967 2194 3042 2258 et

908 2304 1021 2379 Ss:
1080 2302 1581 2401 Apostolorum
1618 2302 1812 2377 Petri
1851 2313 1925 2376 et
1961 2300 2160 2377 Pauli
2213 2324 2297 2375 ac
2323 2300 2584 2376 Nostra
2634 2302 2872 2375 denuo
2909 2300 3044 2375 de-

912 2423 1288 2509 claramuS‚
1318 2446 1440 2497 eos
1476 2444 1754 2509 omnes,
1772 2423 1905 2519 qui
1940 2420 2282 2496 nefariam
2320 2421 2393 2494 in
2429 2420 2810 2518 praedictis
2845 2417 3046 2495 Pon-

914 2539 1171 2615 tificiae
1198 2537 1495 2616 Nostrae
1520 2536 1826 2614 Ditionis
1863 2538 2252 2615 Provinciis
2285 2536 2742 2613 rebellionem
2795 2549 2878 2611 et
2909 2560 3040 2612 ea-

912 2680 1077 2735 rum
1127 2659 1664 2755 usurpationem
1693 2710 1716 2745 ‚
1772 2658 2312 2753 occupationem
2340 2708 2363 2745 ,
2419 2657 2866 2730 invasionem
2881 2708 2904 2745 ‚
2961 2668 3042 2731 et

913 2776 1051 2851 alia
1100 2776 1534 2863 huiusmodi,
1587 2777 1678 2851 de
1729 2774 1988 2873 quihus
2021 2778 2095 2849 in
2147 2777 2562 2850 memoratis
2596 2774 2873 2851 Nostris
2913 2774 3040 2847 Al-

912 2892 1387 2970 locutionibus
1438 2895 1555 2970 die
1606 2891 1739 2967 XX
1790 2893 1972 2968 lunii
2023 2904 2102 2968 et
2150 2889 2378 2967 XXVI
2417 2892 2862 2991 Septembris
2913 2917 3042 2967 su-

913 3015 1209 3113 perioris
1244 3014 1412 3087 anni
1446 3013 1816 3111 conquesti
1867 3035 2141 3103 sumus,
2174 3012 2288 3087 vel
2323 3034 2570 3088 eorum
2607 3013 2840 3110 aliqua
2879 3035 3040 3109 per·

914 3144 1290 3232 petrarunt
1316 3186 1341 3221 ,
1394 3132 1711 3230 itemque
1763 3133 2080 3229 ipsorum
2131 3132 2554 3206 mandantes
2585 3183 2607 3218 ,
2661 3129 2984 3207 fautores
3015 3184 3036 3217 ,

918 3253 1302 3341 adiutores,
1354 3252 1818 3339 consiliarios,
1874 3252 2370 3339 adhaerentes,
2429 3249 2541 3324 vel
2593 3249 2768 3325 alios
2820 3272 3044 3347 quos·-

918 3394 1225 3469 cumque
1276 3372 1790 3467 praedictarum
1829 3392 2071 3445 rerum
2116 3370 2667 3468 exequutionem
2717 3367 3043 3466 quolibet

920 3502 1296 3588 praetextu
1347 3502 1424 3565 et
1474 3492 1728 3589 quovis
1780 3490 1994 3567 modo
2047 3500 2508 3587 procurantes
2531 3542 2553 3578 ‚
2607 3488 2724 3563 vel
2773 3510 2908 3585 per
2961 3510 3044 3562 se

922 3609 1114 3706 ipsos
1175 3620 1613 3706 exequentes
1650 3660 1673 3696 ,
1741 3608 2078 3683 Maiorem
2141 3607 2979 3683 Excommunicationem
3017 3659 3040 3693 ,

918 3724 1233 3823 aliasque
1282 3746 1619 3799 censuras
1654 3746 1740 3799 ac
1772 3746 2037 3821 poenas
2089 3724 2598 3800 ecclesiasticas
2651 3746 2692 3795 a
2745 3723 2858 3798 Ss.
2899 3720 3046 3796 Ca-

918 3842 1254 3932 nonibus,
1296 3840 1719 3939 Apostolicis
1756 3840 2427 3931 ConstitutionibuS,
2467 3853 2542 3917 et
2587 3838 3042 3915 Generalium

922 3958 1425 4049 Concilionun,
1457 3958 1851 4033 Tridentini
1881 3958 2302 4055 praesertim
2329 3955 2545 4057 (Sess.
2565 3954 2718 4030 XX.
2751 3954 2928 4054 Cap.
2944 3955 3046 4031 XI

920 4075 1013 4149 de
1062 4074 1381 4173 reform.)
1435 4073 1756 4151 Decretis
1809 4074 2110 4149 inflictas
2163 4076 2576 4164 incurrisse;
2631 4084 2708 4148 et
2757 4076 2820 4147 si
2858 4096 3044 4171 opus

918 4204 1035 4268 est
1064 4246 1085 4283 ,
1139 4194 1229 4268 de
1280 4216 1467 4269 novo
1529 4195 2228 4271 excommunicamus
2259 4248 2279 4281 ‚
2346 4206 2421 4268 et
2473 4192 3042 4268 anathematiza·-
