<?xml version="1.0" encoding="UTF-8"?>
<!DOCTYPE html PUBLIC "-//W3C//DTD XHTML 1.0 Transitional//EN"
    "http://www.w3.org/TR/xhtml1/DTD/xhtml1-transitional.dtd">
<html xmlns="http://www.w3.org/1999/xhtml" xml:lang="en" lang="en">
 <head>
  <title>
</title>
<meta http-equiv="Content-Type" content="text/html;charset=utf-8" />
  <meta name='ocr-system' content='tesseract 3.04.00' />
  <meta name='ocr-capabilities' content='ocr_page ocr_carea ocr_par ocr_line ocrx_word'/>
</head>
<body>
  <div class='ocr_page' id='page_1' title='image "./piiixpontificis00ixgoog_0522.png"; bbox 0 0 3317 5267; ppageno 0'>
   <div class='ocr_carea' id='block_1_1' title="bbox 851 403 3053 4274">
    <p class='ocr_par' dir='ltr' id='par_1_1' title="bbox 905 403 1046 476">
     <span class='ocr_line' id='line_1_1' title="bbox 905 403 1046 476; baseline -0.014 0"><span class='ocrx_word' id='word_1_1' title='bbox 905 403 1046 476; x_wconf 74' lang='lat'><strong>2512</strong></span> 
     </span>
    </p>

    <p class='ocr_par' dir='ltr' id='par_1_2' title="bbox 895 514 3031 2496">
     <span class='ocr_line' id='line_1_2' title="bbox 901 514 3029 618; baseline 0 -26"><span class='ocrx_word' id='word_1_2' title='bbox 901 521 1090 618; x_wconf 78' lang='lat' dir='ltr'><strong>typis</strong></span> <span class='ocrx_word' id='word_1_3' title='bbox 1141 519 1408 593; x_wconf 86' lang='lat' dir='ltr'><strong>editum</strong></span> <span class='ocrx_word' id='word_1_4' title='bbox 1464 515 1755 612; x_wconf 83' lang='lat' dir='ltr'><strong>singulis</strong></span> <span class='ocrx_word' id='word_1_5' title='bbox 1800 514 2123 592; x_wconf 78' lang='lat' dir='ltr'><strong>distribui</strong></span> <span class='ocrx_word' id='word_1_6' title='bbox 2170 516 2549 612; x_wconf 63' lang='lat' dir='ltr'><strong>jussimus,</strong></span> <span class='ocrx_word' id='word_1_7' title='bbox 2577 517 2669 590; x_wconf 89' lang='lat' dir='ltr'><strong>ad</strong></span> <span class='ocrx_word' id='word_1_8' title='bbox 2704 518 3029 616; x_wconf 87' lang='lat' dir='ltr'><strong>semipu-</strong></span> 
     </span>
     <span class='ocr_line' id='line_1_3' title="bbox 903 631 3028 730; baseline -0.001 -18"><span class='ocrx_word' id='word_1_9' title='bbox 903 637 1168 712; x_wconf 87' lang='lat' dir='ltr'><strong>hlicum</strong></span> <span class='ocrx_word' id='word_1_10' title='bbox 1217 635 1719 712; x_wconf 77' lang='lat' dir='ltr'><strong>consistorium</strong></span> <span class='ocrx_word' id='word_1_11' title='bbox 1773 631 1835 706; x_wconf 92' lang='lat' dir='ltr'>X</span> <span class='ocrx_word' id='word_1_12' title='bbox 1888 633 2038 710; x_wconf 85' lang='lat' dir='ltr'><strong>Kal.</strong></span> <span class='ocrx_word' id='word_1_13' title='bbox 2088 635 2247 730; x_wconf 73' lang='lat' dir='ltr'><strong>Jun.</strong></span> <span class='ocrx_word' id='word_1_14' title='bbox 2308 634 2661 709; x_wconf 80' lang='lat' dir='ltr'><strong>volventis</strong></span> <span class='ocrx_word' id='word_1_15' title='bbox 2688 636 2855 708; x_wconf 88' lang='lat' dir='ltr'><strong>anni</strong></span> <span class='ocrx_word' id='word_1_16' title='bbox 2912 660 3028 710; x_wconf 81' lang='lat' dir='ltr'><strong>vo-</strong></span> 
     </span>
     <span class='ocr_line' id='line_1_4' title="bbox 897 750 3025 851; baseline -0.002 -21"><span class='ocrx_word' id='word_1_17' title='bbox 897 757 1216 830; x_wconf 83' lang='lat' dir='ltr'><strong>cavimus</strong></span> <span class='ocrx_word' id='word_1_18' title='bbox 1271 750 1663 850; x_wconf 88' lang='lat' dir='ltr'><strong>(publicum</strong></span> <span class='ocrx_word' id='word_1_19' title='bbox 1720 752 1911 826; x_wconf 91' lang='lat' dir='ltr'><strong>enim</strong></span> <span class='ocrx_word' id='word_1_20' title='bbox 1962 773 2421 848; x_wconf 79' lang='lat' dir='ltr'><strong>coegeramus</strong></span> <span class='ocrx_word' id='word_1_21' title='bbox 2450 751 2693 826; x_wconf 76' lang='lat' dir='ltr'><strong>idibus</strong></span> <span class='ocrx_word' id='word_1_22' title='bbox 2720 752 2921 851; x_wconf 83' lang='lat' dir='ltr'><strong>maji,</strong></span> <span class='ocrx_word' id='word_1_23' title='bbox 2953 753 3025 826; x_wconf 91' lang='lat' dir='ltr'><strong>in</strong></span> 
     </span>
     <span class='ocr_line' id='line_1_5' title="bbox 897 869 3029 970; baseline -0.001 -22"><span class='ocrx_word' id='word_1_24' title='bbox 897 897 1044 970; x_wconf 88' lang='lat' dir='ltr'><strong>quo</strong></span> <span class='ocrx_word' id='word_1_25' title='bbox 1097 870 1326 944; x_wconf 84' lang='lat' dir='ltr'>XXVI</span> <span class='ocrx_word' id='word_1_26' title='bbox 1375 869 1771 967; x_wconf 77' lang='lat' dir='ltr'><strong>Martyrum</strong></span> <span class='ocrx_word' id='word_1_27' title='bbox 1824 892 2111 944; x_wconf 89' lang='lat' dir='ltr'><strong>causam</strong></span> <span class='ocrx_word' id='word_1_28' title='bbox 2190 881 2649 966; x_wconf 85' lang='lat' dir='ltr'><strong>peroraverat</strong></span> <span class='ocrx_word' id='word_1_29' title='bbox 2724 871 3029 946; x_wconf 87' lang='lat' dir='ltr'><strong>dilectus</strong></span> 
     </span>
     <span class='ocr_line' id='line_1_6' title="bbox 897 984 3031 1064; baseline -0 -2"><span class='ocrx_word' id='word_1_30' title='bbox 897 991 1080 1064; x_wconf 83' lang='lat' dir='ltr'><strong>filius</strong></span> <span class='ocrx_word' id='word_1_31' title='bbox 1115 987 1526 1062; x_wconf 87' lang='lat' dir='ltr'><strong>Franciscus</strong></span> <span class='ocrx_word' id='word_1_32' title='bbox 1577 984 1869 1062; x_wconf 89' lang='lat' dir='ltr'><strong>Morsilli</strong></span> <span class='ocrx_word' id='word_1_33' title='bbox 1920 986 2425 1060; x_wconf 80' lang='lat' dir='ltr'><strong>consistorialis</strong></span> <span class='ocrx_word' id='word_1_34' title='bbox 2480 986 2681 1060; x_wconf 86' lang='lat' dir='ltr'><strong>aulae</strong></span> <span class='ocrx_word' id='word_1_35' title='bbox 2719 988 3031 1061; x_wconf 84' lang='lat' dir='ltr'><strong>advoca-</strong></span> 
     </span>
     <span class='ocr_line' id='line_1_7' title="bbox 901 1099 3031 1202; baseline -0.001 -24"><span class='ocrx_word' id='word_1_36' title='bbox 901 1103 1042 1202; x_wconf 88' lang='lat' dir='ltr'><strong>tus)</strong></span> <span class='ocrx_word' id='word_1_37' title='bbox 1082 1127 1328 1180; x_wconf 88' lang='lat' dir='ltr'><strong>omnes</strong></span> <span class='ocrx_word' id='word_1_38' title='bbox 1371 1101 1816 1178; x_wconf 74' lang='lat' dir='ltr'><strong>venerabiles</strong></span> <span class='ocrx_word' id='word_1_39' title='bbox 1850 1099 2103 1176; x_wconf 83' lang='lat' dir='ltr'><strong>fratres</strong></span> <span class='ocrx_word' id='word_1_40' title='bbox 2140 1101 2435 1178; x_wconf 84' lang='lat' dir='ltr'><strong>Nostros</strong></span> <span class='ocrx_word' id='word_1_41' title='bbox 2458 1115 2749 1176; x_wconf 87' lang='lat' dir='ltr'><strong>sanctae</strong></span> <span class='ocrx_word' id='word_1_42' title='bbox 2786 1125 3031 1176; x_wconf 85' lang='lat' dir='ltr'><strong>roma-</strong></span> 
     </span>
     <span class='ocr_line' id='line_1_8' title="bbox 897 1215 3029 1315; baseline -0.002 -19"><span class='ocrx_word' id='word_1_43' title='bbox 897 1245 1030 1296; x_wconf 88' lang='lat' dir='ltr'><strong>nae</strong></span> <span class='ocrx_word' id='word_1_44' title='bbox 1059 1220 1409 1296; x_wconf 82' lang='lat' dir='ltr'><strong>Ecclesiae</strong></span> <span class='ocrx_word' id='word_1_45' title='bbox 1433 1217 1847 1304; x_wconf 80' lang='lat' dir='ltr'><strong>cardinaleS‚</strong></span> <span class='ocrx_word' id='word_1_46' title='bbox 1863 1215 2325 1314; x_wconf 79' lang='lat' dir='ltr'><strong>patriarchas,</strong></span> <span class='ocrx_word' id='word_1_47' title='bbox 2358 1221 2727 1315; x_wconf 58' lang='lat' dir='ltr'><strong>primatem,</strong></span> <span class='ocrx_word' id='word_1_48' title='bbox 2756 1219 3029 1292; x_wconf 88' lang='lat' dir='ltr'><strong>archie-</strong></span> 
     </span>
     <span class='ocr_line' id='line_1_9' title="bbox 902 1336 3029 1437; baseline -0.002 -20"><span class='ocrx_word' id='word_1_49' title='bbox 902 1343 1226 1437; x_wconf 87' lang='lat' dir='ltr'><strong>piscopos</strong></span> <span class='ocrx_word' id='word_1_50' title='bbox 1253 1351 1328 1414; x_wconf 92' lang='lat' dir='ltr'><strong>et</strong></span> <span class='ocrx_word' id='word_1_51' title='bbox 1361 1338 1851 1435; x_wconf 87' lang='lat' dir='ltr'><strong>episcopos‚ut</strong></span> <span class='ocrx_word' id='word_1_52' title='bbox 1874 1336 1945 1410; x_wconf 90' lang='lat' dir='ltr'><strong>in</strong></span> <span class='ocrx_word' id='word_1_53' title='bbox 1975 1359 2050 1408; x_wconf 90' lang='lat' dir='ltr'><strong>re</strong></span> <span class='ocrx_word' id='word_1_54' title='bbox 2082 1349 2227 1409; x_wconf 90' lang='lat' dir='ltr'><strong>tam</strong></span> <span class='ocrx_word' id='word_1_55' title='bbox 2256 1337 2453 1434; x_wconf 81' lang='lat' dir='ltr'><strong>gravi</strong></span> <span class='ocrx_word' id='word_1_56' title='bbox 2480 1337 2779 1412; x_wconf 86' lang='lat' dir='ltr'><strong>consilio</strong></span> <span class='ocrx_word' id='word_1_57' title='bbox 2806 1336 3029 1414; x_wconf 79' lang='lat' dir='ltr'><strong>Nobis</strong></span> 
     </span>
     <span class='ocr_line' id='line_1_10' title="bbox 897 1453 3030 1551; baseline -0.002 -17"><span class='ocrx_word' id='word_1_58' title='bbox 897 1456 1626 1534; x_wconf 85' lang='lat' dir='ltr'><strong>essent.Adstantibus</strong></span> <span class='ocrx_word' id='word_1_59' title='bbox 1651 1453 2083 1551; x_wconf 87' lang='lat' dir='ltr'><strong>apostolicae</strong></span> <span class='ocrx_word' id='word_1_60' title='bbox 2096 1453 2297 1530; x_wconf 78' lang='lat' dir='ltr'><strong>Sedis</strong></span> <span class='ocrx_word' id='word_1_61' title='bbox 2324 1455 2619 1530; x_wconf 86' lang='lat' dir='ltr'><strong>notariis</strong></span> <span class='ocrx_word' id='word_1_62' title='bbox 2646 1467 2727 1528; x_wconf 88' lang='lat' dir='ltr'><strong>et</strong></span> <span class='ocrx_word' id='word_1_63' title='bbox 2748 1455 3030 1530; x_wconf 88' lang='lat' dir='ltr'><strong>duobus</strong></span> 
     </span>
     <span class='ocr_line' id='line_1_11' title="bbox 899 1573 3029 1676; baseline -0 -25"><span class='ocrx_word' id='word_1_64' title='bbox 899 1575 1412 1676; x_wconf 84' lang='lat' dir='ltr'><strong>antiquioribus</strong></span> <span class='ocrx_word' id='word_1_65' title='bbox 1439 1573 1692 1650; x_wconf 83' lang='lat' dir='ltr'><strong>Palatii</strong></span> <span class='ocrx_word' id='word_1_66' title='bbox 1706 1574 1941 1650; x_wconf 86' lang='lat' dir='ltr'><strong>Nostri</strong></span> <span class='ocrx_word' id='word_1_67' title='bbox 1968 1595 2343 1650; x_wconf 88' lang='lat' dir='ltr'><strong>causarum</strong></span> <span class='ocrx_word' id='word_1_68' title='bbox 2372 1573 3029 1650; x_wconf 81' lang='lat' dir='ltr'><strong>auditoribusaNo-</strong></span> 
     </span>
     <span class='ocr_line' id='line_1_12' title="bbox 899 1693 3025 1790; baseline 0 -20"><span class='ocrx_word' id='word_1_69' title='bbox 899 1697 1005 1770; x_wconf 87' lang='lat' dir='ltr'><strong>bis</strong></span> <span class='ocrx_word' id='word_1_70' title='bbox 1057 1693 1494 1790; x_wconf 78' lang='lat' dir='ltr'><strong>interrogati,</strong></span> <span class='ocrx_word' id='word_1_71' title='bbox 1551 1716 1695 1767; x_wconf 87' lang='lat' dir='ltr'><strong>non</strong></span> <span class='ocrx_word' id='word_1_72' title='bbox 1750 1693 1959 1768; x_wconf 88' lang='lat' dir='ltr'><strong>modo</strong></span> <span class='ocrx_word' id='word_1_73' title='bbox 2014 1715 2155 1769; x_wconf 89' lang='lat' dir='ltr'><strong>uno</strong></span> <span class='ocrx_word' id='word_1_74' title='bbox 2208 1717 2331 1768; x_wconf 86' lang='lat' dir='ltr'><strong>ore</strong></span> <span class='ocrx_word' id='word_1_75' title='bbox 2384 1709 2867 1782; x_wconf 86' lang='lat' dir='ltr'><strong>assenserunt,</strong></span> <span class='ocrx_word' id='word_1_76' title='bbox 2896 1697 3025 1770; x_wconf 89' lang='lat' dir='ltr'><strong>sed</strong></span> 
     </span>
     <span class='ocr_line' id='line_1_13' title="bbox 897 1810 3027 1910; baseline -0.001 -20"><span class='ocrx_word' id='word_1_77' title='bbox 897 1816 1164 1910; x_wconf 88' lang='lat' dir='ltr'><strong>scripto</strong></span> <span class='ocrx_word' id='word_1_78' title='bbox 1214 1835 1494 1909; x_wconf 87' lang='lat' dir='ltr'><strong>quoque</strong></span> <span class='ocrx_word' id='word_1_79' title='bbox 1545 1810 1689 1885; x_wconf 90' lang='lat' dir='ltr'><strong>Nos</strong></span> <span class='ocrx_word' id='word_1_80' title='bbox 1742 1823 2153 1898; x_wconf 79' lang='lat' dir='ltr'><strong>exorarunt,</strong></span> <span class='ocrx_word' id='word_1_81' title='bbox 2210 1822 2290 1885; x_wconf 87' lang='lat' dir='ltr'><strong>ut</strong></span> <span class='ocrx_word' id='word_1_82' title='bbox 2320 1813 2605 1886; x_wconf 84' lang='lat' dir='ltr'><strong>tandem</strong></span> <span class='ocrx_word' id='word_1_83' title='bbox 2642 1811 3027 1909; x_wconf 88' lang='lat' dir='ltr'><strong>aliquando</strong></span> 
     </span>
     <span class='ocr_line' id='line_1_14' title="bbox 901 1929 3023 2028; baseline -0.001 -22"><span class='ocrx_word' id='word_1_84' title='bbox 901 1934 986 2007; x_wconf 91' lang='lat' dir='ltr'><strong>ad</strong></span> <span class='ocrx_word' id='word_1_85' title='bbox 1041 1952 1448 2028; x_wconf 84' lang='lat' dir='ltr'><strong>supremam</strong></span> <span class='ocrx_word' id='word_1_86' title='bbox 1501 1931 1815 2027; x_wconf 89' lang='lat' dir='ltr'><strong>ipsorum</strong></span> <span class='ocrx_word' id='word_1_87' title='bbox 1854 1929 2245 2026; x_wconf 82' lang='lat' dir='ltr'><strong>Martyrum</strong></span> <span class='ocrx_word' id='word_1_88' title='bbox 2278 1929 2857 2026; x_wconf 78' lang='lat' dir='ltr'><strong>glorificationem</strong></span> <span class='ocrx_word' id='word_1_89' title='bbox 2892 1933 3023 2006; x_wconf 88' lang='lat' dir='ltr'><strong>de-</strong></span> 
     </span>
     <span class='ocr_line' id='line_1_15' title="bbox 905 2047 3021 2145; baseline -0.001 -21"><span class='ocrx_word' id='word_1_90' title='bbox 905 2053 1333 2126; x_wconf 86' lang='lat' dir='ltr'><strong>veniremus.</strong></span> <span class='ocrx_word' id='word_1_91' title='bbox 1391 2047 1612 2145; x_wconf 84' lang='lat' dir='ltr'><strong>Cujus</strong></span> <span class='ocrx_word' id='word_1_92' title='bbox 1666 2048 1769 2121; x_wconf 79' lang='lat' dir='ltr'><strong>rei</strong></span> <span class='ocrx_word' id='word_1_93' title='bbox 1836 2048 1925 2122; x_wconf 87' lang='lat' dir='ltr'><strong>ab</strong></span> <span class='ocrx_word' id='word_1_94' title='bbox 1978 2048 2403 2144; x_wconf 85' lang='lat' dir='ltr'><strong>apostolicae</strong></span> <span class='ocrx_word' id='word_1_95' title='bbox 2454 2049 2641 2123; x_wconf 89' lang='lat' dir='ltr'><strong>sedis</strong></span> <span class='ocrx_word' id='word_1_96' title='bbox 2724 2050 3021 2124; x_wconf 88' lang='lat' dir='ltr'><strong>notariis</strong></span> 
     </span>
     <span class='ocr_line' id='line_1_16' title="bbox 899 2165 3023 2264; baseline -0.002 -20"><span class='ocrx_word' id='word_1_97' title='bbox 899 2175 1372 2244; x_wconf 87' lang='lat' dir='ltr'><strong>instrumenta</strong></span> <span class='ocrx_word' id='word_1_98' title='bbox 1423 2167 1703 2240; x_wconf 86' lang='lat' dir='ltr'><strong>condita</strong></span> <span class='ocrx_word' id='word_1_99' title='bbox 1756 2180 1952 2252; x_wconf 90' lang='lat' dir='ltr'><strong>sunt,</strong></span> <span class='ocrx_word' id='word_1_100' title='bbox 2009 2178 2083 2240; x_wconf 92' lang='lat' dir='ltr'><strong>et</strong></span> <span class='ocrx_word' id='word_1_101' title='bbox 2134 2165 2629 2263; x_wconf 81' lang='lat' dir='ltr'><strong>suffragiorum</strong></span> <span class='ocrx_word' id='word_1_102' title='bbox 2692 2167 3023 2264; x_wconf 80' lang='lat' dir='ltr'><strong>exempla</strong></span> 
     </span>
     <span class='ocr_line' id='line_1_17' title="bbox 899 2281 3022 2383; baseline -0.003 -21"><span class='ocrx_word' id='word_1_103' title='bbox 899 2289 1385 2383; x_wconf 87' lang='lat' dir='ltr'><strong>episcoporum</strong></span> <span class='ocrx_word' id='word_1_104' title='bbox 1415 2306 1630 2356; x_wconf 85' lang='lat' dir='ltr'><strong>manu</strong></span> <span class='ocrx_word' id='word_1_105' title='bbox 1657 2285 1931 2379; x_wconf 83' lang='lat' dir='ltr'><strong>signata</strong></span> <span class='ocrx_word' id='word_1_106' title='bbox 1966 2281 2259 2356; x_wconf 90' lang='lat' dir='ltr'><strong>collecta</strong></span> <span class='ocrx_word' id='word_1_107' title='bbox 2288 2285 2357 2356; x_wconf 90' lang='lat' dir='ltr'><strong>in</strong></span> <span class='ocrx_word' id='word_1_108' title='bbox 2398 2283 2820 2358; x_wconf 85' lang='lat' dir='ltr'><strong>tabularium</strong></span> <span class='ocrx_word' id='word_1_109' title='bbox 2852 2307 3022 2357; x_wconf 85' lang='lat' dir='ltr'><strong>san-</strong></span> 
     </span>
     <span class='ocr_line' id='line_1_18' title="bbox 895 2401 2565 2496; baseline -0.004 -15"><span class='ocrx_word' id='word_1_110' title='bbox 895 2418 1052 2481; x_wconf 87' lang='lat' dir='ltr'><strong>ctae</strong></span> <span class='ocrx_word' id='word_1_111' title='bbox 1105 2425 1439 2479; x_wconf 87' lang='lat' dir='ltr'><strong>romanae</strong></span> <span class='ocrx_word' id='word_1_112' title='bbox 1495 2401 1852 2477; x_wconf 84' lang='lat' dir='ltr'><strong>Ecclesiae</strong></span> <span class='ocrx_word' id='word_1_113' title='bbox 1908 2401 2147 2478; x_wconf 81' lang='lat' dir='ltr'><strong>inferri</strong></span> <span class='ocrx_word' id='word_1_114' title='bbox 2194 2401 2565 2496; x_wconf 86' lang='lat' dir='ltr'><strong>jussimus.</strong></span> 
     </span>
    </p>

    <p class='ocr_par' dir='ltr' id='par_1_3' title="bbox 891 2525 3053 3442">
     <span class='ocr_line' id='line_1_19' title="bbox 1048 2525 3011 2622; baseline 0.001 -24"><span class='ocrx_word' id='word_1_115' title='bbox 1048 2527 1114 2622; x_wconf 69' lang='lat' dir='ltr'><strong>S.</strong></span> <span class='ocrx_word' id='word_1_116' title='bbox 1180 2529 1298 2598; x_wconf 88' lang='lat'><strong>17.</strong></span> <span class='ocrx_word' id='word_1_117' title='bbox 1356 2525 1618 2598; x_wconf 85' lang='lat' dir='ltr'><strong>Verum</strong></span> <span class='ocrx_word' id='word_1_118' title='bbox 1671 2535 2051 2621; x_wconf 88' lang='lat' dir='ltr'><strong>antequam</strong></span> <span class='ocrx_word' id='word_1_119' title='bbox 2114 2525 2201 2598; x_wconf 90' lang='lat' dir='ltr'><strong>ad</strong></span> <span class='ocrx_word' id='word_1_120' title='bbox 2236 2525 2669 2600; x_wconf 84' lang='lat' dir='ltr'><strong>definitivam</strong></span> <span class='ocrx_word' id='word_1_121' title='bbox 2708 2539 3011 2602; x_wconf 88' lang='lat' dir='ltr'><strong>senten-</strong></span> 
     </span>
     <span class='ocr_line' id='line_1_20' title="bbox 899 2641 3013 2737; baseline -0.001 -18"><span class='ocrx_word' id='word_1_122' title='bbox 899 2649 1072 2719; x_wconf 92' lang='lat' dir='ltr'><strong>tiam</strong></span> <span class='ocrx_word' id='word_1_123' title='bbox 1129 2642 1530 2714; x_wconf 84' lang='lat' dir='ltr'><strong>veniremus</strong></span> <span class='ocrx_word' id='word_1_124' title='bbox 1583 2641 1923 2714; x_wconf 89' lang='lat' dir='ltr'><strong>solemnia</strong></span> <span class='ocrx_word' id='word_1_125' title='bbox 1962 2641 2033 2713; x_wconf 92' lang='lat' dir='ltr'><strong>in</strong></span> <span class='ocrx_word' id='word_1_126' title='bbox 2066 2641 2235 2715; x_wconf 87' lang='lat' dir='ltr'><strong>urbe</strong></span> <span class='ocrx_word' id='word_1_127' title='bbox 2282 2642 2551 2737; x_wconf 85' lang='lat' dir='ltr'><strong>jejunia</strong></span> <span class='ocrx_word' id='word_1_128' title='bbox 2594 2642 3013 2731; x_wconf 83' lang='lat' dir='ltr'><strong>indiximus,</strong></span> 
     </span>
     <span class='ocr_line' id='line_1_21' title="bbox 897 2745 3053 2859; baseline -0 -22"><span class='ocrx_word' id='word_1_129' title='bbox 897 2775 972 2838; x_wconf 90' lang='lat' dir='ltr'><strong>et</strong></span> <span class='ocrx_word' id='word_1_130' title='bbox 1025 2758 1524 2859; x_wconf 86' lang='lat' dir='ltr'><strong>patriarchales</strong></span> <span class='ocrx_word' id='word_1_131' title='bbox 1562 2757 1857 2832; x_wconf 76' lang='lat' dir='ltr'><strong>Nosti-as</strong></span> <span class='ocrx_word' id='word_1_132' title='bbox 1892 2759 2435 2844; x_wconf 88' lang='lat' dir='ltr'><strong>lateranensem,</strong></span> <span class='ocrx_word' id='word_1_133' title='bbox 2474 2761 2896 2849; x_wconf 82' lang='lat' dir='ltr'><strong>vaticanam,</strong></span> <span class='ocrx_word' id='word_1_134' title='bbox 2938 2745 3053 2836; x_wconf 45' lang='lat' dir='ltr'><strong>et·</strong></span> 
     </span>
     <span class='ocr_line' id='line_1_22' title="bbox 895 2876 3015 2975; baseline -0.001 -21"><span class='ocrx_word' id='word_1_135' title='bbox 895 2880 1308 2956; x_wconf 85' lang='lat' dir='ltr'><strong>liberianam</strong></span> <span class='ocrx_word' id='word_1_136' title='bbox 1359 2877 1690 2951; x_wconf 86' lang='lat' dir='ltr'><strong>ecclesias</strong></span> <span class='ocrx_word' id='word_1_137' title='bbox 1744 2876 1830 2949; x_wconf 90' lang='lat' dir='ltr'><strong>ad</strong></span> <span class='ocrx_word' id='word_1_138' title='bbox 1884 2876 2191 2951; x_wconf 83' lang='lat' dir='ltr'><strong>fidelium</strong></span> <span class='ocrx_word' id='word_1_139' title='bbox 2242 2877 2791 2975; x_wconf 84' lang='lat' dir='ltr'><strong>supplicationes</strong></span> <span class='ocrx_word' id='word_1_140' title='bbox 2818 2881 3015 2952; x_wconf 85' lang='lat' dir='ltr'><strong>desi-</strong></span> 
     </span>
     <span class='ocr_line' id='line_1_23' title="bbox 893 2992 3017 3095; baseline 0 -26"><span class='ocrx_word' id='word_1_141' title='bbox 893 2997 1268 3095; x_wconf 75' lang='lat' dir='ltr'><strong>gnavimus</strong></span> <span class='ocrx_word' id='word_1_142' title='bbox 1318 2993 1771 3091; x_wconf 81' lang='lat' dir='ltr'><strong>indulgentiis</strong></span> <span class='ocrx_word' id='word_1_143' title='bbox 1822 2992 2139 3090; x_wconf 83' lang='lat' dir='ltr'><strong>adjectis,</strong></span> <span class='ocrx_word' id='word_1_144' title='bbox 2196 3005 2277 3067; x_wconf 91' lang='lat' dir='ltr'><strong>ut</strong></span> <span class='ocrx_word' id='word_1_145' title='bbox 2328 3017 2493 3068; x_wconf 88' lang='lat' dir='ltr'><strong>suas</strong></span> <span class='ocrx_word' id='word_1_146' title='bbox 2542 2994 2819 3070; x_wconf 85' lang='lat' dir='ltr'><strong>Nostris</strong></span> <span class='ocrx_word' id='word_1_147' title='bbox 2852 3019 3017 3091; x_wconf 89' lang='lat' dir='ltr'><strong>pre-</strong></span> 
     </span>
     <span class='ocr_line' id='line_1_24' title="bbox 893 3109 3015 3210; baseline -0.001 -21"><span class='ocrx_word' id='word_1_148' title='bbox 893 3113 1091 3189; x_wconf 85' lang='lat' dir='ltr'><strong>cibus</strong></span> <span class='ocrx_word' id='word_1_149' title='bbox 1136 3113 1514 3210; x_wconf 81' lang='lat' dir='ltr'><strong>jungentes</strong></span> <span class='ocrx_word' id='word_1_150' title='bbox 1569 3110 1917 3205; x_wconf 88' lang='lat' dir='ltr'><strong>majorem</strong></span> <span class='ocrx_word' id='word_1_151' title='bbox 1970 3133 2175 3206; x_wconf 89' lang='lat' dir='ltr'><strong>opem</strong></span> <span class='ocrx_word' id='word_1_152' title='bbox 2216 3133 2257 3182; x_wconf 87' lang='lat' dir='ltr'><strong>a</strong></span> <span class='ocrx_word' id='word_1_153' title='bbox 2312 3109 2521 3186; x_wconf 87' lang='lat' dir='ltr'><strong>Patre</strong></span> <span class='ocrx_word' id='word_1_154' title='bbox 2548 3113 2899 3186; x_wconf 86' lang='lat' dir='ltr'><strong>luminum</strong></span> <span class='ocrx_word' id='word_1_155' title='bbox 2937 3115 3015 3186; x_wconf 90' lang='lat' dir='ltr'><strong>in</strong></span> 
     </span>
     <span class='ocr_line' id='line_1_25' title="bbox 903 3229 3009 3326; baseline -0.001 -20"><span class='ocrx_word' id='word_1_156' title='bbox 903 3255 982 3306; x_wconf 89' lang='lat' dir='ltr'><strong>re</strong></span> <span class='ocrx_word' id='word_1_157' title='bbox 1033 3244 1182 3304; x_wconf 89' lang='lat' dir='ltr'><strong>tam</strong></span> <span class='ocrx_word' id='word_1_158' title='bbox 1235 3230 1433 3326; x_wconf 78' lang='lat' dir='ltr'><strong>gravi</strong></span> <span class='ocrx_word' id='word_1_159' title='bbox 1483 3229 1973 3324; x_wconf 85' lang='lat' dir='ltr'><strong>impetrarent,</strong></span> <span class='ocrx_word' id='word_1_160' title='bbox 2002 3249 2309 3325; x_wconf 88' lang='lat' dir='ltr'><strong>suaeque</strong></span> <span class='ocrx_word' id='word_1_161' title='bbox 2350 3231 2629 3323; x_wconf 79' lang='lat' dir='ltr'><strong>&#39;gratiae</strong></span> <span class='ocrx_word' id='word_1_162' title='bbox 2662 3230 3009 3304; x_wconf 79' lang='lat' dir='ltr'><strong>auxilium</strong></span> 
     </span>
     <span class='ocr_line' id='line_1_26' title="bbox 891 3348 1645 3442; baseline -0.007 -20"><span class='ocrx_word' id='word_1_163' title='bbox 891 3349 1185 3423; x_wconf 89' lang='lat' dir='ltr'><strong>minime</strong></span> <span class='ocrx_word' id='word_1_164' title='bbox 1235 3348 1645 3442; x_wconf 86' lang='lat' dir='ltr'><strong>denegaret.</strong></span> 
     </span>
    </p>

    <p class='ocr_par' dir='ltr' id='par_1_4' title="bbox 851 3463 3007 4274">
     <span class='ocr_line' id='line_1_27' title="bbox 1047 3463 3005 3559; baseline 0.003 -24"><span class='ocrx_word' id='word_1_165' title='bbox 1047 3467 1113 3558; x_wconf 64' lang='grc' dir='ltr'><strong>ς.</strong></span> <span class='ocrx_word' id='word_1_166' title='bbox 1178 3468 1296 3536; x_wconf 85' lang='grc'><strong>18.</strong></span> <span class='ocrx_word' id='word_1_167' title='bbox 1329 3463 1433 3536; x_wconf 90' lang='lat' dir='ltr'><strong>Ea</strong></span> <span class='ocrx_word' id='word_1_168' title='bbox 1481 3465 1773 3538; x_wconf 89' lang='lat' dir='ltr'><strong>demum</strong></span> <span class='ocrx_word' id='word_1_169' title='bbox 1801 3463 2272 3538; x_wconf 85' lang='lat' dir='ltr'><strong>sacratissima</strong></span> <span class='ocrx_word' id='word_1_170' title='bbox 2324 3463 2466 3550; x_wconf 88' lang='lat' dir='ltr'><strong>die,</strong></span> <span class='ocrx_word' id='word_1_171' title='bbox 2502 3485 2644 3559; x_wconf 88' lang='lat' dir='ltr'><strong>qua</strong></span> <span class='ocrx_word' id='word_1_172' title='bbox 2694 3463 3005 3540; x_wconf 86' lang='lat' dir='ltr'><strong>Sanctus</strong></span> 
     </span>
     <span class='ocr_line' id='line_1_28' title="bbox 894 3580 3005 3680; baseline 0 -22"><span class='ocrx_word' id='word_1_173' title='bbox 894 3583 1196 3680; x_wconf 86' lang='lat' dir='ltr'><strong>Spiritus</strong></span> <span class='ocrx_word' id='word_1_174' title='bbox 1245 3603 1604 3678; x_wconf 81' lang='lat' dir='ltr'><strong>nunquam</strong></span> <span class='ocrx_word' id='word_1_175' title='bbox 1662 3583 1835 3654; x_wconf 89' lang='lat' dir='ltr'><strong>satis</strong></span> <span class='ocrx_word' id='word_1_176' title='bbox 1886 3580 2305 3654; x_wconf 87' lang='lat' dir='ltr'><strong>celebrando</strong></span> <span class='ocrx_word' id='word_1_177' title='bbox 2354 3580 2748 3678; x_wconf 84' lang='lat' dir='ltr'><strong>linguarum</strong></span> <span class='ocrx_word' id='word_1_178' title='bbox 2816 3581 3005 3678; x_wconf 84' lang='lat' dir='ltr'><strong>ignis</strong></span> 
     </span>
     <span class='ocr_line' id='line_1_29' title="bbox 905 3697 3007 3796; baseline 0 -25"><span class='ocrx_word' id='word_1_179' title='bbox 905 3699 1218 3796; x_wconf 80' lang='lat' dir='ltr'><strong>prodigio</strong></span> <span class='ocrx_word' id='word_1_180' title='bbox 1269 3721 1482 3794; x_wconf 90' lang='lat' dir='ltr'><strong>super</strong></span> <span class='ocrx_word' id='word_1_181' title='bbox 1539 3698 1911 3794; x_wconf 86' lang='lat' dir='ltr'><strong>Apostolos</strong></span> <span class='ocrx_word' id='word_1_182' title='bbox 1962 3720 2001 3770; x_wconf 93' lang='lat' dir='ltr'><strong>e</strong></span> <span class='ocrx_word' id='word_1_183' title='bbox 2029 3697 2241 3772; x_wconf 88' lang='lat' dir='ltr'><strong>caelis</strong></span> <span class='ocrx_word' id='word_1_184' title='bbox 2274 3697 2569 3794; x_wconf 76' lang='lat' dir='ltr'><strong>illapsus</strong></span> <span class='ocrx_word' id='word_1_185' title='bbox 2592 3699 3007 3772; x_wconf 76' lang='lat' dir='ltr'><strong>universum</strong></span> 
     </span>
     <span class='ocr_line' id='line_1_30' title="bbox 895 3815 3007 3893; baseline -0.001 0"><span class='ocrx_word' id='word_1_186' title='bbox 895 3831 1240 3893; x_wconf 82' lang='lat' dir='ltr'><strong>terrarum</strong></span> <span class='ocrx_word' id='word_1_187' title='bbox 1291 3815 1536 3891; x_wconf 87' lang='lat' dir='ltr'><strong>orbem</strong></span> <span class='ocrx_word' id='word_1_188' title='bbox 1589 3835 1627 3888; x_wconf 89' lang='lat' dir='ltr'><strong>e</strong></span> <span class='ocrx_word' id='word_1_189' title='bbox 1682 3817 1873 3889; x_wconf 88' lang='lat' dir='ltr'><strong>vitiis</strong></span> <span class='ocrx_word' id='word_1_190' title='bbox 1926 3816 2255 3889; x_wconf 88' lang='lat' dir='ltr'><strong>eductum</strong></span> <span class='ocrx_word' id='word_1_191' title='bbox 2310 3815 2395 3888; x_wconf 86' lang='lat' dir='ltr'><strong>ad</strong></span> <span class='ocrx_word' id='word_1_192' title='bbox 2452 3839 2693 3890; x_wconf 80' lang='lat' dir='ltr'><strong>veram</strong></span> <span class='ocrx_word' id='word_1_193' title='bbox 2720 3820 3007 3892; x_wconf 86' lang='lat' dir='ltr'><strong>sancti-</strong></span> 
     </span>
     <span class='ocr_line' id='line_1_31' title="bbox 891 3934 3001 4032; baseline 0 -23"><span class='ocrx_word' id='word_1_194' title='bbox 891 3940 1202 4011; x_wconf 86' lang='lat' dir='ltr'><strong>moniam</strong></span> <span class='ocrx_word' id='word_1_195' title='bbox 1258 3935 1572 4020; x_wconf 68' lang='lat' dir='ltr'><strong>adduxit‚</strong></span> <span class='ocrx_word' id='word_1_196' title='bbox 1637 3936 2029 4008; x_wconf 86' lang='lat' dir='ltr'><strong>vaticanam</strong></span> <span class='ocrx_word' id='word_1_197' title='bbox 2082 3934 2440 4008; x_wconf 85' lang='lat' dir='ltr'><strong>basilicam</strong></span> <span class='ocrx_word' id='word_1_198' title='bbox 2472 3934 2757 4022; x_wconf 82' lang='lat' dir='ltr'><strong>aulaeiS‚</strong></span> <span class='ocrx_word' id='word_1_199' title='bbox 2790 3937 3001 4032; x_wconf 87' lang='lat' dir='ltr'><strong>pictis</strong></span> 
     </span>
     <span class='ocr_line' id='line_1_32' title="bbox 893 4053 3002 4150; baseline -0.001 -20"><span class='ocrx_word' id='word_1_200' title='bbox 893 4055 1150 4130; x_wconf 85' lang='lat' dir='ltr'><strong>tabulis</strong></span> <span class='ocrx_word' id='word_1_201' title='bbox 1201 4075 1542 4128; x_wconf 86' lang='lat' dir='ltr'><strong>novorum</strong></span> <span class='ocrx_word' id='word_1_202' title='bbox 1573 4065 1982 4126; x_wconf 88' lang='lat' dir='ltr'><strong>sanctorum</strong></span> <span class='ocrx_word' id='word_1_203' title='bbox 2014 4053 2379 4150; x_wconf 79' lang='lat' dir='ltr'><strong>imagineS,</strong></span> <span class='ocrx_word' id='word_1_204' title='bbox 2413 4053 2788 4137; x_wconf 77' lang='lat' dir='ltr'><strong>cruciatuS‚</strong></span> <span class='ocrx_word' id='word_1_205' title='bbox 2826 4075 3002 4150; x_wconf 87' lang='lat' dir='ltr'><strong>pro·-</strong></span> 
     </span>
     <span class='ocr_line' id='line_1_33' title="bbox 851 4170 3003 4274; baseline -0.002 -24"><span class='ocrx_word' id='word_1_206' title='bbox 851 4223 858 4230; x_wconf 84' lang='lat'><strong>·</strong></span> <span class='ocrx_word' id='word_1_207' title='bbox 891 4173 1071 4274; x_wconf 79' lang='lat' dir='ltr'><strong>digia</strong></span> <span class='ocrx_word' id='word_1_208' title='bbox 1123 4170 1591 4247; x_wconf 82' lang='lat' dir='ltr'><strong>referentibus</strong></span> <span class='ocrx_word' id='word_1_209' title='bbox 1617 4171 2051 4258; x_wconf 85' lang='lat' dir='ltr'><strong>decoratam,</strong></span> <span class='ocrx_word' id='word_1_210' title='bbox 2090 4170 2495 4270; x_wconf 80' lang='lat' dir='ltr'><strong>laetitiaque</strong></span> <span class='ocrx_word' id='word_1_211' title='bbox 2534 4171 2841 4268; x_wconf 85' lang='lat' dir='ltr'><strong>undique</strong></span> <span class='ocrx_word' id='word_1_212' title='bbox 2868 4195 3003 4269; x_wconf 77' lang='lat' dir='ltr'><strong>ge-</strong></span> 
     </span>
    </p>
   </div>
  </div>
 </body>
</html>
