3317 5267
937 427 1082 495 542

933 541 1184 615 eodem
1223 535 1707 636 Chirographo
1742 541 2109 635 speciatim
2148 541 2573 630 enumerati,
2611 565 2695 616 ac
2726 543 3063 642 descripti

937 655 1248 730 fuerunt.
2424 721 2429 726 .

1087 771 1394 846 Cautum
1457 773 1811 850 voluimus
1843 827 1866 861 ‚
1920 785 2003 848 ut
2055 778 2333 872 quoties
2393 776 2717 872 publicae
2796 776 3079 852 tabulae

933 891 1024 965 de
1058 892 1472 965 earumdem
1507 893 1885 969 domorum
1922 895 2389 991 acquisitione
2444 894 2643 976 iuxta
2676 895 3079 991 praedictas

933 1009 1370 1105 syngraphas
1425 1011 1675 1106 quavis
1724 1012 1813 1085 de
1864 1031 2077 1086 causa
2114 1009 2362 1085 confici
2422 1011 2718 1084 minime
2754 1024 3077 1107 possent,

933 1140 1008 1201 et
1057 1137 1464 1202 contractus
1543 1128 2050 1204 dissolveretur
2078 1180 2099 1215 ,
2158 1127 2625 1226 Gymnasium
2701 1129 3079 1226 Religiosis

934 1244 1119 1320 Viris
1157 1246 1528 1322 Societatis
1583 1247 1743 1323 Iesu
1798 1248 2137 1322 traditum
2176 1271 2218 1321 a
2264 1249 2379 1323 die
2432 1249 2791 1323 tricesima
2842 1250 3079 1344 prima

927 1363 1321 1440 decembris
1383 1387 1570 1440 anno
1608 1365 1983 1440 millesimo
2018 1366 2605 1461 octingentesimo
2630 1367 3077 1462 sexagesimo

928 1484 1290 1578 percipere
1317 1493 1661 1579 perpetuo
1686 1482 1976 1556 deberet
2012 1484 2480 1580 quincuncem
2508 1482 2817 1557 fructum
2854 1503 3077 1579 super

929 1601 1302 1676 enunciata
1340 1625 1620 1676 summa
1657 1611 2093 1677 scutatorum
2126 1602 2619 1698 quatuormille
2646 1611 3073 1676 sexcentum

929 1721 1378 1817 septuaginta
1411 1721 1740 1806 duorum,
1778 1730 1855 1793 et
1906 1716 2277 1793 obulorum
2334 1719 2615 1814 viginti,
2654 1730 2729 1792 et
2790 1719 3071 1792 solvere

931 1847 1526 1910 commemoratos
1577 1857 1859 1910 census.
1916 1831 2285 1908 Voluimus
2338 1834 2585 1919 etiam,
2638 1843 2721 1906 ut
2781 1844 3071 1927 praeter

931 1973 1290 2026 summam
1341 1973 1652 2026 annuam
1708 1961 2146 2024 scutatorum
2201 1947 2311 2024 bis
2364 1949 2557 2024 mille
2608 1959 3065 2022 octocentum

935 2069 1319 2170 Gymnasio
1367 2070 1813 2157 attributam,
1870 2093 1951 2142 ac
2006 2069 2215 2143 tertio
2267 2091 2548 2166 quoque
2598 2089 2851 2142 mense
2900 2089 3067 2142 cum

931 2189 1433 2285 anticipatione
1468 2187 1845 2282 Religiosis
1880 2186 2253 2261 Societatis
2288 2186 2449 2260 lesu
2488 2185 2859 2260 Sodalibus
2886 2207 3065 2281 pen-

935 2307 1238 2381 dendam
1269 2358 1290 2393 ‚
1349 2307 1534 2378 intra
1587 2307 1797 2379 unius
1856 2303 2023 2377 anni
2102 2305 2439 2400 spatium.
2490 2303 2763 2378 eisdem
2840 2304 3061 2393 semel

933 2435 1216 2496 tantum
1269 2423 1556 2495 daretur
1607 2441 1889 2494 summa
1955 2431 2401 2494 scutatorum
2449 2420 2642 2494 mille
2672 2471 2697 2506 ,
2750 2443 2935 2518 quae
2986 2421 3063 2493 in

930 2539 1330 2636 praedictae
1402 2537 1683 2610 villulae
1732 2539 2028 2613 domum
2109 2538 2585 2633 ampliandam
2666 2549 2823 2610 erat
2900 2560 3063 2612 ero-

930 2658 1180 2755 ganda.
1235 2654 1508 2730 Eodem
1559 2653 2041 2752 Chirographo
2090 2655 2662 2732 confirmavimus
2722 2655 3057 2754 Senogal-

927 2777 1130 2853 liensi
1180 2776 1530 2872 Episcopo
1581 2787 1657 2849 et
1707 2774 2171 2872 Magistratui‚
2226 2799 2309 2850 ac
2358 2775 2845 2872 Primogenito
2906 2776 3056 2852 No-

931 2908 1120 2970 strae
1197 2894 1530 2968 Familiae
1585 2894 1695 2968 ius
1758 2893 2055 2990 eligendi
2135 2891 2443 2968 Clericos
2508 2895 2581 2966 in
2654 2893 3060 2991 Episcopali

927 3013 1318 3088 Seminario
1352 3009 1628 3086 Nostris
1680 3012 2055 3108 impendiis
2098 3012 2383 3086 alendos
2418 3023 2495 3085 et
2546 3013 3053 3098 instituendos,

931 3155 1013 3208 ac
1061 3132 1467 3217 statuimuS‚
1523 3142 1604 3204 ut
1655 3131 1953 3227 quisque
2014 3151 2259 3204 eorum
2316 3130 2601 3203 tertiam
2638 3131 3059 3204 eorumdem

931 3247 1358 3322 Clericorum
1385 3257 1661 3341 partem
1712 3247 2079 3321 nominare
2130 3257 2399 3341 posset,
2438 3269 2525 3318 ea
2578 3257 2815 3320 tamen
2868 3246 3057 3342 lege,

927 3379 1010 3442 ut
1047 3379 1198 3439 tam
1247 3363 1681 3462 Episcopus‚'
1706 3387 1921 3462 quam
1959 3363 2413 3460 Magistratus
2446 3363 2745 3438 alteram
2794 3364 3059 3440 horum

927 3482 1354 3559 Clericorum
1391 3493 1671 3578 partem
1722 3505 1813 3555 ex
1862 3481 2178 3567 civitate,
2214 3481 2518 3554 alteram
2569 3503 2743 3554 vero
2780 3503 2869 3554 ex
2922 3479 3061 3554 Se-

927 3600 1334 3697 nogalliensi
1409 3596 1733 3672 Dioecesi
1810 3619 2036 3695 aeque
2088 3597 2345 3694 eligere
2422 3595 2787 3672 deberent.
2870 3595 3061 3672 Nam

927 3717 1467 3804 declaravimus,
1507 3715 1993 3810 Primigenum
2044 3713 2341 3790 Nostrae
2378 3714 2715 3788 Familiae
2768 3725 3059 3788 tantum

929 3837 1079 3911 iure
1131 3834 1390 3931 pollere
1423 3835 1853 3907 nominandi
1914 3832 2125 3928 plena
2172 3832 2499 3908 libertate
2548 3831 2681 3906 hos
2714 3829 3057 3918 elericos,

933 3956 1082 4029 sive
1161 3954 1296 4049 ipsi
1353 3963 1594 4026 essent
1672 3951 2107 4047 Senogalliae
2186 3949 2509 4024 Civitatis
2540 4001 2560 4036 ‚
2640 3951 2793 4024 sive
2862 3948 3059 4024 illius

928 4070 1284 4145 Dioecoeis
1314 4120 1336 4156 ‚
1391 4069 1986 4167 quemadmodum
2066 4091 2194 4164 pro
2244 4091 2375 4143 suo
2450 4066 2741 4142 arbitrio
2822 4066 3057 4162 magis

931 4198 1404 4284 opportunum
1469 4209 1626 4260 esse
1678 4186 2171 4274 existimaret,
2228 4185 2541 4282 itemque
2602 4185 2989 4260 statuimus
3024 4236 3049 4270 ‚
