<?xml version="1.0" encoding="UTF-8"?>
<!DOCTYPE html PUBLIC "-//W3C//DTD XHTML 1.0 Transitional//EN"
    "http://www.w3.org/TR/xhtml1/DTD/xhtml1-transitional.dtd">
<html xmlns="http://www.w3.org/1999/xhtml" xml:lang="en" lang="en">
 <head>
  <title>
</title>
<meta http-equiv="Content-Type" content="text/html;charset=utf-8" />
  <meta name='ocr-system' content='tesseract 3.04.00' />
  <meta name='ocr-capabilities' content='ocr_page ocr_carea ocr_par ocr_line ocrx_word'/>
</head>
<body>
  <div class='ocr_page' id='page_1' title='image "./piiixpontificis00ixgoog_0300.png"; bbox 0 0 3317 5267; ppageno 0'>
   <div class='ocr_carea' id='block_1_1' title="bbox 840 422 2365 615">
    <p class='ocr_par' dir='ltr' id='par_1_1' title="bbox 840 422 2365 615">
     <span class='ocr_line' id='line_1_1' title="bbox 840 422 2365 615; baseline 0.001 -5"><span class='ocrx_word' id='word_1_1' title='bbox 840 422 986 491; x_wconf 79' lang='lat'><strong>288</strong></span> <span class='ocrx_word' id='word_1_2' title='bbox 1439 520 1693 612; x_wconf 89' lang='lat' dir='ltr'><strong>PlVS</strong></span> <span class='ocrx_word' id='word_1_3' title='bbox 1752 518 2365 615; x_wconf 83' lang='lat' dir='ltr'><strong>EPISGOPVS</strong></span> 
     </span>
    </p>
   </div>
   <div class='ocr_carea' id='block_1_2' title="bbox 1545 831 2259 881">
    <p class='ocr_par' dir='ltr' id='par_1_2' title="bbox 1545 831 2259 881">
     <span class='ocr_line' id='line_1_2' title="bbox 1545 831 2259 881; baseline -0.004 -3"><span class='ocrx_word' id='word_1_4' title='bbox 1545 833 1765 879; x_wconf 73' lang='lat' dir='ltr'><strong>sssuvvs</strong></span> <span class='ocrx_word' id='word_1_5' title='bbox 1808 832 2119 881; x_wconf 66' lang='lat' dir='ltr'><strong>SERVORVU</strong></span> <span class='ocrx_word' id='word_1_6' title='bbox 2160 831 2259 877; x_wconf 75' lang='lat' dir='ltr'><strong>mu</strong></span> 
     </span>
    </p>
   </div>
   <div class='ocr_carea' id='block_1_3' title="bbox 1433 1114 2369 1167">
    <p class='ocr_par' dir='ltr' id='par_1_3' title="bbox 1433 1114 2369 1167">
     <span class='ocr_line' id='line_1_3' title="bbox 1433 1114 2369 1167; baseline 0 -4"><span class='ocrx_word' id='word_1_7' title='bbox 1433 1117 1510 1163; x_wconf 72' lang='lat' dir='ltr'><strong>An</strong></span> <span class='ocrx_word' id='word_1_8' title='bbox 1551 1116 1889 1167; x_wconf 63' lang='lat' dir='ltr'><strong>numan</strong></span> <span class='ocrx_word' id='word_1_9' title='bbox 1928 1116 2021 1163; x_wconf 69' lang='grc' dir='ltr'><strong>ΙΙΙ</strong></span> <span class='ocrx_word' id='word_1_10' title='bbox 2062 1114 2369 1165; x_wconf 65' lang='lat' dir='ltr'><strong>“noum</strong></span> 
     </span>
    </p>
   </div>
   <div class='ocr_carea' id='block_1_4' title="bbox 841 1344 2987 2709">
    <p class='ocr_par' dir='ltr' id='par_1_4' title="bbox 841 1344 2987 2709">
     <span class='ocr_line' id='line_1_4' title="bbox 846 1344 2987 1527; baseline -0.003 -20"><span class='ocrx_word' id='word_1_11' title='bbox 846 1344 1046 1507; x_wconf 83' lang='lat' dir='ltr'><strong>Vel</strong></span> <span class='ocrx_word' id='word_1_12' title='bbox 1081 1456 1121 1505; x_wconf 89' lang='lat' dir='ltr'><strong>a</strong></span> <span class='ocrx_word' id='word_1_13' title='bbox 1157 1432 1404 1527; x_wconf 87' lang='lat' dir='ltr'><strong>primis</strong></span> <span class='ocrx_word' id='word_1_14' title='bbox 1444 1429 1905 1507; x_wconf 72' lang='lat' dir='ltr'><strong>pontificatus</strong></span> <span class='ocrx_word' id='word_1_15' title='bbox 1958 1430 2195 1505; x_wconf 78' lang='lat' dir='ltr'><strong>Nostri</strong></span> <span class='ocrx_word' id='word_1_16' title='bbox 2250 1428 2693 1527; x_wconf 76' lang='lat' dir='ltr'><strong>temporibus</strong></span> <span class='ocrx_word' id='word_1_17' title='bbox 2746 1428 2987 1503; x_wconf 84' lang='lat' dir='ltr'><strong>intel-</strong></span> 
     </span>
     <span class='ocr_line' id='line_1_5' title="bbox 841 1547 2981 1649; baseline -0.002 -24"><span class='ocrx_word' id='word_1_18' title='bbox 841 1552 1142 1649; x_wconf 81' lang='lat' dir='ltr'><strong>ligentes</strong></span> <span class='ocrx_word' id='word_1_19' title='bbox 1197 1551 1266 1623; x_wconf 91' lang='lat' dir='ltr'><strong>in</strong></span> <span class='ocrx_word' id='word_1_20' title='bbox 1323 1572 1540 1647; x_wconf 89' lang='lat' dir='ltr'><strong>quam</strong></span> <span class='ocrx_word' id='word_1_21' title='bbox 1593 1572 1839 1625; x_wconf 82' lang='lat' dir='ltr'><strong>curam</strong></span> <span class='ocrx_word' id='word_1_22' title='bbox 1896 1560 2113 1647; x_wconf 86' lang='lat' dir='ltr'><strong>atque</strong></span> <span class='ocrx_word' id='word_1_23' title='bbox 2174 1548 2487 1625; x_wconf 85' lang='lat' dir='ltr'><strong>laborem</strong></span> <span class='ocrx_word' id='word_1_24' title='bbox 2536 1560 2619 1623; x_wconf 86' lang='lat' dir='ltr'><strong>et</strong></span> <span class='ocrx_word' id='word_1_25' title='bbox 2666 1547 2739 1620; x_wconf 90' lang='lat' dir='ltr'><strong>in</strong></span> <span class='ocrx_word' id='word_1_26' title='bbox 2790 1568 2981 1643; x_wconf 78' lang='lat' dir='ltr'><strong>quae</strong></span> 
     </span>
     <span class='ocr_line' id='line_1_6' title="bbox 847 1663 2985 1767; baseline -0.005 -20"><span class='ocrx_word' id='word_1_27' title='bbox 847 1670 1290 1747; x_wconf 81' lang='lat' dir='ltr'><strong>Christianae</strong></span> <span class='ocrx_word' id='word_1_28' title='bbox 1329 1668 1787 1766; x_wconf 81' lang='lat' dir='ltr'><strong>Reipublicae</strong></span> <span class='ocrx_word' id='word_1_29' title='bbox 1850 1682 2174 1767; x_wconf 85' lang='lat' dir='ltr'><strong>tempora</strong></span> <span class='ocrx_word' id='word_1_30' title='bbox 2210 1665 2405 1749; x_wconf 80' lang='lat' dir='ltr'><strong>Deus</strong></span> <span class='ocrx_word' id='word_1_31' title='bbox 2452 1665 2789 1765; x_wconf 81' lang='lat' dir='ltr'><strong>Optimus</strong></span> <span class='ocrx_word' id='word_1_32' title='bbox 2824 1663 2985 1739; x_wconf 74' lang='lat' dir='ltr'><strong>Ma-</strong></span> 
     </span>
     <span class='ocr_line' id='line_1_7' title="bbox 847 1786 2983 1885; baseline -0.004 -22"><span class='ocrx_word' id='word_1_33' title='bbox 847 1788 1086 1864; x_wconf 82' lang='lat' dir='ltr'><strong>ximus</strong></span> <span class='ocrx_word' id='word_1_34' title='bbox 1136 1788 1310 1877; x_wconf 81' lang='lat' dir='ltr'><strong>Nos,</strong></span> <span class='ocrx_word' id='word_1_35' title='bbox 1362 1788 1530 1863; x_wconf 88' lang='lat' dir='ltr'><strong>licet</strong></span> <span class='ocrx_word' id='word_1_36' title='bbox 1583 1787 1935 1885; x_wconf 74' lang='lat' dir='ltr'><strong>indignos,</strong></span> <span class='ocrx_word' id='word_1_37' title='bbox 1993 1786 2419 1873; x_wconf 84' lang='lat' dir='ltr'><strong>vocavisset,</strong></span> <span class='ocrx_word' id='word_1_38' title='bbox 2472 1804 2843 1881; x_wconf 82' lang='lat' dir='ltr'><strong>nunquam</strong></span> <span class='ocrx_word' id='word_1_39' title='bbox 2894 1804 2983 1855; x_wconf 84' lang='lat' dir='ltr'><strong>ea</strong></span> 
     </span>
     <span class='ocr_line' id='line_1_8' title="bbox 843 1900 2981 2006; baseline -0.004 -23"><span class='ocrx_word' id='word_1_40' title='bbox 843 1932 1087 2006; x_wconf 81' lang='lat' dir='ltr'><strong>gerere</strong></span> <span class='ocrx_word' id='word_1_41' title='bbox 1118 1920 1197 1983; x_wconf 86' lang='lat' dir='ltr'><strong>et</strong></span> <span class='ocrx_word' id='word_1_42' title='bbox 1219 1908 1556 1983; x_wconf 86' lang='lat' dir='ltr'><strong>mandare</strong></span> <span class='ocrx_word' id='word_1_43' title='bbox 1579 1908 2015 1994; x_wconf 81' lang='lat' dir='ltr'><strong>destitimus,</strong></span> <span class='ocrx_word' id='word_1_44' title='bbox 2038 1926 2221 2004; x_wconf 85' lang='lat' dir='ltr'><strong>quae</strong></span> <span class='ocrx_word' id='word_1_45' title='bbox 2246 1904 2335 1979; x_wconf 88' lang='lat' dir='ltr'><strong>ad</strong></span> <span class='ocrx_word' id='word_1_46' title='bbox 2364 1904 2763 1979; x_wconf 84' lang='lat' dir='ltr'><strong>anirnarum</strong></span> <span class='ocrx_word' id='word_1_47' title='bbox 2778 1900 2981 1975; x_wconf 85' lang='lat' dir='ltr'><strong>Chri-</strong></span> 
     </span>
     <span class='ocr_line' id='line_1_9' title="bbox 843 2018 2979 2115; baseline -0.003 -16"><span class='ocrx_word' id='word_1_48' title='bbox 843 2024 1252 2101; x_wconf 82' lang='lat' dir='ltr'><strong>stifidelium</strong></span> <span class='ocrx_word' id='word_1_49' title='bbox 1305 2025 1612 2115; x_wconf 81' lang='lat' dir='ltr'><strong>salutem</strong></span> <span class='ocrx_word' id='word_1_50' title='bbox 1651 2025 2021 2111; x_wconf 87' lang='lat' dir='ltr'><strong>tuendam,</strong></span> <span class='ocrx_word' id='word_1_51' title='bbox 2060 2022 2151 2099; x_wconf 83' lang='lat' dir='ltr'><strong>ad</strong></span> <span class='ocrx_word' id='word_1_52' title='bbox 2186 2040 2459 2097; x_wconf 84' lang='lat' dir='ltr'><strong>errores</strong></span> <span class='ocrx_word' id='word_1_53' title='bbox 2510 2018 2979 2105; x_wconf 81' lang='lat' dir='ltr'><strong>amovendos,</strong></span> 
     </span>
     <span class='ocr_line' id='line_1_10' title="bbox 845 2138 2981 2241; baseline -0.002 -24"><span class='ocrx_word' id='word_1_54' title='bbox 845 2146 932 2219; x_wconf 92' lang='lat' dir='ltr'><strong>ad</strong></span> <span class='ocrx_word' id='word_1_55' title='bbox 971 2142 1406 2221; x_wconf 80' lang='lat' dir='ltr'><strong>catholicam</strong></span> <span class='ocrx_word' id='word_1_56' title='bbox 1447 2143 1887 2241; x_wconf 78' lang='lat' dir='ltr'><strong>Religionem</strong></span> <span class='ocrx_word' id='word_1_57' title='bbox 1924 2143 1999 2217; x_wconf 83' lang='lat' dir='ltr'><strong>in</strong></span> <span class='ocrx_word' id='word_1_58' title='bbox 2034 2142 2447 2217; x_wconf 86' lang='lat' dir='ltr'><strong>universum</strong></span> <span class='ocrx_word' id='word_1_59' title='bbox 2484 2162 2625 2239; x_wconf 80' lang='lat' dir='ltr'><strong>qua</strong></span> <span class='ocrx_word' id='word_1_60' title='bbox 2664 2138 2809 2213; x_wconf 86' lang='lat' dir='ltr'><strong>late</strong></span> <span class='ocrx_word' id='word_1_61' title='bbox 2846 2160 2981 2236; x_wconf 81' lang='lat' dir='ltr'><strong>pa-</strong></span> 
     </span>
     <span class='ocr_line' id='line_1_11' title="bbox 847 2256 2983 2358; baseline -0.002 -25"><span class='ocrx_word' id='word_1_62' title='bbox 847 2272 954 2333; x_wconf 91' lang='lat' dir='ltr'><strong>tet</strong></span> <span class='ocrx_word' id='word_1_63' title='bbox 1005 2258 1254 2335; x_wconf 80' lang='lat' dir='ltr'><strong>orbem</strong></span> <span class='ocrx_word' id='word_1_64' title='bbox 1307 2261 1813 2358; x_wconf 86' lang='lat' dir='ltr'><strong>quoquomodo</strong></span> <span class='ocrx_word' id='word_1_65' title='bbox 1863 2258 2391 2356; x_wconf 76' lang='lat' dir='ltr'><strong>propagandam</strong></span> <span class='ocrx_word' id='word_1_66' title='bbox 2420 2310 2443 2347; x_wconf 91' lang='lat'><strong>,</strong></span> <span class='ocrx_word' id='word_1_67' title='bbox 2498 2272 2577 2333; x_wconf 86' lang='lat' dir='ltr'><strong>et</strong></span> <span class='ocrx_word' id='word_1_68' title='bbox 2624 2256 2983 2353; x_wconf 84' lang='lat' dir='ltr'><strong>amplian-</strong></span> 
     </span>
     <span class='ocr_line' id='line_1_12' title="bbox 845 2372 2985 2463; baseline -0.001 -14"><span class='ocrx_word' id='word_1_69' title='bbox 845 2376 1012 2449; x_wconf 87' lang='lat' dir='ltr'><strong>dam</strong></span> <span class='ocrx_word' id='word_1_70' title='bbox 1065 2376 1346 2461; x_wconf 77' lang='lat' dir='ltr'><strong>utiliora</strong></span> <span class='ocrx_word' id='word_1_71' title='bbox 1381 2398 1540 2451; x_wconf 82' lang='lat' dir='ltr'><strong>esse</strong></span> <span class='ocrx_word' id='word_1_72' title='bbox 1575 2376 1979 2463; x_wconf 85' lang='lat' dir='ltr'><strong>consilium,</strong></span> <span class='ocrx_word' id='word_1_73' title='bbox 2020 2374 2231 2463; x_wconf 79' lang='lat' dir='ltr'><strong>ratio,</strong></span> <span class='ocrx_word' id='word_1_74' title='bbox 2268 2375 2695 2453; x_wconf 83' lang='lat' dir='ltr'><strong>Nostrorum</strong></span> <span class='ocrx_word' id='word_1_75' title='bbox 2750 2372 2985 2447; x_wconf 77' lang='lat' dir='ltr'><strong>Prae-</strong></span> 
     </span>
     <span class='ocr_line' id='line_1_13' title="bbox 846 2491 2987 2591; baseline 0 -25"><span class='ocrx_word' id='word_1_76' title='bbox 846 2493 1300 2567; x_wconf 87' lang='lat' dir='ltr'><strong>decessorum</strong></span> <span class='ocrx_word' id='word_1_77' title='bbox 1351 2491 1681 2589; x_wconf 85' lang='lat' dir='ltr'><strong>exempla</strong></span> <span class='ocrx_word' id='word_1_78' title='bbox 1709 2493 2134 2581; x_wconf 85' lang='lat' dir='ltr'><strong>suadebant,</strong></span> <span class='ocrx_word' id='word_1_79' title='bbox 2162 2516 2393 2591; x_wconf 89' lang='lat' dir='ltr'><strong>neque</strong></span> <span class='ocrx_word' id='word_1_80' title='bbox 2424 2513 2741 2590; x_wconf 84' lang='lat' dir='ltr'><strong>unquam</strong></span> <span class='ocrx_word' id='word_1_81' title='bbox 2776 2513 2987 2567; x_wconf 83' lang='lat' dir='ltr'><strong>oeca-</strong></span> 
     </span>
     <span class='ocr_line' id='line_1_14' title="bbox 849 2610 2987 2709; baseline 0.001 -26"><span class='ocrx_word' id='word_1_82' title='bbox 849 2610 1088 2683; x_wconf 85' lang='lat' dir='ltr'><strong>siones</strong></span> <span class='ocrx_word' id='word_1_83' title='bbox 1124 2632 1380 2685; x_wconf 87' lang='lat' dir='ltr'><strong>omnes</strong></span> <span class='ocrx_word' id='word_1_84' title='bbox 1416 2632 1599 2707; x_wconf 88' lang='lat' dir='ltr'><strong>quae</strong></span> <span class='ocrx_word' id='word_1_85' title='bbox 1636 2612 1727 2687; x_wconf 84' lang='lat' dir='ltr'><strong>ad</strong></span> <span class='ocrx_word' id='word_1_86' title='bbox 1765 2624 2005 2687; x_wconf 86' lang='lat' dir='ltr'><strong>tantae</strong></span> <span class='ocrx_word' id='word_1_87' title='bbox 2040 2611 2533 2689; x_wconf 79' lang='lat' dir='ltr'><strong>sollicitudinis</strong></span> <span class='ocrx_word' id='word_1_88' title='bbox 2568 2632 2750 2709; x_wconf 87' lang='lat' dir='ltr'><strong>opus</strong></span> <span class='ocrx_word' id='word_1_89' title='bbox 2786 2632 2987 2708; x_wconf 87' lang='lat' dir='ltr'><strong>prae-</strong></span> 
     </span>
    </p>
   </div>
   <div class='ocr_carea' id='block_1_5' title="bbox 713 2726 2979 2827">
    <p class='ocr_par' dir='ltr' id='par_1_5' title="bbox 713 2726 2979 2827">
     <span class='ocr_line' id='line_1_15' title="bbox 713 2726 2979 2827; baseline 0.001 -28"><span class='ocrx_word' id='word_1_90' title='bbox 713 2779 722 2789; x_wconf 87' lang='lat'><em>.</em></span> <span class='ocrx_word' id='word_1_91' title='bbox 848 2726 1235 2801; x_wconf 87' lang='lat' dir='ltr'><strong>finiendum</strong></span> <span class='ocrx_word' id='word_1_92' title='bbox 1287 2750 1446 2803; x_wconf 88' lang='lat' dir='ltr'><strong>sese</strong></span> <span class='ocrx_word' id='word_1_93' title='bbox 1501 2727 1704 2802; x_wconf 87' lang='lat' dir='ltr'><strong>nobis</strong></span> <span class='ocrx_word' id='word_1_94' title='bbox 1767 2727 1955 2805; x_wconf 87' lang='lat' dir='ltr'><strong>ultro</strong></span> <span class='ocrx_word' id='word_1_95' title='bbox 2018 2727 2411 2805; x_wconf 77' lang='lat' dir='ltr'><strong>offerebant</strong></span> <span class='ocrx_word' id='word_1_96' title='bbox 2470 2728 2783 2827; x_wconf 77' lang='lat' dir='ltr'><strong>arripere</strong></span> <span class='ocrx_word' id='word_1_97' title='bbox 2830 2727 2979 2801; x_wconf 84' lang='lat' dir='ltr'><strong>de·-</strong></span> 
     </span>
    </p>
   </div>
   <div class='ocr_carea' id='block_1_6' title="bbox 843 2866 2989 3865">
    <p class='ocr_par' dir='ltr' id='par_1_6' title="bbox 861 2866 1184 2919">
     <span class='ocr_line' id='line_1_16' title="bbox 861 2866 1184 2919; baseline -0.006 -2"><span class='ocrx_word' id='word_1_98' title='bbox 861 2866 1184 2919; x_wconf 79' lang='lat' dir='ltr'><strong>sivimus.</strong></span> 
     </span>
    </p>

    <p class='ocr_par' dir='ltr' id='par_1_7' title="bbox 843 2958 2989 3865">
     <span class='ocr_line' id='line_1_17' title="bbox 1004 2958 2983 3061; baseline -0.001 -26"><span class='ocrx_word' id='word_1_99' title='bbox 1004 2958 1184 3035; x_wconf 87' lang='lat' dir='ltr'><strong>Hinc</strong></span> <span class='ocrx_word' id='word_1_100' title='bbox 1236 2983 1404 3037; x_wconf 88' lang='lat' dir='ltr'><strong>eum</strong></span> <span class='ocrx_word' id='word_1_101' title='bbox 1441 2963 1510 3037; x_wconf 89' lang='lat' dir='ltr'><strong>in</strong></span> <span class='ocrx_word' id='word_1_102' title='bbox 1549 2960 1895 3039; x_wconf 76' lang='lat' dir='ltr'><strong>lisitanae</strong></span> <span class='ocrx_word' id='word_1_103' title='bbox 1936 2962 2391 3061; x_wconf 78' lang='lat' dir='ltr'><strong>Reipublicae</strong></span> <span class='ocrx_word' id='word_1_104' title='bbox 2428 2960 2715 3037; x_wconf 84' lang='lat' dir='ltr'><strong>Ditione</strong></span> <span class='ocrx_word' id='word_1_105' title='bbox 2750 2964 2823 3035; x_wconf 89' lang='lat' dir='ltr'><strong>in</strong></span> <span class='ocrx_word' id='word_1_106' title='bbox 2862 2961 2983 3035; x_wconf 87' lang='lat' dir='ltr'><strong>ln·</strong></span> 
     </span>
     <span class='ocr_line' id='line_1_18' title="bbox 855 3078 2987 3168; baseline 0.001 -14"><span class='ocrx_word' id='word_1_107' title='bbox 855 3081 992 3155; x_wconf 87' lang='lat' dir='ltr'><strong>diis</strong></span> <span class='ocrx_word' id='word_1_108' title='bbox 1024 3078 1592 3168; x_wconf 76' lang='lat' dir='ltr'><strong>occidentalibus</strong></span> <span class='ocrx_word' id='word_1_109' title='bbox 1627 3080 1985 3157; x_wconf 88' lang='lat' dir='ltr'><strong>dominica</strong></span> <span class='ocrx_word' id='word_1_110' title='bbox 2018 3082 2273 3157; x_wconf 86' lang='lat' dir='ltr'><strong>messis</strong></span> <span class='ocrx_word' id='word_1_111' title='bbox 2308 3083 2487 3159; x_wconf 85' lang='lat' dir='ltr'><strong>adeo</strong></span> <span class='ocrx_word' id='word_1_112' title='bbox 2518 3082 2593 3157; x_wconf 87' lang='lat' dir='ltr'><strong>in</strong></span> <span class='ocrx_word' id='word_1_113' title='bbox 2627 3082 2783 3157; x_wconf 88' lang='lat' dir='ltr'><strong>dies</strong></span> <span class='ocrx_word' id='word_1_114' title='bbox 2820 3104 2987 3157; x_wconf 85' lang='lat' dir='ltr'><strong>sue-</strong></span> 
     </span>
     <span class='ocr_line' id='line_1_19' title="bbox 847 3197 2987 3295; baseline 0.001 -24"><span class='ocrx_word' id='word_1_115' title='bbox 847 3198 1183 3286; x_wconf 86' lang='lat' dir='ltr'><strong>creverit,</strong></span> <span class='ocrx_word' id='word_1_116' title='bbox 1241 3210 1324 3272; x_wconf 92' lang='lat' dir='ltr'><strong>ut</strong></span> <span class='ocrx_word' id='word_1_117' title='bbox 1373 3198 1464 3273; x_wconf 88' lang='lat' dir='ltr'><strong>ad</strong></span> <span class='ocrx_word' id='word_1_118' title='bbox 1513 3198 1997 3295; x_wconf 82' lang='lat' dir='ltr'><strong>evangelicam</strong></span> <span class='ocrx_word' id='word_1_119' title='bbox 2050 3197 2237 3283; x_wconf 75' lang='lat' dir='ltr'><strong>inibi,</strong></span> <span class='ocrx_word' id='word_1_120' title='bbox 2280 3198 2787 3275; x_wconf 83' lang='lat' dir='ltr'><strong>villicationem</strong></span> <span class='ocrx_word' id='word_1_121' title='bbox 2842 3198 2987 3275; x_wconf 78' lang='lat' dir='ltr'><strong>uti-</strong></span> 
     </span>
     <span class='ocr_line' id='line_1_20' title="bbox 843 3312 2989 3412; baseline 0.003 -27"><span class='ocrx_word' id='word_1_122' title='bbox 843 3312 1006 3385; x_wconf 91' lang='lat' dir='ltr'><strong>liter</strong></span> <span class='ocrx_word' id='word_1_123' title='bbox 1055 3313 1616 3410; x_wconf 86' lang='lat' dir='ltr'><strong>promovendam</strong></span> <span class='ocrx_word' id='word_1_124' title='bbox 1676 3313 2117 3412; x_wconf 82' lang='lat' dir='ltr'><strong>Apostolicae</strong></span> <span class='ocrx_word' id='word_1_125' title='bbox 2170 3312 2667 3391; x_wconf 82' lang='lat' dir='ltr'><strong>Providentiae</strong></span> <span class='ocrx_word' id='word_1_126' title='bbox 2720 3316 2989 3391; x_wconf 84' lang='lat' dir='ltr'><strong>sollici-</strong></span> 
     </span>
     <span class='ocr_line' id='line_1_21' title="bbox 849 3433 2985 3531; baseline 0.004 -26"><span class='ocrx_word' id='word_1_127' title='bbox 849 3433 1022 3507; x_wconf 87' lang='lat' dir='ltr'><strong>tudo</strong></span> <span class='ocrx_word' id='word_1_128' title='bbox 1073 3434 1396 3509; x_wconf 87' lang='lat' dir='ltr'><strong>animum</strong></span> <span class='ocrx_word' id='word_1_129' title='bbox 1448 3456 1741 3510; x_wconf 87' lang='lat' dir='ltr'><strong>omnem</strong></span> <span class='ocrx_word' id='word_1_130' title='bbox 1794 3433 1959 3509; x_wconf 84' lang='lat' dir='ltr'><strong>illuc</strong></span> <span class='ocrx_word' id='word_1_131' title='bbox 2006 3450 2423 3531; x_wconf 67' lang='lat' dir='ltr'><strong>convenere</strong></span> <span class='ocrx_word' id='word_1_132' title='bbox 2476 3436 2801 3525; x_wconf 86' lang='lat' dir='ltr'><strong>suadeat,</strong></span> <span class='ocrx_word' id='word_1_133' title='bbox 2838 3438 2985 3513; x_wconf 86' lang='lat' dir='ltr'><strong>Nos</strong></span> 
     </span>
     <span class='ocr_line' id='line_1_22' title="bbox 854 3548 2985 3648; baseline 0.002 -25"><span class='ocrx_word' id='word_1_134' title='bbox 854 3548 1267 3646; x_wconf 83' lang='lat' dir='ltr'><strong>hujusmodi</strong></span> <span class='ocrx_word' id='word_1_135' title='bbox 1321 3550 1699 3646; x_wconf 79' lang='lat' dir='ltr'><strong>exigentiis</strong></span> <span class='ocrx_word' id='word_1_136' title='bbox 1752 3552 2178 3647; x_wconf 86' lang='lat' dir='ltr'><strong>respondere</strong></span> <span class='ocrx_word' id='word_1_137' title='bbox 2228 3563 2665 3648; x_wconf 81' lang='lat' dir='ltr'><strong>satagentes,</strong></span> <span class='ocrx_word' id='word_1_138' title='bbox 2722 3576 2985 3629; x_wconf 86' lang='lat' dir='ltr'><strong>novam</strong></span> 
     </span>
     <span class='ocr_line' id='line_1_23' title="bbox 847 3667 2987 3765; baseline 0.001 -22"><span class='ocrx_word' id='word_1_139' title='bbox 847 3692 936 3743; x_wconf 90' lang='lat' dir='ltr'><strong>ex</strong></span> <span class='ocrx_word' id='word_1_140' title='bbox 995 3670 1336 3745; x_wconf 87' lang='lat' dir='ltr'><strong>universo</strong></span> <span class='ocrx_word' id='word_1_141' title='bbox 1371 3669 1596 3765; x_wconf 89' lang='lat' dir='ltr'><strong>ipsius</strong></span> <span class='ocrx_word' id='word_1_142' title='bbox 1633 3667 2089 3765; x_wconf 87' lang='lat' dir='ltr'><strong>Reipublicae</strong></span> <span class='ocrx_word' id='word_1_143' title='bbox 2124 3671 2481 3745; x_wconf 88' lang='lat' dir='ltr'><strong>territorio</strong></span> <span class='ocrx_word' id='word_1_144' title='bbox 2530 3668 2987 3747; x_wconf 81' lang='lat' dir='ltr'><strong>Ecclesiasti-</strong></span> 
     </span>
     <span class='ocr_line' id='line_1_24' title="bbox 843 3784 2984 3865; baseline 0.002 -6"><span class='ocrx_word' id='word_1_145' title='bbox 843 3808 1004 3859; x_wconf 89' lang='lat' dir='ltr'><strong>cam</strong></span> <span class='ocrx_word' id='word_1_146' title='bbox 1059 3784 1506 3862; x_wconf 86' lang='lat' dir='ltr'><strong>Provinciam</strong></span> <span class='ocrx_word' id='word_1_147' title='bbox 1563 3784 1908 3861; x_wconf 87' lang='lat' dir='ltr'><strong>conficere</strong></span> <span class='ocrx_word' id='word_1_148' title='bbox 1958 3784 2532 3861; x_wconf 85' lang='lat' dir='ltr'><strong>deliberavimus.</strong></span> <span class='ocrx_word' id='word_1_149' title='bbox 2580 3784 2763 3861; x_wconf 84' lang='lat' dir='ltr'><strong>Huic</strong></span> <span class='ocrx_word' id='word_1_150' title='bbox 2812 3812 2984 3865; x_wconf 85' lang='lat' dir='ltr'><strong>vero</strong></span> 
     </span>
    </p>
   </div>
   <div class='ocr_carea' id='block_1_7' title="bbox 845 3902 3137 4017">
    <p class='ocr_par' dir='ltr' id='par_1_8' title="bbox 845 3902 3137 4017">
     <span class='ocr_line' id='line_1_25' title="bbox 845 3902 3137 4017; baseline 0.003 -40"><span class='ocrx_word' id='word_1_151' title='bbox 845 3904 1128 4000; x_wconf 80' lang='lat' dir='ltr'><strong>negotio</strong></span> <span class='ocrx_word' id='word_1_152' title='bbox 1154 3902 1614 4000; x_wconf 74' lang='lat' dir='ltr'><strong>quamcitiuS,</strong></span> <span class='ocrx_word' id='word_1_153' title='bbox 1653 3903 1761 3977; x_wconf 89' lang='lat' dir='ltr'><strong>uti</strong></span> <span class='ocrx_word' id='word_1_154' title='bbox 1800 3926 1928 3997; x_wconf 88' lang='lat' dir='ltr'><strong>par</strong></span> <span class='ocrx_word' id='word_1_155' title='bbox 1968 3915 2105 4017; x_wconf 66' lang='lat' dir='ltr'><strong>est,</strong></span> <span class='ocrx_word' id='word_1_156' title='bbox 2143 3904 2549 3980; x_wconf 86' lang='lat' dir='ltr'><strong>executioni</strong></span> <span class='ocrx_word' id='word_1_157' title='bbox 2582 3906 2983 3983; x_wconf 86' lang='lat' dir='ltr'><strong>mandando</strong></span> <span class='ocrx_word' id='word_1_158' title='bbox 3122 3927 3137 3943; x_wconf 82' lang='lat'><em>&#39;</em></span> 
     </span>
    </p>
   </div>
   <div class='ocr_carea' id='block_1_8' title="bbox 843 4020 2983 4237">
    <p class='ocr_par' dir='ltr' id='par_1_9' title="bbox 843 4020 2983 4237">
     <span class='ocr_line' id='line_1_26' title="bbox 845 4020 2983 4120; baseline 0.004 -27"><span class='ocrx_word' id='word_1_159' title='bbox 845 4044 1176 4118; x_wconf 85' lang='lat' dir='ltr'><strong>prospere</strong></span> <span class='ocrx_word' id='word_1_160' title='bbox 1201 4020 1567 4108; x_wconf 88' lang='lat' dir='ltr'><strong>successit,</strong></span> <span class='ocrx_word' id='word_1_161' title='bbox 1599 4020 1789 4118; x_wconf 86' lang='lat' dir='ltr'><strong>quod</strong></span> <span class='ocrx_word' id='word_1_162' title='bbox 1816 4020 1965 4116; x_wconf 89' lang='lat' dir='ltr'><strong>jam</strong></span> <span class='ocrx_word' id='word_1_163' title='bbox 1993 4022 2355 4120; x_wconf 86' lang='lat' dir='ltr'><strong>superiore</strong></span> <span class='ocrx_word' id='word_1_164' title='bbox 2382 4044 2571 4098; x_wconf 89' lang='lat' dir='ltr'><strong>anno</strong></span> <span class='ocrx_word' id='word_1_165' title='bbox 2604 4022 2983 4101; x_wconf 86' lang='lat' dir='ltr'><strong>millesimo</strong></span> 
     </span>
     <span class='ocr_line' id='line_1_27' title="bbox 843 4137 2981 4237; baseline 0.003 -26"><span class='ocrx_word' id='word_1_166' title='bbox 843 4137 1436 4233; x_wconf 81' lang='lat' dir='ltr'><strong>octingentesimo</strong></span> <span class='ocrx_word' id='word_1_167' title='bbox 1489 4137 1940 4233; x_wconf 81' lang='lat' dir='ltr'><strong>sexagesimo</strong></span> <span class='ocrx_word' id='word_1_168' title='bbox 1992 4138 2127 4213; x_wconf 91' lang='lat' dir='ltr'><strong>sub</strong></span> <span class='ocrx_word' id='word_1_169' title='bbox 2179 4139 2292 4214; x_wconf 88' lang='lat' dir='ltr'><strong>die</strong></span> <span class='ocrx_word' id='word_1_170' title='bbox 2349 4139 2690 4237; x_wconf 80' lang='lat' dir='ltr'><strong>vigesima</strong></span> <span class='ocrx_word' id='word_1_171' title='bbox 2726 4154 2981 4217; x_wconf 83' lang='lat' dir='ltr'><strong>octava</strong></span> 
     </span>
    </p>
   </div>
  </div>
 </body>
</html>
