3317 5267
928 409 1370 619 {Ege-atibus
1423 519 1731 594 comitiis
1783 541 2021 594 coram
2049 515 2385 612 Gregorio
2426 515 2589 592 XV!
2624 517 3043 616 praedeces-

919 663 1080 714 sore
1131 637 1390 712 Nostro
1425 649 1715 712 sanctae
1770 637 2153 710 memoriae
2208 635 2277 707 in
2334 636 2623 712 aedibus
2686 637 3039 711 vaticanis

921 755 1182 830 habitis
1239 754 1390 826 Vlll
1443 754 1596 826 Kal.
1649 755 1885 850 junias
1938 749 2429 840 MDCCCXLI,
2468 754 2655 826 idem
2694 753 3037 828 Summus

921 871 1250 948 Pontifex
1304 869 1398 944 Xl
1452 869 1598 944 Kal.
1655 867 2081 967 septembris
2132 868 2447 966 ejusdem
2502 870 2668 944 anni
2706 871 2795 944 de
2865 871 3037 944 duo-

919 985 1056 1060 bus
1109 985 1462 1060 miraculis
1518 987 1708 1060 tertii
1761 983 2037 1082 generis
2090 983 2553 1060 intercessore
2628 985 2843 1060 beato
2902 985 3037 1058 Mi-

919 1100 1160 1178 chaele
1213 1125 1254 1174 a
1309 1099 1456 1178 Deo
1507 1105 1833 1200 patratis,
1901 1123 2063 1177 cum
2144 1115 2467 1178 constare
2544 1104 2981 1178 decrevisset
3010 1155 3033 1188 ,

919 1219 1093 1294 nihil
1144 1218 1330 1294 aliud
1403 1232 1795 1318 supererat,
1854 1221 1989 1294 nisi
2044 1231 2123 1294 ut
2175 1221 2669 1296 decerneretur
2730 1232 2895 1296 tuto
2948 1222 3037 1293 ad

914 1339 1310 1414 solemnem
1387 1337 1707 1434 ejusdem
1784 1337 1973 1412 beati
2054 1335 2677 1414 Canonizationem
2748 1337 3035 1436 procedi

918 1480 1150 1553 posse.

1074 1575 1138 1668 ς.
1203 1578 1322 1648 12.
1378 1573 1694 1670 Benigno
1744 1577 1981 1672 itaque
2034 1575 2271 1650 animo
2297 1597 2542 1671 preces
2594 1571 3033 1668 excipientes

912 1691 1127 1766 Nobis
1179 1715 1220 1764 a
1270 1689 1590 1787 pluribus
1658 1690 2035 1788 Hispaniae
2110 1690 2515 1786 proceribus
2555 1743 2576 1776 ,
2631 1690 3031 1786 ceterisque

915 1806 1369 1883 nobilioribus
1425 1807 1617 1894 viris,
1676 1831 1807 1880 nec
1880 1830 2021 1881 non
2078 1805 2167 1878 ab
2220 1808 2587 1904 utriusque
2642 1829 2885 1880 sacrae
2940 1805 3033 1880 fa-

915 1928 1148 2001 miliae
1176 1951 1304 2023 pro
1331 1928 1627 2023 captivis
1657 1927 2153 2023 recuperandis
2184 1925 2745 2000 moderatoribus
2770 1924 3027 2010 factaS,

911 2045 1034 2141 qui
1087 2045 1294 2116 enixe
1347 2065 1388 2116 a
1441 2043 1658 2118 Nobis
1713 2042 2169 2139 postulabant
2222 2054 2303 2117 ut
2356 2043 2423 2114 in
2479 2042 2665 2114 hanc
2734 2053 3025 2116 senten-

913 2167 1086 2238 tiam
1137 2163 1749 2249 descenderemuS,
1806 2163 2155 2258 generalia
2210 2162 2495 2235 comitia
2532 2183 2771 2236 coram
2808 2161 3022 2236 Nobis

912 2281 983 2352 in
1065 2279 1326 2377 palatio
1435 2279 1758 2352 vaticano
1849 2277 1941 2350 111
2028 2299 2253 2351 nonas
2332 2277 2757 2374 septembris
2838 2299 3025 2350 anno

910 2393 1376 2470 MDCCGLXI
1429 2394 1869 2490 collegimuS,
1910 2394 2413 2490 propositoque
2446 2391 2659 2468 dubio
2694 2417 2735 2466 a
2788 2391 3025 2467 Vene-

909 2511 1110 2586 rabili
1127 2510 1340 2585 fratre
1369 2509 1624 2584 Nostro
1656 2509 2005 2584 Cardinali
2038 2507 2389 2584 Ludovico
2420 2509 2660 2584 Altieri
2688 2509 3019 2608 episcopo

909 2626 1288 2701 Albanensi
1341 2649 1592 2699 causac
1646 2626 1973 2712 relatore,
2012 2649 2102 2698 an
2140 2626 2543 2722 approbatis
2578 2625 2855 2703 duobus
2898 2627 3021 2698 mi·

907 2747 1162 2820 raculis
1215 2757 1378 2842 post
1427 2746 1669 2819 datam
1728 2745 1949 2820 Beato
1984 2747 2533 2832 venerationem,
2576 2757 2731 2820 tuto
2756 2746 2847 2820 ad
2880 2743 3020 2819 Mi-

907 2864 1169 2938 chaelis
1203 2863 1829 2939 Canonizationem
1886 2863 2405 2958 procederetur,
2436 2863 2689 2960 singuli
2726 2884 2869 2936 uno
2894 2885 3017 2936 ore

908 2993 1386 3058 assenserunt.
1453 2979 1652 3070 Quod
1708 2981 1991 3078 quidem
2044 2981 2405 3054 decretum
2462 3033 2483 3069 ,
2541 2980 2769 3054 Deum
2822 2979 3018 3076 Opti-

907 3123 1107 3174 mum
1161 3099 1548 3174 Maximum
1599 3099 1985 3194 adprecati,
2041 3110 2121 3172 ut
2174 3100 2485 3172 divinam
2538 3099 2649 3172 sui
2688 3097 3013 3173 volunta-

911 3230 1054 3292 tem
1110 3216 1324 3292 Nobis
1379 3217 1604 3311 magis
1659 3216 2025 3312 magisque
2079 3217 2409 3312 aperiret,
2466 3215 2869 3291 distulimus
2932 3217 3019 3288 ad

907 3331 999 3406 Xl
1057 3332 1398 3408 Kalendas
1451 3331 1761 3406 octobris
1816 3331 2131 3428 ejusdem
2188 3335 2381 3420 anni,
2434 3357 2571 3429 qua
2624 3334 2737 3406 die
2788 3332 3015 3406 sancti

907 3451 1258 3526 Francisci
1311 3463 1667 3548 stygmata
1722 3450 2013 3525 caelitus
2070 3453 2413 3548 impressa
2466 3453 2889 3528 recoluntur.
2936 3451 3015 3523 ln

907 3570 1206 3648 sacrario
1259 3569 1496 3665 itaque
1549 3567 1905 3644 Ecclesiae
1932 3581 2215 3642 sanctae
2266 3569 2525 3644 Mariae
2565 3570 2639 3643 in
2670 3569 3011 3656 Aracaeli,

903 3713 1044 3786 quo
1097 3689 1421 3762 eamdem
1473 3690 1904 3762 sententiam
1961 3713 2088 3785 pro
2144 3688 2365 3762 tribus
2418 3699 2491 3762 et
2546 3687 2793 3784 viginti
2830 3711 3015 3760 sera-

907 3804 1098 3902 phici
1149 3803 1432 3878 Ordinis
1488 3803 1917 3901 Martyribus
1970 3803 2491 3900 Japonensibus
2556 3805 3005 3894 dederamuS,

905 3921 1344 3998 adstantibus
1415 3921 1929 3996 venerabilibus
1982 3921 2315 3997 fratribus
2367 3922 2639 3998 Nostris
2716 3936 3003 3996 sanctae

907 4063 1238 4116 romanae
1277 4038 1632 4116 Ecclesiae
1686 4039 2165 4117 Cardinalibus
2217 4040 2680 4117 Constantino
2716 4041 3001 4128 Patrizi,

905 4157 1234 4256 episcopo
1267 4155 1640 4233 Portuensi
1678 4171 1753 4232 et
1786 4171 2075 4232 sanctae
2116 4158 2433 4248 Rufinae,
2472 4183 2709 4236 sacrae
2738 4160 3003 4232 rituum

2599 4387 2643 4402 Q
