3317 5267
891 455 1040 526 480

892 572 1152 646 fratres
1201 569 1506 646 Minores
1555 568 1875 643 Meacum
1928 569 2223 666 petiere.
2262 567 2735 644 Christianam
2788 569 3020 642 fldem

893 690 1167 764 occulte
1217 690 1586 786 amplexus
1624 738 1647 776 ,
1720 687 2131 783 parentibus
2164 739 2187 776 ,
2260 688 2704 785 propinquis,
2758 687 3025 762 amicis

893 829 1056 882 eum
1093 805 1352 882 frustra
1387 805 1919 881 cohortantibus
1944 817 2027 880 ut
2078 807 2373 882 domum
2422 807 2713 892 rediret,
2744 805 3023 902 opibus

889 924 1152 998 relictis
1203 923 1394 998 tertii
1444 920 1728 997 Ordinis
1780 923 2007 1010 sancti
2061 921 2413 997 Francisei
2464 922 2783 1019 regulam
2838 945 3023 1018 pro-

895 1041 1124 1116 fessus
1177 1054 1310 1116 est.
1368 1041 1620 1115 Enixis
1671 1041 2023 1137 precibus,
2056 1041 2335 1138 vigiliis,
2368 1041 2655 1138 jejuniis
2690 1042 3023 1137 parentis

893 1161 1006 1234 sui
1055 1183 1098 1232 a
1150 1159 1486 1234 falsorum
1539 1159 1831 1233 deorum
1902 1159 2098 1232 cultu
2173 1159 2263 1233 ad
2314 1159 2463 1232 veri
2523 1159 2839 1234 numinis
2892 1183 3023 1232 se-

891 1277 1174 1373 quelam
1225 1277 1763 1351 conversionem
1846 1276 2281 1372 impetravit.
2346 1273 2793 1350 Christianae
2844 1275 3027 1350 reli-

891 1395 1120 1489 gionis
1170 1393 1654 1489 propagationi
1712 1415 1967 1466 vacans
2008 1390 2229 1466 Meaci
2280 1393 2431 1464 vias
2482 1391 2781 1466 assiduis
2836 1415 3019 1468 con-

891 1509 1211 1585 cionibus
1263 1507 1636 1582 lustrabat.
1760 1559 1775 1570 .
2407 1595 2412 1598 -

1051 1629 1116 1722 §.
1183 1630 1300 1698 ¹7.
1357 1625 1658 1700 loannes
1710 1624 2026 1723 Quizuya
2062 1626 2483 1724 Japonensis
2534 1624 2757 1702 Meaci
2811 1636 3017 1702 ortus

895 1755 1030 1830 cst,
1091 1743 1496 1838 victumque
1547 1741 1683 1818 sibi
1718 1764 2059 1816 manuum
2112 1763 2403 1817 suarum
2452 1740 2689 1816 labore
2726 1763 3015 1836 compa·

899 1859 1128 1945 rabat,
1167 1858 1255 1932 de
1293 1860 1813 1953 superstitionis
1866 1881 2035 1932 suae
2064 1859 2359 1931 veritate
2406 1859 2595 1932 haud
2646 1857 3009 1932 dubitans.

899 1977 1030 2050 Ubi
1089 1999 1130 2048 a
1181 1975 1474 2052 concive
1525 1999 1654 2049 suo
1726 1975 2023 2062 audivit,
2090 1973 2535 2049 franciscales
2588 1995 2775 2048 nova
2828 1973 3013 2048 bene

895 2095 1176 2167 vivendi
1227 2104 1604 2188 praecepta
1631 2091 1909 2180 docere,
1946 2091 2150 2166 bonis
2202 2091 2517 2166 imbutus
2568 2089 2891 2166 moribus
2940 2092 3013 2164 in

907 2209 1330 2284 christianae
1363 2209 1526 2282 fidei
1575 2208 1933 2306 mysteriis
1968 2209 2287 2282 initiatus
2320 2219 2457 2298 est,
2493 2207 2808 2304 adeoque
2860 2229 3021 2304 pro-

897 2328 1092 2412 fecit,
1121 2337 1205 2398 ut
1231 2325 1596 2420 seraphico
1633 2325 1821 2398 tertii
1858 2321 2137 2398 Ordinis
2171 2321 2419 2396 habitu
2452 2323 2741 2398 indutus
2768 2343 3019 2398 omnes

889 2465 1018 2515 suo
1061 2439 1394 2536 exemplo
1466 2439 1554 2512 ad
1613 2441 1951 2514 virtutem
2018 2439 2389 2514 excitaret.
2446 2437 2603 2514 Non
2654 2438 2871 2514 modo
2940 2438 3015 2510 in

909 2559 1332 2634 nosocomiis
1385 2558 1614 2652 aegris
1662 2580 1870 2654 opem
1922 2557 2221 2646 ferebat,
2252 2557 2373 2632 sed
2410 2580 2627 2656 quem
2678 2564 3023 2654 genuerat

905 2677 1124 2752 filium
1181 2678 1268 2751 ad
1321 2677 1456 2750 hoc
1507 2677 1824 2752 caritatis
1874 2699 2053 2773 opus
2104 2675 2599 2752 inflammavit.

1055 2797 1120 2890 §.
1185 2799 1304 2868 18.
1363 2791 1677 2870 Thomas
1730 2790 1997 2868 Dancbi
2048 2793 2137 2868 de
2192 2794 2303 2868 lze
2354 2804 2429 2868 et
2489 2796 2641 2890 ipse
2690 2791 2779 2866 de
2818 2789 3017 2865 Mea·

891 2915 1090 2988 censi
1127 2909 1300 2988 urbe
1329 2924 1708 2999 mercator,
1748 2923 1981 2986 aetate
2017 2925 2399 3010 provectus
2422 2911 2774 3009 baptisma
2813 2933 2855 2984 a
2882 2931 3021 3006 pa·-

904 3033 1132 3108 tribus
1161 3033 1534 3108 Societatis
1563 3031 1733 3107 «lesu
1768 3034 2102 3130 suscepit.
2136 3031 2445 3108 Moribus
2470 3031 2659 3106 haud
2684 3031 3023 3104 immuta·

895 3150 1020 3235 tis,
1049 3147 1498 3222 franciscales
1559 3147 1877 3222 Thomas
1928 3149 2217 3223 domum
2272 3170 2414 3222 non
2464 3145 3013 3222 christianorum

903 3267 1368 3352 domicilium,
1437 3267 1564 3340 sed
1616 3266 1972 3340 latronum
2042 3267 2450 3363 speluncam
2532 3263 3013 3362 appellabant.

903 3383 1096 3458 Uxor
1147 3384 1302 3478 ejus
1353 3382 1618 3480 filiique
1671 3383 1873 3457 idolis
1908 3384 2311 3457 serviebant
2346 3383 2627 3481 flagitiis
2680 3380 3017 3458 omnibus

895 3500 1140 3572 dediti.
1201 3499 1562 3596 supernae
1615 3500 1881 3595 gratiae
1932 3500 2199 3574 lumine
2252 3524 2335 3576 ac
2384 3502 2667 3576 divinae
2718 3499 3017 3598 injuriae

895 3615 1136 3689 dolore
1163 3625 1566 3710 correptum
1606 3626 1973 3689 anteactae
2014 3616 2199 3690 vitae
2236 3618 2609 3713 poenituit:
2640 3617 3017 3713 conjugem

893 3731 1300 3830 liberosque
1351 3733 1438 3806 ad
1475 3753 1723 3805 sanam
1778 3730 2053 3830 frugem
2092 3735 2477 3821 revocavit,
2532 3731 2817 3808 divitias
2846 3755 3013 3808 suas

897 3849 1324 3946 pauperibus
1373 3851 1669 3944 largitus
1720 3861 1857 3924 est.
1898 3849 1977 3923 ln
2032 3853 2258 3949 aegris
2312 3850 2634 3928 curandis
2686 3851 3015 3924 assiduus

891 3967 1318 4042 catechistae
1377 3990 1671 4042 munere
1740 3967 2183 4064 fungebatur.
2234 3967 2415 4043 Cum
2469 3967 2807 4042 fratribus
2856 3965 3013 4042 Mi-

895 4084 1181 4160 noribus
1238 4097 1513 4160 vastam
1567 4085 1867 4182 Nyphon
1922 4086 2223 4160 insulam
2257 4086 2611 4176 lustravit,
2658 4083 3007 4185 tertioque

901 4202 1144 4280 Ordini
1197 4205 1422 4280 sancti
1477 4203 1531 4278 F
1537 4205 1835 4280 rancisci
1888 4228 2145 4280 nomen
2199 4206 2514 4281 dederat.
