3317 5267
823 421 966 490 666

813 534 886 605 in
937 532 1222 608 aedibus
1275 535 1597 629 pueritia,
1655 534 2015 611 Coloniam
2068 536 2465 611 studiorum
2522 560 2737 611 causa
2778 559 2947 611 con-

815 651 1052 738 cessit,
1109 651 1340 748 ibique
1394 653 1923 728 humanioribus
1974 653 2229 728 litteris
2283 654 2609 728 excultus
2650 655 2785 728 iuri
2840 653 2947 727 Ci-

820 771 940 844 vili
988 768 1276 844 Lovanii
1328 772 1779 866 postmodum
1836 773 2053 846 sacris
2106 770 2493 845 canonibus
2546 794 2839 867 operam
2876 793 2957 842 a-

822 887 1128 976 diunxit,
1184 911 1262 961 ac
1315 889 1452 961 iam
1506 890 1673 963 inde
1730 913 1770 960 a
1821 892 2049 985 prima
2102 901 2337 962 aetate
2392 889 2686 986 flagrare
2722 889 2961 990 coepit

822 1007 1066 1080 ardore
1119 1007 1415 1080 tuendae
1461 1007 1652 1093 fidei,
1717 1019 1801 1082 ut
1850 1007 2175 1104 gloriosis
2226 1007 2733 1082 certaminibus
2784 1031 2961 1104 pro-

821 1121 1058 1198 ludere
1109 1124 1623 1221 quodammodo
1682 1125 1871 1198 visus
1922 1125 2042 1210 sit,
2099 1146 2321 1220 quum
2404 1123 2616 1196 verba
2670 1149 2709 1197 e
2772 1149 2963 1220 sug-

823 1253 1025 1336 gestu
1103 1239 1360 1316 faciens
1436 1240 1862 1334 haereticam
1947 1241 2379 1337 pravitatem
2458 1239 2952 1315 insectaretur.

822 1359 1026 1451 Quod
1077 1363 1356 1457 quidem
1413 1361 1855 1458 piaeclarum
1916 1360 2229 1442 studium
2280 1371 2364 1433 ut
2398 1358 2669 1433 facilius
2704 1359 2957 1456 exple·

821 1490 959 1566 ret,
1015 1481 1278 1573 primus
1331 1479 1521 1553 inter
1576 1476 1973 1552 Germanos
2026 1451 2361 1550 fundatae
2412 1475 2747 1552 Societati
2792 1475 2955 1550 Iesu

823 1619 1078 1671 nomen
1129 1598 1346 1684 dedit,
1401 1599 1492 1672 ab
1542 1621 1771 1696 eoque
1826 1599 2193 1694 proposito
2229 1620 2459 1694 neque
2498 1597 2953 1695 amplissimis

826 1727 1154 1811 paternae
1205 1715 1456 1790 domus
1511 1715 1813 1791 fortunis
1867 1725 1945 1789 et
2020 1715 2647 1792 commoditatibus
2724 1737 2959 1811 neque

825 1831 1338 1906 honestissimis
1365 1832 1699 1916 exhibitis
1730 1833 1993 1930 nuptiis
2030 1831 2267 1928 potuit
2296 1831 2407 1906 vel
2430 1827 2809 1906 minimum
2840 1832 2960 1906 de-

829 1949 1102 2024 terreri.
1157 1947 1554 2024 Sacerdotio
1605 1951 1855 2024 auctus
1908 1951 1995 2024 ad
2048 1949 2407 2026 Ecclesiae
2460 1949 2952 2026 defensionem

829 2065 1310 2142 vehementius
1361 2068 1652 2153 exarsit,
1714 2088 1797 2139 ac
1854 2067 2027 2141 nihil
2079 2065 2217 2141 sibi
2268 2066 2771 2165 defugiendum
2836 2068 2963 2142 du-

833 2184 966 2270 xit,
1019 2185 1386 2281 quominus
1441 2185 1671 2259 eidem
1722 2181 2077 2258 laboranti
2128 2207 2561 2272 succurrere,
2610 2207 2981 2282 quacum-2

829 2324 970 2398 que
1027 2302 1292 2376 ratione
1345 2316 1610 2397 posset,
1668 2301 2137 2397 experiretur.
2200 2299 2259 2374 A
2312 2299 2519 2378 Clero
2572 2315 2647 2376 et
2698 2303 2959 2398 populo

833 2419 1222 2495 Coloniensi
1267 2423 1580 2498 sincerae
1631 2421 1794 2496 fidei
1847 2421 2415 2496 retinentissimo
2470 2421 2733 2496 missus
2768 2421 2954 2518 lega-

832 2551 948 2610 tus
999 2549 1110 2610 est
1157 2537 1244 2612 ad
1289 2535 1618 2611 Carolum
1680 2535 1737 2610 V
1818 2537 2330 2634 Imperatorem
2374 2589 2396 2624 ,
2472 2537 2791 2633 itemque
2860 2537 2950 2610 ad

833 2653 1206 2752 Georgium
1261 2655 1704 2730 Austriacum
1755 2651 2189 2751 Episcopum
2269 2653 2733 2728 Leodiensem
2775 2705 2799 2742 ,
2870 2663 2953 2728 ut

833 2773 1147 2868 ipsorum
1199 2770 1599 2868 imploraret
1651 2791 1863 2866 opem
1918 2782 2169 2846 contra
2236 2770 2723 2846 Hermannum
2802 2769 2959 2844 Ec-

829 2887 1078 2962 clesiae
1131 2883 1554 2962 Coloniensis
1612 2884 2067 2974 Antistitem,
2122 2889 2245 2984 qui
2295 2909 2643 2961 novarum
2680 2887 2965 2983 opinio-

831 3028 1006 3080 num
1056 3016 1295 3101 captus
1347 3004 1717 3092 illecebris,
1774 3017 1848 3080 et
1900 3003 2417 3080 haereticorum
2453 3004 2817 3079 fraudibus
2854 3006 2955 3077 ir-

833 3124 1112 3210 retituS,
1166 3121 1554 3220 complures
1605 3146 1697 3196 ex
1747 3122 1858 3198 his
1912 3121 2275 3196 Coloniam
2312 3122 2697 3211 adciverat,
2749 3122 2960 3196 nimi-

841 3260 1002 3314 rum
1039 3241 1111 3312 in
1147 3239 1316 3313 ovile
1351 3237 1610 3312 Christi
1651 3241 2055 3319 teterrimos
2092 3240 2297 3335 lupos
2334 3240 2737 3328 induxerat3
2764 3263 2963 3313 rem-

835 3377 976 3451 que
1029 3353 1340 3430 Canisius
1393 3356 1489 3428 ita
1542 3378 1881 3452 prospere
1934 3357 2179 3454 gessit,
2236 3369 2317 3430 ut
2366 3357 2551 3432 haud
2590 3357 2693 3430 ita
2726 3359 2955 3432 multo

835 3485 1000 3568 post
1049 3471 1164 3546 ille
1203 3523 1225 3561 ,
1279 3495 1413 3548 non
1463 3485 1735 3568 pastor,
1788 3474 1913 3548 sed
1966 3474 2439 3550 mercenarius
2468 3525 2489 3561 ‚
2546 3475 2804 3549 merito
2856 3476 2954 3548 sit

835 3611 1210 3686 percussus
1262 3589 1705 3666 anathemate
1736 3642 1759 3680 ,
1818 3602 1891 3664 et
1942 3613 1987 3664 a
2038 3591 2363 3683 catholici
2416 3593 2649 3688 gregis
2698 3604 2956 3684 custo-

831 3707 948 3781 dia
999 3705 1430 3780 deturbatus.
1516 3707 1616 3781 Ac
1668 3708 1791 3782 vix
1842 3729 2106 3798 annum
2165 3721 2449 3800 sextum
2500 3733 2715 3806 supra
2768 3710 2960 3784 vice·-

831 3825 1091 3903 simum
1145 3821 1390 3900 Petrus
1443 3826 1779 3922 attigerat
1815 3877 1835 3913 ,
1874 3847 2117 3924 ‚quum
2170 3849 2213 3901 a
2264 3824 2611 3902 Cardinali
2664 3825 2949 3902 Othone

834 3938 1216 4015 Frucbensi
1251 3939 1596 4037 Episcopo
1629 3939 2063 4038 Augustano,
2090 3945 2212 4042 qui
2242 3945 2371 4018 viri
2406 3944 2777 4021 seientiam
2811 3943 2955 4016 vir-

830 4069 1199 4153 tutemque
1243 4054 1454 4152 probe
1507 4067 1827 4145 noverat,
1884 4060 2148 4136 missus
2203 4060 2291 4134 ad
2348 4057 2741 4136 Concilium
2804 4059 2957 4132 Tri-

830 4173 1198 4249 dentinum
1232 4187 1338 4250 est
1375 4174 1713 4272 Theologi
1772 4178 2057 4252 nomine
2105 4177 2189 4254 ac
2220 4201 2511 4256 munere
2547 4177 2951 4274 insignituS,
