3317 5267
284 568 483 643 bitur
516 566 831 664 dignam,
864 567 951 639 ad
996 564 1569 640 Cathedralitatis
1609 566 1952 641 honorem
1991 452 2432 651 οιιοΙΙίηῗιιὸεῗ

289 710 455 761 oum
510 685 841 762 omnibus
896 686 1163 781 pariter
1182 686 1491 781 juribuS,
1532 684 1950 771 honoribuS,
2008 683 2420 780 privilegiis,

292 806 691 901 ceterisque
768 802 1165 901 quibusque
1208 858 1229 891 ,
1284 826 1469 901 quae
1524 804 1706 876 aliae
1759 804 2036 876 illarum
2115 802 2432 897 partium

294 920 751 996 Cathedra‘les
805 924 1171 997 communi
1216 924 1381 1019 jure
1434 922 1791 1010 obtinent,
1849 931 2130 995 servato
2182 932 2426 995 tamen

296 1042 705 1137 primaevae
758 1041 1224 1116 invocationis
1299 1042 1536 1129 titulo,
1580 1042 1992 1137 eademque.
2050 1040 2110 1113 si
2185 1038 2422 1115 forsan

296 1159 615 1235 obtineat
663 1160 1197 1255 paroehialitate
1276 1173 1493 1257 atque
1547 1162 1950 1233 animarum
2023 1181 2196 1233 cura
2271 1158 2426 1254 pari

298 1276 513 1351 modo
566 1278 673 1355 uti
726 1289 943 1353 antea
994 1279 1067 1350 in
1106 1291 1477 1375 posterum
1514 1300 1803 1375 quoque
1841 1277 2284 1363 exercenda3
2347 1298 2428 1348 ae

298 1393 401 1466 ita
454 1406 535 1469 ut
588 1396 663 1466 in
714 1394 872 1491 ipsa
922 1394 1243 1469 Ecclesia
1306 1396 1619 1492 erigatur
1688 1405 2184 1492 perpetuoque
2253 1416 2428 1467 oon·-

268 1504 273 1510 ’
310 1512 655 1586 stituatur
690 1510 1327 1603 Sedes,Cathedra,
1365 1526 1441 1589 et
1476 1513 1786 1610 dignitas
1820 1510 2260 1607 Episenpalis
2295 1534 2426 1606 pro

300 1631 449 1704 eius
526 1630 879 1705 ordinario
936 1630 1277 1707 Antistite
1328 1631 1666 1707 Puniensi
1719 1630 2220 1727 nuncupando,
2299 1629 2424 1727 qui

304 1748 533 1822 eidem
570 1742 971 1845 Episcopali
998 1747 1693 1835 Ecclesiae,Civitati
1719 1749 2019 1846 ejusque
2051 1747 2424 1821 universae

300 1862 647 1951 Dioeoesi,
704 1890 787 1940 ae
834 1867 1131 1962 proinde
1166 1878 1431 1942 cuncto
1460 1864 1666 1941 Clero
1725 1878 1802 1941 et
1855 1865 2113 1963 populo
2149 1865 2224 1937 in
2263 1860 2424 1938 Do·-

308 1983 505 2056 mino
554 1986 845 2079 praesit,
887 2008 969 2059 ae
1020 1982 1467 2075 catholicam
1526 1986 1930 2061 Romanam
1984 1994 2058 2058 et
2115 1982 2426 2079 Aposto-

291 2100 503 2175 lioam
562 2100 1000 2199 Religionem
1051 2126 1194 2177 non
1224 2106 1437 2179 modo
1482 2104 1690 2177 enixe
1729 2114 2036 2189 tueatur,
2065 2101 2188 2175 sed
2231 2098 2420 2173 illam

306 2221 697 2315 augendam
752 2221 839 2294 de
886 2222 999 2295 die
1038 2223 1111 2295 in
1146 2222 1337 2295 diem
1376 2244 1828 2318 summopere
1865 2230 2093 2306 curet,
2149 2218 2422 2312 illisque

298 2336 629 2411 omnibus
662 2348 905 2411 utatur
935 2337 1239 2435 juribuS,
1269 2337 1844 2434 praeeminentiis
1880 2346 2094 2431 atque
2121 2355 2422 2431 praero-

292 2452 575 2549 gativis,
630 2453 889 2550 quibus
944 2454 1115 2529 alias
1203 2478 1295 2527 ex
1346 2475 1710 2529 sacrorum
1791 2450 2156 2527 Canonum
2237 2470 2422 2523 san-

294 2568 645 2643 etionibus
694 2569 1045 2645 Ecclesias
1098 2571 1315 2648 etiam
1352 2572 1439 2647 de
1471 2573 1627 2668 jure
1666 2570 1925 2645 habere
1961 2568 2178 2644 Nobis
2215 2586 2420 2641 eom-

300 2702 585 2785 pertum
637 2701 772 2763 est.
832 2689 1245 2766 Absolutam
1284 2690 1523 2787 itaque
1560 2690 1984 2787 plenamque
2021 2709 2249 2765 novus
2301 2684 2420 2757 hie

304 2806 621 2881 Antiates
674 2806 1045 2882 Puniensis
1096 2808 1357 2883 habeat
1408 2806 1850 2893 facultatem,
1907 2805 2080 2903 quin
2135 2801 2226 2875 ab
2279 2799 2422 2875 ullo

309 2948 621 3021 unquam
677 2927 929 3021 quovis
994 2925 1205 3000 titulo
1277 2927 1504 3021 possit
1584 2924 1956 3019 impediri,
2029 2944 2112 2995 ea
2163 2921 2426 3015 dispo-

304 3045 543 3131 nendi,
581 3044 977 3130 ordinandi,
1015 3043 1401 3127 statuendi,
1442 3065 1523 3117 ao
1558 3041 2006 3125 decernendi,
2045 3060 2230 3137 quae
2296 3058 2428 3133 pa-

302 3163 585 3237 storalis
639 3164 1017 3238 ministerii
1070 3165 1179 3239 sui
1210 3186 1417 3249 onus»,
1449 3162 1782 3259 dignitez,
1821 3160 2318 3257 opportunitas
2353 3168 2430 3231 et

305 3281 737 3355 conscientia
790 3282 1187 3377 requirant,
1246 3279 1603 3377 libereque
1647 3300 1938 3381 prorsus
1967 3276 2200 3368 valeat
2233 3284 2430 3349 sata-

306 3410 569 3494 gatque
620 3420 751 3494 pro
804 3396 1471 3471 Ecclesiasticarum
1525 3416 1766 3469 rerum
1819 3393 2160 3469 exercitio
2211 3402 2426 3488 atque

307 3529 503 3591 reeta
556 3515 912 3593 Dioecesis
966 3540 1135 3592 suae
1188 3515 1804 3591 administratione
1842 3567 1863 3600 ,
1903 3535 2026 3587 eos
2077 3520 2430 3609 quotquot

308 3635 611 3709 voluerit
664 3636 735 3707 in
788 3634 1187 3730 generalem
1248 3632 1631 3722 vicarium,
1687 3633 1758 3705 in
1825 3629 2300 3716 ConsiliarioS,
2355 3638 2436 3701 et

309 3751 686 3849 Adjutores
736 3750 1019 3847 eligere,
1050 3764 1265 3849 atque
1318 3752 1778 3838 constituere,
1833 3771 2012 3846 quos
2065 3748 2152 3825 ad
2187 3745 2432 3842 hujus-

308 3864 501 3945 modi
590 3869 815 3945 offieia
892 3882 1327 3965 opportunos
1416 3867 1730 3965 probiter
1804 3866 2290 3963 judicaverim
2343 3864 2432 3937 ad

307 3986 719 4061 Cleriealem
772 3996 1041 4061 statum
1096 3987 1430 4061 admittat
1476 3988 1684 4081 juxta
1757 4006 2117 4060 sacrorum
2198 3978 2430 4055 Cano·-

304 4131 477 4183 num
534 4120 607 4181 et
660 4110 1091 4204 praesertim
1151 4105 1443 4183 Consilii
1484 4105 1876 4183 Tridentini
1913 4125 2238 4180 normam
2275 4126 2424 4187 eoa,

303 4250 483 4329 quos
538 4226 611 4297 in
664 4236 933 4300 sortem
990 4224 1271 4301 Domini
1327 4248 1369 4297 a
1425 4222 1572 4299 Deo
1625 4236 1915 4301 vocatos
1955 4246 2110 4298 esse
2149 4245 2418 4319 eogno-

1894 4344 1988 4417 25
