3317 5267
2350 433 2494 504 667

365 552 438 624 in
491 573 714 647 eoque
765 547 1334 645 frequentissimo
1387 543 1904 619 Catholicorum
1960 541 2251 650 Patrum
2311 571 2485 622 con-

365 689 567 741 sessu
617 666 878 738 nemini
932 663 1223 762 probata
1260 687 1400 738 non
1443 674 1555 736 est
1583 661 1771 734 illius
1811 661 1883 732 in
1920 660 2331 737 disserendo
2364 665 2497 740 do-

365 781 616 869 ctrina,
671 784 744 855 in
797 781 1226 877 explicandis
1280 776 1809 877 quaestionibus
1864 777 2137 851 consilii
2198 783 2495 854 maturi-

364 911 502 986 tas„
557 899 628 971 in
681 897 1168 994 respondendo
1221 897 1552 973 alacritas
1592 946 1613 981 ,
1672 895 1745 966 in
1796 893 2089 966 dicenda
2142 899 2493 970 sententia

364 1016 674 1111 gravitas
727 1027 802 1088 et
853 1015 1276 1108 constantia..
1333 1011 1614 1116 Exinde
1666 1032 1707 1081 a
1758 1009 1832 1082 S.
1894 1009 2163 1107 Ignatio
2200 1014 2498 1086 arcessi-

365 1141 482 1204 tus
521 1131 596 1204 in
631 1130 922 1220 Urbem,
981 1150 1149 1206 mox
1197 1133 1409 1228 jussu
1459 1130 1644 1202 illius
1680 1128 2037 1224 politiores
2057 1126 2328 1203 litteras
2364 1153 2499 1226 pu·-

364 1243 546 1320 blice
615 1246 950 1322 docturus
1003 1248 1405 1322 Messanam
1460 1237 1821 1341 profectus
1874 1255 2010 1331 est,
2068 1244 2275 1342 idque
2336 1268 2502 1320 mu·-

363 1384 500 1434 nus
550 1383 780 1459 neque
831 1365 1019 1436 euris
1055 1415 1078 1452 ,
1131 1387 1262 1438 nec
1315 1361 1782 1437 sollicitudine
1837 1381 2137 1434 vacuum
2218 1381 2497 1436 summa

367 1500 530 1552 cum
585 1478 790 1554 laude
841 1480 911 1552 in
967 1479 1356 1554 iuventutis
1409 1477 1994 1552 commoditatem
2022 1479 2362 1552 exercuit.
2404 1479 2495 1552 E-

361 1594 564 1692 lapso
613 1596 736 1668 vix
787 1619 973 1672 anno
1025 1597 1400 1670 restitutus
1453 1592 1873 1668 Germaniae
1924 1593 2060 1666 fuit
2113 1593 2497 1672 Venerabi-

361 1711 450 1786 lis
504 1710 758 1787 Petrus
796 1765 817 1800 ,
875 1725 955 1787 ut
1007 1714 1106 1787 ibi
1158 1713 1505 1787 latissimo
1560 1710 1781 1785 veluti
1834 1711 1905 1783 in
1958 1733 2211 1808 campo
2262 1713 2497 1790 virtu-

366 1839 514 1904 tem
567 1845 926 1908 exerceret
977 1855 1208 1906 suam.
1244 1831 1751 1928 Inglostadium
1802 1830 2067 1925 primo,
2126 1828 2497 1909 Vindobo—

364 1969 532 2020 nam
561 1949 816 2024 deinde
841 1973 1062 2049 quum
1117 1950 1592 2048 pervenisset,
1648 1948 2011 2045 deplorare
2048 1961 2333 2026 coactus
2385 1965 2498 2026 est

363 2065 590 2138 multa
641 2078 718 2139 et
769 2069 1008 2164 gravia
1060 2066 1326 2141 inflicta
1378 2066 1468 2140 ab
1519 2065 1897 2139 haereticis
1952 2065 2297 2164 Religioni
2336 2069 2497 2143 vul-

367 2201 565 2268 nera,
617 2182 1041 2279 depravatos
1095 2185 1354 2281 quippe
1406 2179 1705 2258 offendit
1754 2182 1992 2277 populi
2032 2206 2289 2271 morea,
2344 2185 2495 2260 col-

367 2295 642 2392 lapsam
693 2301 1326 2376 ecclesiasticorum
1383 2300 1696 2376 virorum
1749 2299 2215 2396 disciplinam,
2254 2302 2495 2400 negle-

365 2427 564 2490 ctum
617 2419 1044 2517 templorum
1095 2420 1395 2507 cultum,
1453 2419 1937 2492 intermissum
2002 2417 2496 2496 Sacramento-
2554 2416 2561 2429 “

367 2555 528 2606 rum
580 2557 815 2623 usum,
872 2537 1128 2632 oppida
1186 2537 1522 2632 pleraque
1575 2535 1723 2607 suis
1780 2533 2025 2609 orbata
2065 2537 2493 2632 pastoribus;

363 2651 620 2748 quibus
663 2653 876 2726 malis
931 2665 1014 2727 ut
1065 2654 1497 2742 mederetur,
1557 2663 1713 2727 tum
1766 2675 1965 2741 voce,
2034 2666 2189 2728 tum
2246 2679 2494 2730 exem-

366 2769 510 2866 plo,
565 2774 764 2846 cuius
815 2775 1130 2847 maxima
1181 2797 1340 2848 esse-
1391 2772 1574 2847 solet
1623 2774 1715 2847 ad
1749 2774 2313 2868 persuadendum
2350 2775 2488 2861 vis,

361 2887 744 2984 plurimum
772 2891 1144 2965 laboravit.
1203 2890 1514 2964 Maxime
1570 2889 1853 2975 anxius,
1893 2912 1975 2963 ac
2028 2891 2365 2965 sollicitus
2404 2892 2493 2965 de

363 3007 758 3083 studiorum
809 3011 1086 3086 ratione
1137 3012 1210 3082 in
1264 3007 1512 3106 Lyceis
1563 3009 2017 3081 instauranda
2049 3058 2069 3095 ,
2150 3010 2491 3105 pertinaci

367 3129 824 3202 contentione
876 3129 1014 3203 hoc
1065 3128 1353 3202 tandem
1409 3137 1522 3200 est
1571 3136 2019 3224 assequutus,
2075 3139 2157 3199 ut
2220 3129 2489 3200 vocatis

367 3245 454 3318 ad
504 3244 898 3321 docendum
949 3247 1286 3342 probatae
1339 3245 1498 3318 fidei
1551 3245 1909 3340 magistris
1936 3296 1959 3330 ,
2012 3265 2181 3317 sana
2235 3245 2492 3319 iterum

239 3350 247 3359 ’
363 3363 680 3438 doctrina
734 3375 808 3436 et
859 3363 1274 3438 scholastica
1327 3363 1681 3457 theologia
1734 3362 2013 3460 publice
2075 3364 2488 3452 traderetur,

365 3505 408 3554 a
459 3503 625 3578 qua,
683 3492 928 3578 utpote
983 3483 1264 3556 veritati
1321 3480 1723 3556 Catholicae
1752 3482 2205 3578 explicandae
2231 3505 2491 3579 oppor-

365 3601 740 3674 tunissima
779 3652 800 3687 ,
885 3599 1378 3675 protestantes
1429 3599 1913 3697 maximopere
1991 3599 2485 3674 abhorrebant.

367 3715 506 3792 Per
529 3717 800 3794 libellos
827 3718 1178 3794 erroribus
1215 3719 1516 3794 refertos
1551 3719 1855 3815 dispergi
1885 3741 2234 3792 venenum
2268 3739 2489 3813 quum

367 3849 714 3924 cerneret,
769 3850 1248 3934 opportunum
1302 3836 1636 3911 adhibere
1692 3838 2081 3910 remedium
2122 3837 2486 3933 cogitavit,

369 3977 726 4029 summam
781 3954 1180 4030 Catholicae
1233 3957 1590 4030 doctrinae
1641 3955 2142 4032 conscribendo
2173 4008 2193 4044 ,
2276 3955 2485 4053 idque

368 4075 598 4170 operis
649 4085 798 4148 tam
852 4075 1239 4163 enucleate,
1297 4086 1442 4146 tam
1497 4073 1820 4162 dilucide,
1877 4099 1959 4150 ac
2011 4097 2251 4171 presse
2312 4099 2487 4150 con-
2542 4110 2547 4114 ·

366 4193 536 4269 fecit
572 4247 593 4281 ,
650 4207 732 4268 ut
781 4197 866 4270 ad
923 4196 1338 4270 erudiendos
1389 4193 1730 4270 catholica
1784 4196 2081 4269 veritate
2134 4195 2431 4292 populos
2460 4248 2483 4283 ,
