3317 5267
2296 477 2438 547 687

314 603 772 654 nummus
810 605 1112 655 turma
1137 602 1523 660 amnonis,
1566 600 1925 661 ullumve,
1949 597 2427 660 &tentamenta

391 701 464 748 ΒΤ
499 700 786 750 nmscoms
823 703 1131 752 vmvnsls
1149 702 1395 750 sunm
1419 703 1490 748 ΒΤ
1509 699 1938 748 commolunt
1976 697 2357 756 &sostenen

1087 797 1250 842 sums
1289 794 1667 842 msnurunVS.

1005 1107 1253 1200 PIUS
1307 1107 1476 1196 ΡΡ.
1539 1107 1694 1196 ΙΧ.

1025 1373 1420 1420 munnulus
1459 1372 1703 1420 rannus

715 1587 971 1636 ssi-vm
1009 1587 1081 1634 Π
1118 1583 1511 1636 tremonem
1551 1586 2018 1636 unumunurm!
2134 1640 2141 1648 ,

447 2017 662 2082 uanta
711 2031 878 2083 cura
929 2033 1012 2084 ac
1059 2011 1394 2108 pastorali
1465 2011 1825 2110 vigilantia
1892 2011 2197 2087 Romani
2247 2011 2438 2088 Pon·-

310 2124 530 2198 tifices
609 2123 1188 2200 Praedecessores
1277 2125 1536 2214 Nostri,
1595 2140 2067 2224 exsequentes
2146 2129 2441 2203 deman-

306 2239 555 2316 datum
606 2243 740 2318 sibi
787 2243 880 2318 ab
931 2245 1088 2340 ipso
1135 2243 1421 2320 Christo
1461 2243 1765 2321 Domino
1801 2247 1871 2318 in
1926 2269 2228 2344 persona
2262 2245 2444 2320 Bea-

309 2358 566 2432 tissimi
619 2358 811 2434 Petri
866 2360 1360 2458 Apostolorum
1415 2359 1759 2460 Principis
1786 2360 2117 2452 officium,
2146 2385 2445 2438 munus-

313 2497 452 2572 que
505 2477 833 2573 pascendi
859 2501 1078 2574 agnos
1131 2490 1208 2553 et
1259 2501 1429 2554 oves
1489 2501 1855 2578 nunquam
1931 2481 2444 2556 intermiserint

309 2592 722 2668 universum
776 2593 1225 2671 Dominicum
1277 2618 1564 2693 gregem
1617 2597 1863 2673 sedulo
1906 2599 2221 2673 enutrire
2250 2621 2446 2688 ‚ver-

317 2705 430 2782 bis
479 2710 664 2800 fidei,
719 2734 802 2786 ac
853 2713 1144 2788 salutar-i
1195 2712 1520 2789 doctrina
1547 2713 1865 2788 imbuere
1894 2765 1917 2802 ,
1972 2737 2277 2812 eumque
2352 2714 2443 2788 ab

311 2827 678 2900 venenatis
729 2827 1008 2922 pascuis
1061 2851 1325 2918 arcere,
1387 2829 1717 2903 omnibus
1768 2831 2054 2926 quidem
2090 2854 2173 2906 ac
2225 2828 2443 2907 Vobis

308 2943 728 3037 praesertim
783 2954 1262 3039 compertum,
1314 2944 1907 3042 exploratumque
1952 2957 2089 3033 est,
2129 2944 2443 3020 Venera-

305 3055 484 3130 biles
538 3057 846 3133 Fratres.
909 3057 1009 3133 Et
1057 3081 1232 3133 sane
1287 3059 1496 3134 iidem
1554 3057 1973 3136 Decessores
2024 3061 2263 3138 Nostri
2312 3087 2443 3136 au-

311 3187 560 3272 gustae
611 3175 996 3252 catholicae
1044 3175 1422 3274 religionis,
1479 3177 1799 3252 veritatis
1848 3201 1933 3252 ac
1984 3178 2291 3253 iustitiae
2326 3203 2444 3253 as·—

313 3304 616 3369 sertores
667 3304 744 3367 et
794 3293 1130 3381 vindices,
1183 3295 1273 3368 de
1345 3292 1743 3368 animarum
1826 3294 2053 3370 salute
2130 3297 2444 3371 maxime

309 3411 584 3486 solliciti
641 3411 815 3484 nihil
867 3405 1109 3508 potiu‘s
1163 3433 1480 3509 unquam
1533 3411 1869 3502 habuere,
1911 3434 2124 3510 quam
2160 3415 2445 3511 sapien-

315 3530 604 3604 tissimis
655 3529 799 3604 suis
851 3527 1136 3603 Litteris
1177 3579 1198 3616 ,
1254 3541 1331 3602 et
1405 3527 2051 3604 Constitutionibus
2125 3541 2445 3627 retegere

309 3659 386 3724 et
435 3649 766 3722 damnare
821 3669 1068 3724 omnes
1143 3647 1474 3739 haereses
1527 3659 1602 3722 et
1651 3666 1931 3725 errores
1966 3701 1989 3736 ‚
2054 3649 2176 3746 qui
2228 3647 2445 3722 Divi-

309 3787 446 3840 nae
495 3765 692 3839 Fidei
759 3777 1042 3839 nostrae
1082 3815 1103 3852 ‚
1154 3763 1542 3840 catholicae
1603 3759 1959 3839 Ecclesiae
2019 3764 2379 3839 doetrinae
2416 3815 2437 3851 ,

311 3907 594 3960 morum
641 3884 1000 3962 honestati
1036 3934 1061 3970 ‚
1116 3906 1198 3958 ac
1283 3885 1753 3981 sempiternae
1818 3883 2187 3958 hominum
2238 3884 2449 3958 saluti

313 4003 614 4092 adversi,
669 4023 918 4100 graves
969 3997 1382 4097 frequenter
1431 4001 1831 4075 excitarunt
1854 4011 2341 4096 tempestates,
2371 4013 2447 4072 et

312 4119 766 4198 christianam
817 4119 1238 4218 civilemque
1291 4120 1799 4218 rempublicam
1856 4121 2336 4196 miserandum
2370 4119 2445 4192 in

1811 4243 1905 4309 44
