3317 5267
928 469 1069 551 532

915 604 1036 666 tua
1105 589 1448 687 sapientia
1501 585 1831 664 omnibus
1864 589 2281 683 persuadere
2318 583 2551 674 stude,
2591 607 2835 661 veram
2870 609 3045 686 pro-

913 709 1324 807 speritatem
1361 709 1433 781 in
1484 707 1616 780 hac
1653 707 1871 779 etiam
1926 703 2073 779 vita
2110 727 2253 781 non
2304 703 2587 779 aliunde
2618 727 2777 780 esse
2829 727 3051 802 quae-

911 827 1202 901 rendam
1233 875 1256 914 ,
1311 847 1526 922 quam
1575 847 1619 897 a
1669 824 1907 898 divina
1994 823 2258 898 Christi
2312 822 2650 920 religione
2680 873 2703 909 ,
2758 822 3053 919 eiusque

913 945 1202 1020 salutari
1236 944 1580 1018 doctrina.
1609 941 1797 1016 Nihil
1822 942 2263 1029 dubitamus,
2294 939 2729 1014 Venerabilis
2768 938 3051 1025 Frater,

915 1061 1116 1159 quin,
1141 1058 1456 1134 adhibita
1507 1058 1725 1132 etiam
1780 1056 2309 1132 venerabilium
2376 1055 2705 1130 Fratrum
2760 1067 3051 1131 tuorum

913 1177 1506 1275 Coepiscoporum
1561 1199 1775 1275 opera
1826 1190 1903 1251 et
1958 1177 2222 1252 auxilio
2256 1225 2279 1264 ,
2334 1173 2529 1249 hisce
2578 1173 2859 1249 Nostris
2908 1175 3057 1248 de—

913 1299 1186 1372 sideriis
1263 1297 1826 1372 cumulatissime
1906 1295 2315 1394 satisfacere
2376 1293 2552 1368 velis
2580 1347 2605 1382 ,
2658 1306 2735 1368 et
2808 1295 3055 1370 omnia

914 1417 1207 1512 provide
1257 1415 1761 1513 sapienterque
1812 1415 2115 1502 coneris,
2154 1427 2235 1488 ut
2284 1413 2469 1486 tanti
2517 1412 2869 1487 momenti
2920 1435 3053 1486 ne-

915 1531 1188 1629 gotium
1243 1532 1332 1605 ad
1386 1543 1718 1628 optatum
1746 1534 2017 1607 exitum
2072 1533 2521 1630 perducatur.
2558 1527 2755 1605 Scias
2804 1541 3054 1604 autem

916 1651 1245 1737 velimuS,
1303 1651 1478 1725 haec
1531 1652 1779 1728 eadem
1832 1653 1969 1727 hoe
2020 1653 2175 1750 ipso
2226 1651 2339 1726 die
2392 1651 2480 1724 ad
2551 1648 3049 1724 venerabilem

915 1765 1242 1841 Fratrem
1321 1765 1669 1842 Ioannem
1724 1765 2019 1842 Mariam
2099 1766 2723 1864 Archiepiscopum
2806 1765 3051 1841 Novae

915 1883 1236 1960 Aureliae
1289 1885 1430 1960 Nos
1481 1885 1786 1961 seribere
1816 1939 1837 1974 ,
1893 1899 1999 1973 ut,
2054 1885 2325 1962 collatis
2380 1885 2647 1958 Tecum
2708 1885 3049 1968 consiliis,

915 2002 1452 2100 conjunctisque
1503 2003 1781 2091 studiis,
1820 2003 1891 2076 in
1944 2003 2273 2076 eumdem
2326 2001 2539 2075 finem
2592 1999 3049 2096 suas-‘omnes

916 2139 1120 2190 curas
1191 2129 1267 2191 ot
1321 2118 1789 2215 cogitationes
1868 2118 2389 2214 impensissime
2438 2117 2785 2190 intendat.
2840 2117 3051 2191 Faxit

913 2235 1110 2308 dives
1167 2236 1236 2306 in
1317 2236 1789 2310 misericordia
1845 2233 2033 2309 Deus
2062 2287 2083 2323 ‚
2167 2247 2249 2308 ut
2300 2235 2473 2308 baec
2551 2235 3049 2308 ardentissima

915 2349 1168 2426 Nostra
1203 2353 1550 2426 desideria
1587 2353 2036 2449 expleantur,
2074 2364 2151 2426 et
2186 2352 2713 2449 quamprimum
2750 2353 2842 2425 de
2876 2375 3049 2448 pace

916 2466 1194 2565 populis
1250 2470 1407 2543 istis
1459 2471 1789 2544 restituta
1866 2470 2183 2543 exultare
2233 2469 2463 2566 possit
2512 2491 2635 2543 cor
2712 2467 3053 2543 Nostrum

914 2587 986 2659 in
1067 2583 1395 2661 Domino.
1453 2584 1773 2684 Denique
1850 2589 2335 2684 gratissimum
2400 2586 2617 2662 Nobis
2670 2597 2785 2662 est
2814 2640 2837 2676 ,
2916 2589 3051 2665 hac

914 2703 1132 2776 etiam
1183 2703 1290 2776 uti
1340 2703 1732 2791 occasione,
1786 2716 1869 2777 ut
1918 2704 2177 2778 iterum
2230 2716 2578 2777 testemur
2629 2713 2709 2777 et
2755 2705 3055 2780 'confir-

911 2840 1194 2893 memus
1245 2820 1695 2916 praecipuam
1750 2818 2085 2894 Nostram
2138 2822 2209 2894 in
2266 2820 2369 2894 Te
2447 2819 3046 2896 benevolentiam.

914 2935 1132 3034 Cujus
1167 2961 1448 3034 quoque
1491 2937 1963 3013 certissimum
2003 2937 2257 3035 pignus
2294 2939 2531 3032 accipe
2574 2939 3053 3037 Apostolicam

911 3053 1484 3129 Benedictionem
1519 3107 1540 3142 ‚
1594 3078 1810 3152 quam
1862 3078 1954 3129 ex
2033 3056 2289 3131 intimo
2360 3057 2573 3132 corde
2652 3057 3049 3154 profectam

915 3171 1074 3246 Tibi
1124 3173 1286 3269 ipsi,
1342 3167 1778 3248 Venerabilis
1832 3173 2081 3247 Frater
2109 3226 2130 3262 ‚
2188 3186 2263 3248 et
2314 3174 2509 3272 gregi
2597 3186 2761 3250 tuae
2834 3201 3049 3252 curae

913 3291 1296 3366 commisso
1349 3305 1803 3388 peramanter
1852 3293 2325 3389 impertimus

1068 3406 1332 3483 Datum
1389 3409 1661 3486 Romae
1738 3411 1923 3510 apud
1978 3411 2316 3486 Sanctum
2398 3409 2693 3487 Petrum
2746 3411 2863 3487 die
2926 3417 3047 3487 18.

911 3523 1242 3600 Octobris
1295 3523 1498 3602 Anno
1567 3533 1791 3604 ¹862.
1849 3527 2113 3604 Pontis.
2170 3523 2405 3604 Nostri
2460 3553 2648 3605 anno
2724 3529 3059 3605 decimo-

912 3645 1242 3742 septimo.
