3317 5267
2309 460 2453 532 703

1292 575 1355 667 g,
1414 573 1502 646 11.

873 805 1430 884 Rationalismus
1485 801 1913 880 moderatus,

482 1057 665 1132 vlu.
723 1055 958 1148 Quum
1009 1056 1192 1130 ratio
1242 1054 1554 1126 humana
1605 1052 1741 1148 ipsi
1793 1055 2111 1152 religioni
2192 1058 2454 1156 aequi—

324 1187 616 1271 paretur
642 1228 664 1264 ,
719 1177 970 1252 iccirco
1047 1171 1480 1268 theologicae
1529 1169 1945 1269 disciplinae
2026 1176 2315 1272 perinde
2376 1200 2459 1252 ac

323 1294 842 1394 philosophicae
895 1291 1299 1380 tractandae
1359 1299 1550 1363 sunt.

437 1434 448 1444 '
530 1421 746 1492 Alloc.
785 1423 1134 1510 sinqulan·
1157 1423 1442 1509 quadam
1459 1421 1722 1512 perfusi
1752 1419 1795 1489 9
1828 1419 2192 1490 decembris
2228 1417 2426 1488 1854.

484 1525 608 1599 ΙΧ.
663 1527 920 1602 Omnia
998 1528 1614 1603 indiscriminatim
1692 1527 2025 1624 dogmata
2107 1527 2457 1624 religionis

327 1644 747 1720 christianae
777 1658 945 1720 sunt
973 1647 1330 1723 obiectum
1386 1646 1725 1722 naturalis
1762 1645 2095 1719 scientiae
2132 1667 2259 1718 seu
2292 1645 2455 1741 phi-

325 1761 714 1858 losephia03
753 1774 829 1837 et
879 1763 1190 1838 humana
1243 1764 1425 1839 ratio
1469 1762 1802 1838 historice
1854 1771 2134 1835 tantum
2172 1760 2455 1835 exculta

323 1885 564 1972 potest
613 1901 704 1952 ex
781 1880 928 1954 suis
983 1879 1422 1954 naturalibus
1501 1876 1771 1954 viribus
1822 1889 1897 1950 et
1946 1879 2304 1974 principiis
2366 1879 2455 1952 ad

325 2015 568 2067 veram
603 1997 694 2069 de
743 1996 1080 2072 omnibus
1117 1997 1332 2071 etiam
1387 1993 1973 2073 reconditioribus
2007 1995 2453 2091 dogmatibus

325 2110 698 2210 scientiam
726 2115 1129 2210 pervenire,
1170 2115 1380 2189 modo
1433 2115 1609 2188 haec
1645 2115 1981 2209 dogmata
2028 2113 2161 2209 ipsi
2198 2114 2453 2188 rationi

323 2237 688 2323 tamquam
741 2228 1098 2304 obiectum
1155 2230 1520 2326 proposita
1571 2228 1858 2303 fuerint.

530 2359 738 2449 Epist.
790 2357 873 2426 ad
940 2355 1251 2446 Arcbiep.
1299 2359 1580 2447 Frising.
1659 2357 2095 2426 Gravissima-s
2157 2353 2238 2424 11
2307 2356 2419 2424 de—

343 2477 632 2546 cembris
677 2475 877 2545 1862.
1207 2463 1242 2532 Χ

525 2599 734 2687 Epist.
770 2596 852 2665 ad
881 2593 1182 2664 eumdem
1223 2597 1398 2665 Tuas
1419 2596 1688 2666 libenter
1719 2589 1797 2663 21
1831 2593 2195 2664 decembris
2216 2593 2417 2664 1863.

475 2699 568 2776 X.
621 2703 861 2794 Quum
912 2703 1098 2778 aliud
1150 2705 1244 2778 sit
1293 2702 1757 2801 philosophus
1786 2754 1809 2789 ,
1868 2702 2053 2777 alind
2131 2702 2447 2800 philoso-

330 2819 524 2916 phia,
589 2820 704 2893 ille
753 2821 864 2894 ius
913 2831 990 2894 et
1040 2819 1348 2894 officium
1400 2819 1617 2892 habet
1671 2843 1747 2893 se
1803 2819 2265 2893 submittendi
2318 2843 2449 2893 au-

323 2936 663 3021 ctoritati,
716 2957 930 3032 quam
983 2955 1224 3009 veram
1277 2935 1428 3029 ipse
1480 2934 1939 3029 probaverit3
1996 2947 2072 3008 at
2135 2935 2447 3030 philoso-

320 3052 487 3148 phia
539 3073 768 3148 neque
819 3061 1084 3148 potest,
1121 3070 1355 3146 neque
1405 3047 1620 3124 debet
1658 3049 1781 3124 ulli
1833 3073 1989 3124 sese
2025 3049 2447 3124 submittere

323 3168 750 3244 auctoritati.
2260 3205 2275 3217 ,

525 3301 735 3391 Epist.
801 3299 884 3368 ad
935 3297 1249 3392 Arcbiep.
1317 3299 1599 3389 Frising.
1670 3297 2101 3368 Gravissima-5
2171 3297 2254 3367 11
2304 3299 2418 3368 de-

345 3417 632 3486 cembris
679 3417 875 3486 1862.

302 3515 312 3524 ⁰
527 3537 733 3624 Epist.
765 3535 847 3603 ad
877 3535 1176 3604 eumdem
1211 3539 1384 3604 Tuas
1413 3533 1682 3602 libenter
1712 3531 1795 3600 21
1832 3531 2191 3603 decembris
2217 3532 2415 3603 1863.

477 3641 600 3716 XI.
656 3643 971 3720 Ecclesia
1023 3667 1166 3721 non
1221 3646 1450 3722 solum
1521 3666 1665 3717 non
1716 3642 1929 3718 debet
1979 3644 2051 3715 in
2129 3641 2445 3741 philoso-

320 3765 564 3862 phiam
617 3788 930 3863 unquam
985 3767 1572 3854 animadvertere,
1639 3787 1889 3839 verum
1941 3765 2156 3840 etiam
2233 3765 2447 3839 debet

321 3882 541 3978 ipsius
575 3881 1062 3980 philosophiae
1113 3885 1410 3961 tolerare
1447 3904 1747 3972 errores,
1805 3883 2011 3980 eique
2046 3883 2445 3980 relinquere

320 4009 404 4075 ut
455 4001 606 4097 ipsa
655 4023 734 4074 se
785 4000 1130 4098 corrigat.-

523 4114 676 4188 ΧΠ.
720 4113 1160 4212 Apostolicae
1215 4115 1440 4205 Sedis,
1480 4135 2077 4214 romanarumque
2129 4111 2447 4212 Congree

1815 4235 1910 4304 45
