3317 5267
846 456 995 532 434

842 572 1085 645 hibere
1140 570 1443 655 valeant,
1499 568 1710 645 nullis
1775 567 2040 663 parcite
2101 566 2314 652 curiS,
2381 564 2733 665 nullisque
2797 590 2982 643 con-

842 688 1039 775 siliis,
1112 686 1559 761 Venerabiles
1632 684 1942 771 Fratres,
2021 695 2102 757 ut
2171 681 2654 757 adolescentes
2733 684 2978 759 clerici

844 805 957 879 vel
1011 803 1099 878 ab
1152 804 1439 886 ineunte
1492 814 1724 876 aetate
1781 825 1908 897 per
1956 801 2378 875 lectissimos
2443 801 2824 903 magistros
2886 804 2982 877 ad

846 920 1217 1015 pietatem,
1276 942 1667 1016 verumque
1720 917 2274 992 ecclesiasticum
2329 917 2659 1011 spiritum
2699 932 2984 992 mature

846 1034 1225 1132 fingantur,
1282 1060 1363 1110 ac
1417 1036 1672 1110 litteris
1736 1048 1811 1108 et
1872 1034 2257 1129 disciplinis
2322 1034 2696 1130 praecipue
2759 1038 2984 1109 sacris

850 1157 943 1229 ab
1004 1158 1201 1231 omni
1266 1159 1606 1255 cuiusque
1673 1160 1930 1231 erroris
1993 1156 2305 1261 periculo
2369 1158 2660 1231 omnino
2733 1159 2985 1231 alienis

848 1273 1383 1369 diligentissime
1438 1273 1875 1347 erudiantur.
1937 1272 2284 1369 Equidem
2323 1272 2508 1345 haud
2543 1274 2984 1369 ignoramuS,

853 1390 1309 1485 venerabiles
1362 1388 1417 1462 F
1420 1401 1673 1475 ratreS,
1732 1412 1912 1487 quae
1963 1404 2410 1487 quantaeque
2473 1390 2620 1463 sint
2679 1390 2986 1464 difficul-

852 1518 1065 1593 tates,
1122 1507 1379 1603 quibus
1432 1509 1504 1578 in
1570 1507 1948 1603 episcopali
2015 1519 2252 1581 vestro
2313 1508 2706 1582 ministerio
2771 1532 2987 1581 exer-

853 1624 1077 1697 cendo
1132 1622 1421 1697 obnoxii
1476 1625 1674 1695 estis.
1719 1624 1854 1697 Sed
1893 1624 2390 1698 confortamini
2427 1625 2498 1695 in
2537 1622 2868 1713 Domino,
2907 1638 2990 1699 et

853 1738 925 1811 in
977 1737 1294 1834 potentia
1330 1740 1615 1811 virtutis
1652 1740 1804 1812 eius
1833 1740 2174 1814 memoria
2207 1750 2636 1836 repetenteS,
2671 1738 2816 1815 Vos
2853 1764 2986 1837 pro

859 1854 1149 1931 Christo
1202 1856 1549 1952 legatione
1598 1854 1845 1953 fungi,
1901 1858 2021 1954 qui
2077 1858 2364 1929 tradidit
2413 1859 2726 1931 animam
2779 1882 2986 1935 suam

858 1996 985 2069 pro
1038 1972 1291 2047 ovibus
1345 1973 1517 2059 suis,
1576 1973 1984 2068 relinquens
2035 1971 2240 2047 nobis
2277 1975 2712 2072 exemplum,
2751 1990 2836 2049 ut
2869 2000 2988 2050 se-

856 2112 1159 2188 quamur
1210 2091 1510 2187 vestigia
1562 2092 1740 2164 cius.

1014 2206 1239 2281 Nemo
1308 2231 1473 2281 vero
1537 2208 1818 2303 ignorat
1880 2218 2150 2303 quanto
2215 2210 2372 2282 usui
2434 2222 2508 2281 et
2567 2222 2990 2285 ornamento

868 2324 1251 2399 catholicae
1324 2324 1683 2399 Ecclesiae
1759 2328 1828 2397 in
1901 2324 2188 2399 Oriente
2259 2325 2524 2399 fuerint
2597 2326 2990 2423 Religiosae

860 2440 1363 2519 Monachorum
1422 2440 1782 2513 Familiae.
1844 2442 2164 2538 Namque
2219 2443 2410 2538 ipsae
2469 2444 2654 2515 vitae
2691 2444 2988 2539 integri-
3055 2422 3062 2431 ’

862 2568 1037 2645 tate,
1094 2580 1510 2654 morumque
1574 2560 1949 2654 gravitate,
2015 2583 2098 2632 ac
2160 2562 2522 2655 religiosae
2583 2561 2988 2655 disciplinae

860 2675 1065 2751 laude
1116 2686 1509 2772 spectatae,
1566 2686 1639 2747 et
1692 2675 2050 2768 bonorum⁸
2091 2700 2386 2774 operum
2439 2678 2764 2773 exempla
2817 2678 2990 2751 fide·-

863 2792 1047 2869 libus
1100 2793 1462 2881 exhihere,
1521 2805 1598 2867 et
1645 2794 2536 2883 iuventuteminstituere,
2593 2808 2667 2869 et
2715 2795 2988 2869 litteras

864 2934 946 2985 ac
998 2912 1400 3008 disciplinas
1457 2912 1804 2997 excolere,
1845 2924 1922 2985 et
1956 2913 2394 2985 auxiliarium
2433 2914 2822 3011 utilemque
2859 2913 2990 2987 Sa·-

865 3052 1147 3105 crorum
1202 3031 1653 3105 Antistitibus
1707 3052 1996 3127 operam
2052 3054 2310 3105 navare
2363 3032 2768 3109 studebant.
2833 3032 2990 3104 Tri-

866 3148 1195 3223 stissimis
1243 3160 1481 3225 autem
1536 3170 1774 3221 rerum
1827 3171 1910 3221 ac
1963 3159 2364 3243 temporum
2406 3148 2676 3222 vicibus
2711 3150 2846 3221 hae
2883 3172 2990 3221 sa-

870 3286 1029 3337 crae
1082 3263 1415 3341 Familiae
1454 3266 1539 3339 de
1577 3265 1956 3339 christiana
1991 3278 2066 3339 et
2101 3266 2287 3341 civili
2324 3266 2677 3361 republica
2714 3266 2990 3363 egregie

869 3382 1163 3455 meritae
1218 3383 1287 3452 in
1340 3380 1690 3477 aliquibus
1743 3382 1913 3455 locis
1967 3383 2076 3455 vel
2133 3405 2174 3454 a
2227 3383 2492 3478 proprii
2546 3382 2828 3456 Ordinis
2881 3383 2989 3457 di-

867 3496 1159 3593 sciplina
1212 3497 1676 3581 declinarunt,
1739 3498 1846 3569 vel
1909 3500 2198 3573 omnino
2263 3500 2616 3573 extinctae
2681 3499 2988 3571 fuerunt.

871 3612 1051 3687 Cum
1097 3624 1337 3689 autem
1378 3637 1713 3710 magnum
1753 3616 2316 3690 emolumentum
2355 3616 2840 3689 sanctissimae
2877 3640 2998 3690 no·

868 3746 1057 3807 strae
1110 3732 1475 3806 afferretur
1528 3732 1875 3826 religioni,
1917 3734 1976 3805 si
2014 3734 2148 3808 hae
2185 3734 2437 3807 Sacrae
2475 3732 2837 3818 Familiae,
2875 3732 2996 3805 ubi

864 3852 1279 3949 pracsertim
1335 3852 1784 3935 interierunt,
1841 3852 2074 3927 denuo
2137 3852 2665 3937 reviviscerent,
2731 3862 2804 3922 et
2871 3849 2998 3921 in·-

870 3979 978 4041 tor
1026 3968 1399 4042 orientales
1454 3970 1782 4041 nationes
1836 3970 2132 4064 pristino
2186 3968 2536 4064 fulgerent
2597 3965 2992 4063 splendore,

870 4086 1120 4163 iccirco
1188 4108 1231 4159 a
1306 4084 1518 4160 Vobis
1592 4086 2072 4179 exposcimus,
2147 4097 2230 4160 ut
2302 4084 2518 4158 Nobis
2591 4084 2996 4180 significetis

870 4201 1037 4299 quid
1089 4202 1177 4276 de
1228 4201 1360 4275 bac
1416 4226 1491 4274 re
1542 4202 1892 4287 sentiatiS,
1953 4214 2026 4275 et
2078 4225 2217 4301 qua
2270 4203 2546 4275 ratione
2591 4200 2996 4276 huiusmodi

875 4320 1247 4401 sacrarum
1294 4320 1754 4395 Familiarum
1811 4320 2225 4399 instauratio
2278 4320 2456 4399 effici
2511 4320 2762 4420 possit.
