3317 5267
853 434 1302 647 gagi-{uentum
1361 541 1765 641 Apostolica
1816 544 2241 620 auctoritate
2274 540 2663 619 statuimus
2698 554 2783 619 ut
2818 546 3025 623 ordi-

853 668 1050 741 naria
1103 661 1626 761 Archiepiscopi
1680 660 1906 739 Goani
1959 662 2351 738 iurisdictio
2400 662 2509 735 uti
2548 663 3019 743 territorialcs

852 784 1118 861 limites
1167 784 1562 883 provisoris.
1603 782 1863 858 habeat
1900 778 2083 859 Loca
2118 782 2269 857 sive
2321 780 2675 859 Ecclesiae
2726 794 2804 859 et
2834 782 3019 859 Mis—

851 904 1115 991 sinnas,
1147 924 1328 1000 quae
1365 902 1551 973 intra
1579 897 1981 997 praefatum
2020 899 2459 975 territorium
2484 896 2810 975 Gonnum
2846 900 3019 975 Sodi

854 1019 1446 1118 Archiopiscopali
1477 1019 1568 1095 (le
1603 1014 1794 1095 facto
1828 1017 2203 1106 suberant,
2242 1038 2411 1093 cum
2446 1017 2805 1114 praedicta
2832 1016 3023 1095 Con-

852 1139 1095 1214 ventio
1145 1160 1188 1211 a
1241 1136 1497 1213 Nostro
1535 1146 1612 1213 ct
1647 1135 2075 1213 Fidelissimi
2127 1130 2599 1232 Portuganiao
2649 1146 2727 1209 et
2762 1134 3019 1234 Algar-

849 1250 1132 1331 biorum
1184 1254 1400 1351 Regis
1451 1248 2104 1351 Plonipotentisriis
2156 1252 2433 1350 signata
2468 1250 2633 1341 fuit3
2672 1252 2845 1329 illud
2878 1278 3017 1329 ex-

849 1394 1094 1470 presso
1145 1374 1592 1459 mandantes,
1647 1384 1734 1447 ut
1782 1382 2068 1447 ceterae
2120 1392 2374 1447 omnes
2423 1366 2787 1447 Ecclesiae
2834 1372 3015 1447 Mis-

847 1490 1086 1565 siones
1137 1500 1214 1565 ct
1263 1486 1452 1565 Loca
1501 1511 1686 1586 quae
1738 1500 1915 1565 tunc
1950 1487 2295 1586 temporis
2337 1486 2777 1566 vicariorum
2816 1490 3013 1589 Apo-

845 1608 1252 1685 stolicorum
1307 1608 1648 1704 potestati
1700 1608 1791 1683 de
1842 1602 2033 1683 facto
2070 1606 2405 1703 subditae
2436 1618 2670 1697 erant,
2708 1606 2847 1685 sub
2882 1632 3015 1687 eo—

849 1727 1176 1801 rumdem
1223 1725 1654 1801 auctoritate
1706 1736 1921 1823 atquc
1956 1722 2363 1801 obedientia
2388 1726 2681 1801 cumino
2718 1748 3013 1823 porma-

857 1864 1038 1919 nesn
1049 1856 1100 1917 t.

983 1958 1228 2051 Quoad
1261 1984 1428 2036 vero
1453 1960 1978 2058 metropolitica
2010 1957 2537 2056 Archicpiscopi
2568 1956 2795 2037 Gonni
2823 1961 3009 2052 iura,
3124 1996 3145 2011 ·

847 2103 934 2155 oa
983 2082 1056 2155 in
1111 2100 1446 2178 praesens
1501 2078 1999 2155 tantummodo
2050 2100 2381 2153 exercere
2420 2077 2577 2153 Tibi
2614 2076 2727 2153 fas
2760 2079 2898 2154 erit
2932 2082 3007 2155 in

847 2198 1244 2275 Dioecesim
1279 2197 1870 2275 Machaoncnscm
1896 2198 2095 2271 iuxta
2124 2198 2560 2273 territorium
2588 2196 2689 2270 illi
2714 2198 2789 2271 in
2818 2220 3010 2275 com-

843 2328 1240 2394 memorata
1293 2314 1809 2403 Conventionc,
1863 2327 1946 2390 ut
1996 2336 2239 2412 supra,
2294 2316 2761 2414 assignatum:
2800 2330 3008 2413 post-

843 2436 1138 2511 modum
1189 2458 1360 2509 voro
1409 2436 1486 2507 in
1535 2445 1813 2509 ceteras
1844 2435 2061 2509 otiam
2098 2456 2429 2510 exercere
2480 2434 2753 2532 potoris
2788 2432 3008 2513 Dioc-

839 2574 1042 2627 ceses
1091 2550 1756 2648 Archiepiscopatus
1809 2550 2063 2640 Gonni,
2118 2553 2227 2627 uti
2262 2553 2537 2629 dictum
2572 2563 2712 2643 est,
2750 2552 3011 2630 suffra-

845 2690 1134 2767 ganeas,
1171 2690 1336 2743 cum
1365 2692 1610 2744 earum
1643 2671 2203 2770 circumscriptio
2230 2685 2305 2746 et
2336 2673 2679 2749 canonica
2704 2672 3009 2771 Episco-

843 2811 1100 2886 porum
1134 2789 1514 2878 institutio,
1544 2790 1747 2863 iuxta
1782 2812 1867 2864 ea
1902 2812 2085 2890 quac
2112 2791 2185 2863 in
2214 2788 2705 2867 Conventionc
2732 2794 3005 2867 sancita

838 2920 1014 2985 sunt
1040 2961 1063 2998 ,
1117 2906 1252 2983 rite
1301 2908 1518 2983 fucrit
1568 2920 1857 3007 peracta
1902 2962 1924 2999 ‚
1974 2908 2187 2985 salvis
2236 2912 2651 3009 ceteroquin
2726 2907 3000 2987 iuribus

839 3050 925 3103 ac
971 3025 1358 3125 privilegiis
1407 3049 1590 3123 quae
1645 3026 2195 3125 Archicpiscopo
2231 3025 2479 3105 Goano
2514 3050 2649 3127 pro
2682 3042 3001 3131 tempore

839 3146 930 3221 nd
977 3165 1308 3221 normam
1359 3144 1811 3242 Apostolicse
1862 3140 2107 3221 Bullac
2160 3168 2265 3219 sa.
2323 3169 2465 3221 me.
2510 3145 2711 3222 Pauli
2746 3145 2809 3221 V
2872 3146 3005 3225 de·-

835 3263 1140 3341 cessoris
1169 3264 1398 3337 nostri
1433 3263 1642 3339 datae
1684 3286 1870 3338 anno
1913 3266 2142 3350 1612,
2180 3284 2363 3361 quae
2398 3264 2645 3362 incipit
2686 3291 2723 3337 ιι
2764 3264 2848 3340 lu
2872 3290 3001 3343 su-

841 3381 1310 3477 pereminenti
1343 3405 1376 3451 n
1414 3381 1759 3457 attributa
1793 3394 1989 3469 suut,
2026 3383 2453 3481 usquedum,
2508 3382 2779 3459 collatis
2832 3408 2999 3461 cum

836 3494 1176 3573 Lusitano
1241 3495 1598 3573 Gubernio
1661 3500 1969 3575 consiliis
2006 3554 2028 3589 ,
2096 3501 2307 3576 aliter
2366 3522 2409 3574 a
2470 3496 2690 3577 Nobis
2754 3504 3001 3601 provi-

837 3614 1120 3690 deutur.

1001 3731 1310 3811 Demum
1359 3756 1526 3810 cum
1585 3735 1777 3807 varia
1828 3735 1982 3810 loca
2033 3738 2107 3811 in
2158 3738 2515 3815 territorio
2584 3740 2997 3815 carumdem

833 3846 1316 3927 Ecclesiamm
1367 3852 1504 3927 sita
1560 3848 1997 3929 vicariorum
2053 3853 2619 3952 Apostolicorum
2654 3857 2996 3955 potestati

831 3972 923 4045 de
975 3971 1164 4048 facto
1215 3994 1357 4047 non
1410 3970 1751 4047 suberant
1812 3995 1979 4047 cum
2053 3975 2413 4073 praedicta
2484 3973 2881 4053 conventio
2946 3996 2995 4051 a

836 4082 1093 4164 Nostro
1127 4101 1202 4165 ct
1247 4088 1669 4167 Fidelissimi
1708 4088 2177 4188 Portugallisc
2212 4104 2289 4168 ct
2318 4090 2809 4193 Algarhiorum
2848 4094 2997 4170 Rc-

833 4202 940 4299 gis
993 4204 1636 4303 plenipotentiariis
1687 4206 1973 4283 firmata
2024 4208 2263 4301 fuerit,
2318 4213 2407 4287 ad
2458 4213 2801 4313 tuendam
2836 4212 2987 4311 spi-
