3317 5267
952 494 1095 565 Μ
1526 626 1533 635 ·
1656 598 1912 691 1>le
1971 600 2140 688 ΡΡ.
2205 599 2354 688 lx.

1540 966 1614 1015 An
1653 966 1990 1016 runnu!
2029 966 2121 1015 ul
2161 966 2465 1015 uuonan

950 1326 1319 1495 Romani
1374 1410 1780 1501 Pontifices,
1834 1414 2094 1511 quibus
2129 1411 2220 1485 ab
2253 1413 2409 1507 ipso
2444 1407 2729 1485 Christo
2765 1407 3076 1487 Domino

940 1535 1015 1609 in
1086 1554 1387 1628 persona
1463 1531 1874 1607 Beatissimi
1949 1530 2446 1629 Apostolorum
2519 1526 2862 1625 Principis
2933 1528 3102 1603 fuit·

942 1650 1323 1725 commissa
1374 1670 1708 1744 suprema
1761 1672 1928 1721 cura
1979 1662 2054 1721 et
2105 1658 2422 1745 potestas
2475 1646 2882 1720 universam
2935 1670 3072 1719 re—

942 1767 1153 1861 gendi
1216 1788 1298 1839 ac
1362 1765 1774 1841 moderandi
1841 1764 2260 1869 Ecclesiam,
2325 1786 2692 1861 nunquam
2748 1764 3082 1837 intermi-

940 1893 1191 1957 serunt
1238 1879 1613 1956 indefessis
1667 1882 1980 1956 consiliis
2034 1893 2110 1957 et
2159 1878 2522 1956 laboribus
2545 1882 3074 1957 sanctissimam

942 1998 1206 2075 Christi
1256 1998 1494 2085 fidem,
1551 1999 2110 2097 religionemque
2173 1998 2564 2073 diffundere
2625 2022 2752 2095 per
2817 2022 3074 2075 omnes

948 2129 1198 2204 terras,
1254 2127 1329 2189 et
1380 2116 1774 2190 secundum
1830 2114 2110 2191 Domini
2150 2128 2612 2212 praeceptum
2649 2114 3070 2189 confirmare

942 2234 1253 2321 Fratres,
1309 2246 1383 2307 et
1434 2234 1759 2309 homines
1811 2244 2146 2307 nutantes
2209 2233 2586 2321 sustinere,
2651 2244 2726 2305 et
2787 2234 3072 2329 imperi-

944 2363 1055 2424 tos
1106 2350 1383 2439 docere,
1440 2362 1515 2424 et
1576 2352 1982 2426 laborantes
2047 2350 2339 2447 erigere,
2403 2362 2478 2425 et
2538 2350 2780 2425 devios
2843 2374 3071 2425 revo—

942 2490 1130 2555 care,
1186 2478 1260 2539 et
1312 2468 1621 2542 incertos
1679 2469 1962 2555 ducere,
2017 2492 2099 2542 ac
2152 2467 2264 2543 vel
2315 2469 2654 2556 haeresiS‚
2713 2468 2826 2544 vel
2855 2469 3074 2544 schis-

942 2584 1157 2657 matis
1208 2585 1631 2679 contagione
1689 2584 1991 2659 infectos
2027 2586 2112 2660 ad
2149 2586 2534 2661 catholicae
2561 2586 2856 2661 unitatis
2899 2610 3072 2661 cen-

946 2712 1138 2773 trum
1210 2700 1546 2774 reducere
1588 2752 1607 2788 ,
1677 2714 1752 2774 et
1823 2702 2171 2802 spirituali
2243 2704 2566 2777 omnium
2647 2704 3072 2800 populorum

940 2816 1129 2891 bono
1192 2816 1559 2893 consulere
1590 2870 1611 2905 ‚
1683 2830 1758 2891 et
1818 2819 2054 2891 omnia
2111 2842 2448 2917 peragere
2481 2872 2502 2907 ‚
2567 2844 2748 2917 quae
2814 2820 3070 2919 majori

939 2936 1298 3011 Ecclesiae
1350 2936 1640 3013 utilitati
1699 2939 1952 3035 quovis
2017 2939 2230 3013 modo
2291 2939 2682 3014 conducere
2743 2952 3062 3039 possent.

947 3054 1129 3131 Cum
1184 3065 1425 3129 autem
1480 3054 1794 3131 Ecclesia
1846 3078 1888 3127 a
1937 3051 2219 3131 Christo
2259 3054 2560 3133 Domino
2595 3053 2890 3131 fundata
2925 3078 3066 3131 una
3145 3050 3158 3060 ”

944 3174 1236 3248 omnino
1288 3174 1405 3259 sit,
1461 3196 1683 3269 eaque
1735 3197 1825 3247 ex
1877 3172 2276 3247 Occidentis
2328 3186 2404 3249 et
2451 3173 2762 3249 Orientis
2828 3196 3066 3270 popu·-

942 3292 1029 3365 lis
1079 3302 1384 3378 constet,
1424 3302 1577 3365 tum
1612 3292 1826 3363 iidem
1865 3289 2166 3367 Romani
2205 3289 2582 3367 Pontifices
2619 3314 2784 3365 suas
2812 3312 3062 3365 omnes

942 3418 1273 3503 paternas
1324 3430 1529 3481 curas
1582 3406 2188 3504 cogitationesque
2243 3407 2312 3479 in
2367 3406 2743 3482 Orientalis
2779 3428 3062 3503 quoque

942 3524 1299 3599 Ecclesiae
1345 3536 1595 3622 gentos
1650 3526 1928 3599 assidue
1981 3525 2454 3614 contulerunt,
2513 3546 2696 3622 quae
2762 3535 2872 3599 tot
2930 3524 3068 3596 ha·-

945 3640 1103 3715 huit
1159 3642 1343 3715 viros
1397 3640 1705 3737 ingeniO,
1745 3641 2062 3730 consilio,
2103 3664 2438 3738 sacraque
2477 3641 2896 3738 praesertim
2929 3642 3064 3715 do·-

942 3760 1194 3847 ctrina,
1250 3760 1672 3845 eruditione,
1729 3758 2156 3855 eloquentia,
2213 3784 2294 3835 ac
2331 3760 2872 3857 sapientissimis
2897 3758 3066 3832 scri-

946 3878 1087 3973 ptis
1142 3898 1702 3973 magnorumque
1756 3888 1956 3966 recte,
1997 3876 2348 3955 factorum
2385 3888 2460 3951 et
2493 3878 2893 3953 sanctitatis
2921 3875 3066 3973 glo-

952 3991 1053 4066 ria
1112 3993 1445 4088 insignes

1107 4108 1207 4183 Et
1256 4130 1425 4181 sane
1478 4120 1559 4182 ut
1608 4110 1679 4181 in
1735 4108 2021 4185 Oriente
2084 4111 2441 4206 integrum
2505 4110 3064 4207 inviolatumque

950 4224 1333 4301 catholicae
1383 4224 1543 4299 fidei
1596 4240 1997 4303 servaretur
2047 4229 2476 4328 depositum,
2531 4240 2752 4331 utque
2813 4227 3066 4305 Eccle-
