3317 5267
842 425 993 500 364

844 542 1247 619 intermissa
1286 566 1483 619 mora
1528 542 1866 621 erectioni
1905 542 2248 621 mandare
2281 544 2764 642 dignaremur3
2797 548 2978 623 dua-

844 658 981 735 bus
1037 676 1275 738 tamen
1328 689 1421 739 ex
1473 666 1575 739 eis
1628 667 1700 739 in
1755 666 2253 740 commendam
2317 689 2446 740 seu
2505 667 2976 743 administra-—

850 776 1115 851 tionem
1170 780 1355 857 binis
1404 805 1497 857 ex
1554 782 1639 855 iis
1679 780 2124 857 praesulibus
2163 782 2434 855 interea
2469 785 2917 859 concreditis.

996 894 1141 971 Nos
1196 898 1433 993 igitur,
1488 900 1613 995 qui
1663 896 1864 973 Beati
1919 896 2112 971 Petri
2163 898 2578 975 cathedram
2629 901 2796 975 licet
2849 903 2976 975 in·-

846 1012 1039 1108 digni
1090 1014 1363 1087 ascensi
1412 1014 1764 1090 assiduam
1814 1014 2138 1091 dedimus
2189 1036 2480 1110 operam
2529 1016 2618 1091 ad
2665 1014 2976 1091 Christi-

844 1128 1155 1205 fidelium
1208 1154 1295 1205 ea
1346 1132 1720 1207 commoda
1773 1132 2118 1229 augenda,
2173 1132 2434 1228 quibus
2483 1133 2572 1208 ad
2635 1136 2976 1209 sanctita-

846 1257 995 1321 tem
1044 1249 1533 1345 iustitiamque
1600 1250 1824 1345 magis
1889 1250 2255 1347 magisque
2306 1250 2502 1325 hisce
2556 1254 2972 1347 praesertim

850 1366 1293 1462 temporibus
1348 1390 1582 1443 mores
1620 1390 1790 1441 suos
1825 1378 2362 1463 componerent,
2417 1368 2750 1465 nullaque
2787 1370 2858 1443 in
2897 1394 2974 1443 re

846 1484 1216 1559 ardentius
1266 1484 1860 1573 adlaboravimus‚
1923 1506 2140 1583 quam
2203 1483 2278 1557 in
2343 1487 2674 1563 universo
2736 1499 2978 1561 terra-

852 1622 1013 1676 rum
1066 1600 1235 1676 orbe
1290 1624 1585 1677 munere
1624 1602 1842 1681 Nobis
1879 1602 2220 1677 divinitus
2251 1604 2638 1677 commisso
2671 1606 2972 1701 impigre

852 1716 1337 1817 fungor-emam
1410 1721 1924 1816 postulationes
1995 1718 2188 1796 effati
2263 1718 2602 1795 Gubernii
2673 1720 2980 1820 benigno

854 1834 1097 1913 favore
1148 1841 1477 1937 prosequi
1534 1840 1882 1926 volentes,
1921 1864 2003 1917 ac
2039 1842 2112 1915 in
2163 1840 2269 1915 eis
2322 1852 2702 1917 contentas
2753 1842 2980 1915 alias-

848 1980 989 2055 que
1060 1956 1282 2055 ipsius
1354 1954 1694 2033 Gubernii
1744 1960 2292 2035 deliberationes
2322 2014 2344 2048 ,
2399 1969 2474 2035 et
2525 1960 2977 2035 confirmatas

850 2078 1037 2173 quod
1090 2100 1271 2173 opus
1322 2092 1437 2153 est
1484 2079 1903 2176 sponsiones
1957 2089 2286 2175 acceptas
2345 2088 2676 2175 ratasque
2737 2080 2980 2154 invio-—

850 2194 1155 2271 labiliter
1206 2196 1577 2282 habentes,
1638 2222 1768 2273 nec
1810 2220 1956 2273 non
2010 2198 2330 2275 omnium
2367 2208 2442 2267 et
2469 2218 2976 2291 quorumcum-

858 2336 997 2409 que
1052 2314 1121 2386 in
1176 2313 1579 2389 huiusmodi
1636 2316 1926 2409 negocio
1981 2314 2320 2387 interesse
2381 2312 2804 2387 habentium
2867 2310 2978 2383 vel

858 2431 1519 2527 quomodocumque
1575 2431 1838 2505 habere
1874 2432 2482 2527 praesumentium
2519 2454 2610 2504 ex
2647 2450 2972 2525 suprema

858 2548 929 2622 in
996 2548 1308 2645 singulas
1376 2546 1731 2624 Ecclesiae
1784 2550 2207 2624 auctoritate
2259 2548 2518 2625 Nostra
2584 2548 2978 2645 Apostolica

856 2686 1076 2761 quam
1128 2664 1405 2762 plenius
1455 2666 1712 2739 harum
1749 2667 1930 2739 serie
1969 2666 2407 2762 supplentes,
2465 2688 2853 2762 omnesque
2907 2676 2982 2739 et

860 2780 1203 2877 singulos,
1256 2782 1515 2879 quibus
1564 2782 1700 2857 hae
1733 2783 2014 2857 litterae
2053 2782 2332 2868 favent,
2371 2804 2414 2855 a
2449 2780 2819 2881 quibusvis
2855 2804 2986 2855 ex·-

859 2902 1518 2977 communicationis
1556 2954 1578 2988 ,
1634 2902 2121 2997 suspensionis
2159 2954 2184 2987 ,
2241 2917 2314 2975 et
2379 2902 2732 2975 interdicti
2791 2900 2984 2973 aliis-

860 3041 1001 3116 que
1080 3016 1595 3095 Ecclesiastieis
1673 3021 2044 3095 sententiis
2085 3072 2105 3106 ,
2169 3020 2486 3095 censuris
2529 3070 2548 3104 ‚
2605 3032 2682 3091 et
2731 3020 2983 3113 poenis

861 3136 923 3209 si
972 3134 1231 3233 quibus
1278 3136 1810 3233 quomodolibet
1861 3136 2178 3213 innodati
2243 3137 2587 3222 existunt,
2655 3136 2744 3209 ad
2797 3134 2984 3209 effe-

860 3264 1061 3329 ctum
1112 3256 1591 3349 praesentium
1632 3266 1908 3327 tantum
1961 3254 2540 3349 consequendum
2577 3252 2832 3326 harum
2869 3276 2988 3327 se-

864 3371 965 3445 rie
1016 3370 1409 3467 respective
1454 3372 1904 3483 absolventes
1947 3384 2024 3445 et
2079 3367 2440 3447 absolutos
2493 3368 2642 3445 fore
2695 3392 2986 3443 censen·-

866 3498 977 3561 tes
1015 3538 1037 3573 ,
1090 3489 1367 3563 cunctis
1416 3511 1595 3585 quae
1646 3486 2078 3584 inspicienda
2135 3500 2338 3561 erant
2391 3500 2665 3561 matura
2717 3486 2988 3561 delibe-

862 3611 1136 3685 ratione
1186 3612 1579 3708 perpensis,
1620 3619 1822 3685 motu
1855 3612 2138 3706 proprio
2193 3622 2268 3683 et
2319 3632 2406 3685 ex
2463 3624 2656 3685 certa
2691 3608 2986 3683 scientia

862 3731 1095 3829 deque
1148 3730 1587 3827 Apostolicae
1638 3730 2014 3827 potestatis
2075 3729 2514 3827 plenitudine
2593 3742 2822 3803 totum
2887 3728 2990 3801 il·-

862 3846 1013 3923 lum
1066 3846 1566 3946 provincialem
1618 3846 1960 3921 circulum
2011 3848 2133 3944 qui
2189 3846 2560 3921 vernacule
2599 3846 2736 3919 illic
2776 3868 2990 3920 voca·-

866 3978 983 4041 tur
1049 3964 1547 4065 Departement
1608 3964 1698 4039 de
1751 3964 2144 4037 Artibom‘te
2181 4016 2202 4052 ,
2255 3966 2520 4061 quique
2571 3962 2986 4059 praesertim

863 4082 1043 4159 haee
1092 4086 1409 4159 continet
1442 4084 1595 4159 loca
1632 4108 1758 4159 seu
1793 4082 2182 4179 paroecias,
2225 4082 2495 4157 scilicet
2531 4078 2882 4165 Gonaivss
2933 4120 2988 4133 --

868 4198 1049 4275 Gros
1081 4253 1103 4288 ,
1182 4200 1425 4276 Morne
1498 4242 1553 4255 -—-·
1629 4200 1831 4275 Saint
1882 4198 2072 4273 Mare
2145 4240 2200 4253 —-
2277 4198 2550 4273 Eneres
2633 4238 2686 4251 --
2771 4178 2992 4269 ’ἧι-νε

868 4318 1108 4393 Ncuve
1160 4360 1211 4373 -
1266 4316 1627 4392 Veri-ettes
1677 4354 1728 4377 =
1782 4315 2056 4391 Grande
2142 4316 2374 4391 Saline
2454 4336 2729 4387 annexe
2784 4352 2840 4365 -
2909 4322 2988 4383 et
