3317 5267
906 459 1056 529 260

893 572 1256 647 heroicum
1311 570 1461 643 illas
1499 570 1818 667 attigisse
1880 566 2177 665 gradum
2222 564 2601 640 declaravit
2671 564 3029 661 gloriosae

889 688 1274 763 memoriae
1311 686 1731 762 Benedictus
1771 682 1927 757 xlv
1968 682 2311 757 Decessor
2348 680 2601 755 Noster
2636 682 2859 757 Sexto
2892 683 3027 755 Ka-

887 803 1130 879 lendas
1169 802 1470 877 Ianuarii
1507 826 1693 877 anno
1728 798 2195 875 MDCCLvn.
2230 798 2570 871 iudicium
2609 810 2857 892 postea
2898 802 3031 872 in—

891 921 1227 993 stitutum
1281 932 1394 993 est
1443 920 1530 993 de
1569 918 1924 991 miraculis
1961 939 2143 1013 quae
2190 914 2579 988 Venerabili
2612 915 2870 989 Ioanne
2908 920 3027 991 de-

891 1056 1224 1141 precante
1261 1054 1538 1141 patrata
1576 1043 1917 1115 divinitus
1958 1039 2389 1124 ferebantur,
2420 1038 2769 1135 rebusque
2798 1044 3029 1115 omni-

889 1160 1022 1233 bus
1076 1161 1612 1257 diligentissime
1664 1157 2031 1254 perpensis
2084 1158 2171 1228 de
2226 1156 2433 1228 unius
2472 1158 2789 1231 miraculi
2832 1161 3025 1231 veri-

895 1298 1040 1359 tate
1095 1285 1462 1359 decretum
1515 1283 1735 1356 edidit
1790 1279 2015 1355 felicis
2065 1280 2567 1353 recordationis
2642 1278 3025 1376 Gregorius

891 1404 1052 1479 xvl
1107 1404 1455 1481 Decessor
1507 1404 1763 1477 Noster
1830 1402 2139 1497 septimo
2200 1400 2533 1475 kalendas
2606 1400 3028 1476 Februarias

891 1512 1812 1610 MDCGCxxxmaltei-um
1838 1544 2003 1593 vero
2030 1530 2196 1615 post
2222 1521 2831 1593 accuratissimum
2860 1544 3031 1593 exa·

892 1664 1060 1714 men
1113 1641 1262 1715 veri
1317 1638 1807 1735 exploratique
1858 1636 2154 1733 prodigii
2208 1636 2363 1711 loco
2416 1636 2559 1709 Nos
2612 1636 3023 1711 habendum

892 1757 1246 1831 ediximus
1304 1754 1525 1829 Nonis
1557 1752 1891 1827 februarii
1931 1752 2273 1825 vertentis
2328 1752 2493 1825 anni
2520 1750 3019 1828 MDCCCLxl.

893 1870 1080 1949 Nihil
1133 1871 1426 1967 proinde
1477 1880 1873 1965 supererat,
1914 1890 2129 1965 quam
2171 1881 2249 1941 ut
2286 1892 2501 1964 penes
2544 1871 2731 1944 idem
2772 1870 3025 1945 Cardi-

889 1990 1153 2063 nalium
1208 1986 1600 2061 Consilium
1651 1988 2172 2081 disceptaretur
2204 2038 2224 2073 ,
2284 2008 2455 2057 num
2516 1998 2671 2061 tuto
2734 1990 3023 2084 procedi

895 2122 1134 2206 posset
1203 2109 1288 2181 ad
1361 2106 1746 2181 Beatorum
1826 2106 2163 2179 caelitum
2236 2106 2539 2178 bonores
2622 2104 3021 2180 Venerabili

895 2228 1134 2302 loanni
1196 2226 1640 2299 deferendos.
1700 2225 1778 2298 ln·
1834 2222 2275 2319 generalibus
2338 2224 2629 2318 proinde
2684 2222 3015 2298 Comitiis

893 2366 1130 2417 coram
1184 2343 1399 2417 Nobis
1475 2342 1736 2417 habitis
1813 2340 1939 2413 XV
2010 2340 2357 2415 Kalendas
2418 2343 2657 2436 aprilis
2726 2366 3025 2417 curren-

895 2461 990 2532 tis
1041 2460 1206 2531 anni
1261 2460 1621 2553 proposita
1662 2482 1745 2531 ea
1780 2459 2099 2553 quaestio
2134 2458 2293 2544 fuit,
2354 2480 2747 2554 omnesque
2804 2470 3029 2555 quot-

893 2588 1069 2673 quot
1121 2578 1411 2650 aderant
1468 2588 1624 2649 tuto
1681 2576 1750 2648 id
1812 2577 1961 2649 fieri
2026 2600 2231 2671 posse
2294 2578 2623 2651 concordi
2687 2576 3027 2673 suffragio

895 2705 1348 2767 censuerunt.
1407 2692 1554 2769 Nos
1607 2694 1824 2788 igitur
1878 2694 2181 2789 permoti
2256 2694 2583 2788 precibus
2646 2696 3027 2769 universae

893 2812 1454 2907 congregationis
1507 2810 1939 2886 Clericorum
1996 2810 2455 2906 Regularium
2510 2834 2549 2882 a
2597 2811 2816 2885 Matre
2856 2810 3019 2899 Dei,

888 2929 978 3001 de
1061 2929 1352 3003 consilio
1425 2941 1499 3001 et
1571 2952 1871 3003 assensu
1943 2927 2121 3003 Ven:
2192 2927 2523 3001 Fratrum
2594 2928 3023 3003 Nostrorum

891 3048 966 3121 S.
1030 3046 1114 3119 R.
1175 3046 1259 3119 E.
1339 3045 1817 3119 Cardinalium
1892 3045 2147 3117 ritibus
2212 3046 2718 3140 cognoscendis
2796 3068 3023 3141 prae-

889 3165 1283 3260 positorum
1328 3214 1347 3249 ,
1434 3164 1859 3237 auctoritate
1948 3162 2203 3235 Nostra
2280 3161 2681 3257 Apostolica
2772 3174 3023 3237 tenore

889 3280 1372 3374 praesentium
1427 3278 1845 3352 facultatem
1904 3279 2379 3373 impertimur,
2450 3289 2530 3350 ut
2590 3279 2775 3351 idem
2834 3278 3019 3352 Ven:

893 3396 1020 3471 Dei
1074 3398 1380 3472 famulus
1437 3396 1735 3473 loannes
1782 3396 2125 3472 Leonardi
2182 3396 2379 3471 Beati
2432 3402 2721 3473 nomine
2776 3400 2845 3471 in
2888 3423 3025 3495 po-

891 3528 1162 3589 sterum
1217 3530 1665 3612 nuncupetur
1694 3568 1715 3604 ,
1794 3518 2085 3614 eiusque
2155 3540 2407 3613 corpus
2448 3568 2469 3603 ,
2550 3527 2625 3590 et
2676 3517 3019 3612 reliquiae

887 3658 1029 3709 non
1083 3649 1322 3717 tamen
1377 3637 1448 3707 in
1501 3637 1937 3710 solemnibus
1988 3635 2617 3733 supplicationibus
2688 3633 3021 3709 deferen-

887 3754 1046 3840 dae,
1077 3752 1400 3847 publicae
1434 3752 1745 3827 fidelium
1791 3754 2221 3829 venerationi
2262 3764 2769 3848 proponantur.
2810 3751 3021 3824 Prae-

889 3882 1084 3947 terea
1139 3871 1386 3944 eadem
1427 3872 1849 3943 auctoritate
1897 3870 2148 3943 Nostra
2186 3870 2661 3955 concedimus,
2704 3880 2783 3940 ut
2816 3869 2903 3941 de
2928 3892 3017 3941 eo

887 3986 1230 4059 recitetur
1281 3985 1635 4074 Officium,
1674 4000 1749 4061 et
1784 3986 1995 4061 Missa
2030 3988 2117 4062 de
2154 3987 2515 4079 communi
2544 3984 3014 4069 ConfessoriS,

885 4124 1032 4175 non
1088 4100 1446 4178 Pontificis
1499 4126 1663 4177 cum
1701 4102 2153 4209 Orationibus
2206 4106 2505 4200 propriis
2544 4128 2585 4177 a
2622 4103 2838 4178 Nobis
2880 4126 3017 4199 ap-

890 4218 1205 4315 probatis
1256 4224 1454 4297 iuxta
1481 4222 1793 4297 rubricas
1832 4222 2155 4310 Missali8‚
2188 4235 2263 4298 et
2296 4222 2631 4298 Breviarii
2676 4222 3011 4299 Romani.
