3317 5267
808 390 951 462 452

810 512 1231 599 mentesque
1290 494 1900 595 perniciosissimis
1953 492 2348 592 quibusque
2387 495 2742 571 erroribus
2781 498 2952 571 im·-

807 621 1055 708 buere,
1112 639 1561 713 corrumpere
1615 625 1691 689 et
1743 637 1784 687 a
1837 611 2184 687 catholica
2237 614 2574 711 religione
2628 615 2946 689 avellere

808 738 1223 813 moliuntur.
1282 734 1633 807 Nimirum
1686 730 2119 806 callidissimi
2177 732 2291 804 isti
2347 730 2674 806 fraudum
2713 735 2952 806 artifi-

812 880 958 945 ceS,
1009 840 1091 928 'et
1142 852 1603 927 fabricatores
1652 848 2000 923 mendacii
2029 872 2172 922 non
2213 863 2498 924 cessant
2533 864 2952 927 monstrosa

809 997 1131 1072 quaeque
1188 982 1513 1045 veterum
1568 990 1888 1043 errorum
1944 978 2274 1065 portenta
2331 968 2472 1041 iam
2503 971 2948 1067 sapientissi-

811 1095 951 1167 mis
1003 1092 1287 1189 scriptis
1344 1092 1555 1165 toties
1606 1086 1976 1184 profligata
2028 1110 2109 1161 ac
2162 1085 2456 1183 depulsa
2499 1142 2520 1177 ‚
2594 1090 2952 1187 gravissi-

816 1232 1077 1307 moque
1129 1206 1488 1282 Ecclesiae
1566 1205 1822 1279 iudicio
1885 1202 2223 1277 damnata
2279 1228 2318 1277 e
2373 1204 2686 1280 tenebris
2740 1208 2947 1281 exci-

815 1339 991 1413 tare,
1050 1346 1275 1421 eaque
1327 1322 1561 1409 novis,
1618 1320 1831 1393 variis
1883 1343 1966 1394 ac
1993 1318 2459 1395 fallacissimis
2493 1320 2744 1397 formis
2775 1346 2944 1398 ver-

810 1440 1063 1536 bisque
1148 1458 1485 1533 expressa
1569 1458 1996 1533 exaggerare
2035 1488 2056 1523 ,
2145 1449 2226 1509 et
2297 1436 2527 1511 modis
2603 1436 2944 1513 omnibus

816 1576 1325 1655 usquequaque
1379 1554 1870 1629 disseminare.
1929 1550 2076 1627 Hac
2109 1551 2600 1629 funestissima
2637 1578 2722 1630 ae
2799 1556 2948 1630 dia·

814 1678 1041 1751 bolica
1092 1696 1382 1769 prorsus
1436 1685 1589 1746 arte
1642 1693 1882 1745 rerum
1935 1672 2258 1745 omnium
2287 1672 2656 1747 scientiam
2696 1687 2952 1750 conta-

820 1796 1123 1880 minant,
1176 1795 1591 1888 deturpant,
1648 1789 2098 1866 mortiferum
2155 1791 2244 1864 ad
2271 1792 2670 1867 animarum
2697 1794 2948 1889 perni-

816 1912 997 1984 ciem
1056 1910 1247 1983 virus
1298 1906 1730 1993 diffundunt,
1771 1905 2186 1979 effrenatam
2231 1908 2510 1982 vivendi
2545 1908 2942 1994 licentiam,

818 2043 895 2104 et
946 2052 1199 2126 pravas
1252 2050 1568 2125 quasque
1620 2026 2052 2121 cupiditates
2087 2026 2363 2113 fovent,
2393 2028 2808 2123 religiosum
2863 2050 2950 2101 ac

820 2148 1150 2221 socialem
1188 2146 1509 2219 ordinem
1546 2144 1940 2229 invertunt,
1999 2158 2076 2216 et
2103 2166 2392 2218 omnem
2431 2144 2772 2231 iustitiae,
2805 2168 2952 2219 ve·-

822 2264 1081 2349 vitatis,
1137 2264 1337 2349 iuriS,
1392 2260 1794 2335 honestatis
1843 2271 1918 2332 et
1973 2261 2326 2357 religionis
2409 2262 2638 2335 ideam
2703 2262 2948 2336 extin-

818 2402 1031 2477 guere
1082 2390 1453 2465 conantur,
1508 2390 1585 2449 et
1637 2376 2084 2461 sanctissima
2125 2376 2386 2451 Christi
2426 2380 2790 2475 dogmata,
2829 2380 2952 2453 do-

819 2496 1119 2569 ctrinam
1174 2494 1466 2567 irrident
1496 2547 1517 2583 ,
1562 2505 2099 2581 contemnunt,
2159 2507 2598 2591 oppugnant.
2685 2494 2952 2570 Horret

822 2614 1109 2712 quidem
1162 2610 1559 2709 refugitque
1612 2612 1921 2699 animm,
1979 2634 2061 2685 ac
2113 2612 2528 2687 reformidat
2581 2614 2693 2687 vel
2765 2612 2949 2687 levi-

821 2745 931 2805 ter
979 2732 1329 2827 attingere
1380 2731 1797 2826 praecipuos
1853 2741 2138 2803 tantum
2191 2732 2708 2827 pestiferosque
2745 2754 2950 2805 erro-

819 2874 958 2938 res,
989 2847 1251 2947 quibus
1291 2848 1698 2921 huiusmodi
1727 2846 2056 2922 homines
2085 2848 2502 2921 miserrimis
2527 2847 2721 2921 hisce
2755 2860 2942 2921 tem-

821 2968 1107 3067 poribus
1160 2967 1403 3041 divina
1456 2979 1531 3039 et
1586 2966 1900 3039 humana
1951 2978 2212 3040 cuncta
2263 2966 2726 3062 permiscent.

976 3084 1199 3158 Nemo
1276 3082 1611 3155 Vestrum
1647 3083 1950 3177 ignorat,
1998 3080 2451 3156 venerabiles
2489 3082 2802 3167 Fratres,
2861 3080 2954 3153 ab

822 3204 1223 3279 huiusmodi
1260 3201 1669 3275 hominibus
1697 3200 1906 3295 plane
1941 3199 2211 3274 destrui
2249 3202 2724 3276 necessariam
2756 3198 2950 3273 illam

820 3322 1373 3404 cohaerentiam,
1430 3326 1615 3417 quae
1670 3315 1800 3391 Dei
1859 3319 2222 3393 voluntate
2301 3318 2679 3393 intercedit
2759 3320 2950 3391 inter

822 3452 1203 3535 utrumque
1254 3438 1605 3522 ordinem,
1662 3436 1782 3532 qui
1841 3448 1996 3511 tum
2053 3438 2122 3509 in
2176 3447 2465 3523 natura,
2523 3448 2680 3510 tum
2735 3458 2948 3531 supra

820 3567 1147 3629 naturam
1201 3567 1340 3641 est,
1394 3553 1709 3650 itemque
1759 3552 1850 3627 ab
1900 3555 2074 3651 ipsis
2149 3556 2444 3629 omnino
2529 3554 2944 3639 immutari,

786 3666 1173 3765 subverti,
1226 3676 1440 3751 deleri
1494 3675 1886 3771 propriam,
1947 3698 2190 3750 veram
2245 3696 2800 3773 germanamque
2851 3674 2951 3747 di·

824 3798 1031 3872 vinae
1054 3793 1506 3869 revelationis
1536 3792 1880 3879 indolem,
1897 3792 2426 3879 auctoritatem,
2452 3790 2951 3887 Ecclesiaeque

824 3914 1405 3989 constitutionem
1458 3923 1533 3983 et
1594 3922 2054 4005 potestatem.
2146 3912 2375 4007 Atque
2457 3933 2544 3985 eo
2621 3908 2950 4005 opinandi
3009 3936 3018 3945 ·

826 4032 1227 4105 temeritate
1307 4028 1852 4126 progrediuntur
1891 4080 1912 4114 ‚
2007 4042 2086 4102 ut
2139 4050 2426 4103 omnem
2511 4028 2884 4101 veritatem
2927 4078 2947 4111 ,

826 4160 1253 4246 omnemque
1305 4148 1563 4245 legem,
1621 4156 2052 4241 potestatem
2109 4158 2183 4219 et
2222 4147 2330 4219 ius
2359 4145 2640 4219 divinae
2667 4142 2958 4239 originis
