3317 5267
2275 444 2422 529 385

292 575 621 663 thedrali,
664 574 997 661 Civitate,
1039 571 1515 667 universaque
1554 571 1659 645 uti
1721 569 2116 667 praefertur
2149 572 2422 645 consti-

295 707 453 769 tuta
504 706 579 767 et
632 691 977 766 attributa
1032 688 1380 773 Dioecesi‚
1438 688 1758 784 adeoque
1807 712 2020 785 super
2091 688 2422 765 omnibus

289 826 369 886 et
420 810 715 908 singulis
766 811 1139 906 utriusque
1191 830 1407 881 sexus
1472 807 1749 892 incolis,
1787 808 2170 883 dummodo
2205 830 2424 905 pecu-

292 929 446 1001 liari
495 950 639 1003 non
692 928 1053 1024 gaudeant
1088 926 1573 1021 exemptionis
1642 924 1942 1011 indulto,
1981 936 2106 999 aut
2139 924 2430 1023 privile-

291 1045 499 1143 legio,
554 1069 639 1120 ea
688 1068 829 1142 qua
890 1068 1025 1142 par
1076 1056 1192 1119 cst
1241 1043 1722 1118 sollicitudine
1773 1054 1848 1117 et
1897 1044 2253 1140 diligentia
2289 1066 2421 1119 ex·-

290 1166 507 1260 pleat,
565 1186 841 1241 sacram
906 1163 1407 1239 visitationem
1442 1164 1936 1237 dioecesanam
1971 1161 2256 1235 statutis
2291 1184 2420 1257 per

288 1304 531 1357 sacros
584 1281 915 1357 Canones
972 1280 1413 1378 temporibus
1466 1281 1746 1354 naviter
1778 1278 2018 1367 obeat,
2065 1279 2422 1353 dioecesa-

292 1424 455 1475 nam
512 1400 877 1499 Synodum
930 1400 1319 1497 aliquando
1368 1398 1635 1473 indicat
1709 1398 1984 1495 riteque
2035 1396 2358 1471 conficiat
2397 1442 2419 1480 ,

294 1520 409 1594 illa
460 1542 787 1619 quaeque
822 1520 1133 1616 denique
1172 1519 1327 1593 sive
1362 1518 1778 1614 personalia,
1817 1518 1970 1591 sive
1995 1515 2238 1603 realia,
2261 1516 2420 1591 sive

300 1640 527 1712 mixta
578 1638 765 1734 jura,
805 1659 1127 1723 munera,
1166 1635 1562 1725 facultateS,
1598 1646 1680 1711 ct
1713 1636 2004 1734 quaevis
2031 1636 2195 1722 alia,
2233 1656 2418 1733 quae
2499 1718 2508 1727 .

290 1756 387 1829 ad
443 1778 803 1829 sacrorum
862 1751 1230 1831 canonum
1284 1752 1988 1850 Apostolicammque
2045 1752 2420 1829 Constitu-

294 1872 577 1949 tionum
632 1894 955 1947 normam
1012 1870 1355 1947 ordinarie
1406 1868 1764 1955 obtinent,
1815 1870 2044 1967 iisque
2111 1880 2416 1943 utuntur

282 2007 511 2089 atque
560 1992 889 2067 fruuntur
940 1991 1219 2065 illarum
1256 1990 1625 2086 regionum
1681 1988 2044 2087 Episcopi,
2121 2010 2414 2085 praese-

286 2109 499 2198 ferat,
534 2120 840 2196 tueatur,
866 2122 1085 2206 atque
1110 2120 1469 2194 exerceat3
1498 2106 1706 2204 itajut
1733 2108 2020 2204 proprio
2045 2106 2410 2206 liberoque

268 2228 439 2326 jure
496 2228 731 2302 valeat
779 2250 867 2302 ea
916 2248 1201 2325 quoque
1254 2246 1467 2321 super
1516 2224 1605 2299 iis
1658 2223 1904 2299 itidem
1955 2225 2286 2301 omnibus
2337 2238 2418 2301 et

281 2346 585 2443 singulis
638 2346 987 2430 ordinare,
1042 2342 1299 2429 facere,
1356 2340 1742 2439 inquirere,
1779 2363 1862 2415 ac
1897 2342 2186 2417 demum
2223 2364 2378 2417 exe-

281 2462 614 2567 quutioni
668 2461 1041 2537 efficaciter
1096 2459 1457 2545 mandare,
1514 2479 1700 2553 quae
1753 2456 2197 2533 Praesulibus
2233 2457 2412 2555 Epi·-

138 2668 143 2673 ,
284 2582 521 2677 scopis
572 2603 703 2677 per
752 2604 989 2657 sacros
1044 2576 1363 2653 Canones
1418 2573 2004 2673 Apostolicasque
2053 2575 2410 2654 Constitu·

288 2698 523 2773 tiones
593 2697 1107 2795 probatamque
1146 2691 1503 2769 Ecclesiae
1546 2688 1948 2767 Catholicae
2005 2697 2284 2792 praxim
2335 2698 2411 2770 in

286 2816 609 2917 proprias
664 2813 1145 2901 Catbedrales,
1206 2808 1611 2897 Dioeceses,
1652 2810 1916 2885 incolas
1965 2824 2046 2885 et
2095 2838 2210 2888 res
2250 2814 2408 2911 jure

286 2937 769 3011 ecclesiastico
858 2932 1303 3011 concreditae
1377 2940 1454 3003 et
1532 2929 2006 3005 demandatae
2101 2952 2414 3029 compe—

289 3054 599 3127 riantur.

442 3168 673 3260 Quam
710 3170 993 3266 quidem
1032 3166 1525 3243 Catbedralem
1557 3165 1985 3241 Puniensem
2025 3167 2414 3242 Ecclesiam

290 3312 333 3361 a
365 3286 583 3362 Nobis
608 3287 889 3363 noviter
914 3298 1221 3361 erectam
1248 3286 1433 3361 illico
1462 3297 1540 3359 et
1564 3285 1976 3358 immediate
2009 3284 2434 3380 suffragane-

287 3428 405 3481 am
467 3404 801 3479 Limanae
850 3404 1431 3503 Metropolitanae
1482 3404 2016 3491 constituimus,
2048 3426 2185 3477 una
2248 3424 2412 3477 cum

290 3549 425 3599 suo
474 3548 605 3621 pro
656 3535 979 3620 tempore
1029 3522 1407 3621 Episcopo,
1466 3520 1670 3596 Clero
1705 3533 1781 3594 et
1825 3521 2088 3619 populo
2139 3522 2416 3596 dioece-

295 3664 499 3728 sano,
556 3640 799 3715 obtem
808 3652 1207 3737 peraturam
1288 3636 1846 3715 ordinationibus
1899 3650 1974 3712 et
2033 3639 2426 3736 superiori·-

296 3760 427 3833 tati
488 3758 766 3833 Limani
826 3758 1382 3857 Archiepiscopi,
1438 3759 1714 3855 illisque
1766 3756 2096 3835 omnibus
2131 3756 2424 3854 privile·-

293 3878 426 3972 giis
476 3878 879 3975 ceterisque
960 3876 1375 3971 fruituram,
1426 3874 1684 3971 quibus
1757 3876 1828 3947 in
1881 3876 1966 3949 iis
2027 3876 2202 3953 locis
2272 3875 2416 3950 Ec-

296 3998 549 4071 clesiae
631 3996 1119 4095 suffraganeae
1148 4024 1157 4033 ·
1188 3994 1581 4091 potiuntur.
1636 3993 1956 4093 Utraque
2011 3997 2226 4092 igitur
2276 3994 2424 4070 Ec-

292 4116 531 4202 clesia,
594 4116 1141 4212 Metropolitana
1202 4132 1463 4208 nempe
1502 4123 1577 4184 et
1634 4109 2103 4208 Episcopalis‚
2167 4124 2418 4187 mutuo

296 4237 627 4332 deinceps
656 4258 897 4313 amore
924 4260 999 4310 se
1028 4232 1617 4329 complectentur,
1640 4250 1864 4328 eaque
1891 4230 2190 4312 invicem
2217 4252 2416 4327 prae-
