3317 5267
817 461 962 530 714

809 575 1165 673 probanda
1195 627 1216 662 ,
1274 597 1524 650 verum
1573 574 1799 648 etiam
1850 574 2141 646 omnino
2192 571 2383 646 licita
2412 623 2435 654 ,
2488 574 2941 670 summisque

815 691 1140 766 laudibus
1217 689 1568 765 efferenda
1608 741 1630 777 ,
1711 689 1995 786 quando
2044 689 2117 762 id
2194 711 2320 784 pro
2370 691 2643 785 patriae
2694 711 2943 764 amore

813 821 1083 905 agatur.

1026 937 1235 1006 Alloc.
1297 940 1547 1017 Quibus
1591 945 1979 1026 quantisque
2028 933 2119 1004 20
2168 939 2405 1027 aprilis
2452 932 2650 1006 1849.

1720 1159 1787 1252 §-
1848 1157 2030 1233 vm.

1159 1399 1462 1473 Error-es
1515 1398 1603 1471 de
1654 1399 2119 1472 matrimonio
2168 1393 2582 1469 christiano.

968 1631 1181 1708 LXV.
1237 1633 1443 1710 Nulla
1493 1633 1765 1707 ratione
1816 1631 1982 1706 ferri
2034 1641 2301 1728 potest,
2350 1629 2709 1706 Christmn
2762 1653 2947 1704 eve-

815 1751 1005 1826 xisse
1057 1751 1585 1826 matrimonium
1639 1751 1729 1823 ad
1780 1749 2199 1846 dignitatem
2248 1749 2699 1824 sacramenti.

1021 1883 1178 1950 Litt.
1233 1881 1456 1972 Apost.
1508 1883 1610 1949 Aa
1653 1882 2035 1968 apostolicae
2066 1879 2159 1946 22
2200 1879 2463 1966 augusti
2522 1875 2723 1946 1851.

974 1987 1220 2065 LXVI.
1277 1989 1703 2064 Matrimonii
1731 2000 2257 2062 sacramentum
2282 2010 2425 2062 non
2454 1997 2565 2062 est
2587 1987 2727 2060 nisi
2760 1987 2937 2084 quid

817 2109 1208 2183 contractui
1236 2107 1705 2182 accessorium
1732 2105 1823 2180 ab
1858 2127 2082 2202 eoque
2108 2103 2522 2201 separabile,
2549 2105 2941 2203 ipsumque

814 2237 1334 2300 sacramentum
1397 2227 1471 2298 in
1531 2247 1673 2298 una
1734 2233 2019 2297 tantum
2079 2221 2375 2319 nuptiali
2432 2221 2932 2298 benedictione

815 2343 1033 2417 situm
1097 2355 1230 2418 est.

1021 2470 1177 2537 Litt.
1231 2470 1460 2560 Apost.
1511 2473 1614 2538 Aa
1659 2470 2039 2558 apostolicae
2066 2467 2159 2534 22
2202 2467 2470 2556 angusti
2516 2465 2715 2536 1851.

981 2577 1260 2651 vass.
1319 2578 1474 2653 lure
1525 2589 1821 2653 natm-ae
1882 2577 2319 2651 matrimonii
2378 2576 2729 2650 vinculum
2776 2599 2923 2650 non

811 2708 922 2770 est
972 2695 1473 2783 indissolubile,
1512 2707 1586 2768 et
1620 2697 1693 2767 in
1730 2695 1943 2767 variis
1988 2693 2268 2768 casibus
2316 2694 2695 2768 divortium
2746 2715 2925 2788 pro-

819 2816 968 2911 prie
1020 2815 1290 2889 dictum
1343 2815 1759 2889 auctoritate
1810 2811 1999 2888 civili
2049 2811 2305 2886 sanciri
2353 2821 2617 2906 potest.

1021 2932 1180 3000 Litt.
1231 2928 1462 3019 Apost.
1513 2931 1616 2996 Ad
1653 2929 2031 3018 apostolicae
2062 2927 2153 2996 22
2196 2927 2457 3017 angusti
2506 2923 2708 2994 1851.

1019 3053 1232 3121 Alloc.
1285 3053 1779 3122 Acerbissimum
1825 3053 1911 3119 27
1958 3049 2347 3140 septembris
2390 3047 2593 3118 1852.

962 3139 1275 3234 L'xvln.
1332 3159 1646 3236 Ecclesia
1698 3181 1841 3234 non
1878 3158 2095 3231 habet
2128 3167 2559 3253 potestatem
2614 3157 2929 3252 impedi-

813 3291 1052 3352 menta
1106 3277 1635 3351 matrimonium
1714 3275 2118 3348 dirimentia
2172 3273 2543 3347 inducendi
2582 3323 2605 3360 ,
2660 3273 2787 3346 sed
2840 3297 2929 3346 ea

809 3407 1124 3492 potestas
1176 3396 1360 3470 civili
1412 3393 1813 3468 auctoritati
1864 3389 2211 3488 competit
2248 3443 2271 3478 ,
2326 3413 2369 3464 a
2418 3411 2563 3488 qua
2610 3389 2927 3488 impedi-

809 3527 1052 3589 menta
1103 3512 1478 3588 existentia
1533 3511 1845 3585 tollenda
1894 3520 2085 3584 sunt.
2920 3510 2926 3514 ’

1014 3645 1168 3710 Litt.
1220 3641 1442 3731 Apost.
1495 3641 1894 3730 Multiplices
1922 3643 2099 3707 inter
2144 3635 2231 3707 10
2274 3640 2446 3708 iunii
2497 3635 2695 3706 1851.

963 3745 1208 3822 LXIX.
1263 3747 1576 3824 Ecclesia
1647 3745 2089 3845 sequioribus
2152 3745 2447 3820 saeculis
2518 3743 2924 3818 dirimentia

809 3865 1696 3969 impedimenta‘indueere
1748 3866 2011 3960 coepit,
2047 3887 2187 3938 non
2242 3865 2394 3937 iure
2445 3863 2759 3959 proprio,
2794 3861 2921 3934 sed

819 3987 936 4062 illo
987 3989 1135 4061 iure
1185 4007 1339 4072 usa,
1375 3985 1564 4082 quod
1615 4007 1657 4056 a
1709 3983 1897 4057 civili
1949 3991 2305 4077 potestate
2358 3991 2681 4055 mutuata
2734 3991 2912 4052 erat.

1011 4105 1165 4172 Litt.
1219 4103 1444 4193 Apost.
1495 4105 1597 4171 Ad
1641 4095 2023 4193 apostolicae
2068 4100 2157 4166 22
2190 4101 2455 4188 angusti
2510 4095 2707 4166 1851.

955 4219 1170 4295 LXX.
1231 4223 1618 4298 Tridentini
1678 4243 1983 4297 canones
2033 4221 2155 4316 qui
2206 4218 2686 4322 anathematis·
2728 4235 2902 4288 cen-
