<?xml version="1.0" encoding="UTF-8"?>
<!DOCTYPE html PUBLIC "-//W3C//DTD XHTML 1.0 Transitional//EN"
    "http://www.w3.org/TR/xhtml1/DTD/xhtml1-transitional.dtd">
<html xmlns="http://www.w3.org/1999/xhtml" xml:lang="en" lang="en">
 <head>
  <title>
</title>
<meta http-equiv="Content-Type" content="text/html;charset=utf-8" />
  <meta name='ocr-system' content='tesseract 3.04.00' />
  <meta name='ocr-capabilities' content='ocr_page ocr_carea ocr_par ocr_line ocrx_word'/>
</head>
<body>
  <div class='ocr_page' id='page_1' title='image "./piiixpontificis00ixgoog_0367.png"; bbox 0 0 3317 5267; ppageno 0'>
   <div class='ocr_carea' id='block_1_1' title="bbox 381 392 2511 4126">
    <p class='ocr_par' dir='ltr' id='par_1_1' title="bbox 381 392 2511 2483">
     <span class='ocr_line' id='line_1_1' title="bbox 2350 392 2497 464; baseline -0.007 -1"><span class='ocrx_word' id='word_1_1' title='bbox 2350 392 2497 464; x_wconf 73' lang='lat'><strong>355</strong></span> 
     </span>
     <span class='ocr_line' id='line_1_2' title="bbox 386 506 2503 606; baseline -0.002 -19"><span class='ocrx_word' id='word_1_2' title='bbox 386 514 634 589; x_wconf 87' lang='lat' dir='ltr'><strong>stolica</strong></span> <span class='ocrx_word' id='word_1_3' title='bbox 687 512 1108 585; x_wconf 86' lang='lat' dir='ltr'><strong>auctoritate</strong></span> <span class='ocrx_word' id='word_1_4' title='bbox 1147 508 1640 606; x_wconf 82' lang='lat' dir='ltr'><strong>praecipimus,</strong></span> <span class='ocrx_word' id='word_1_5' title='bbox 1681 506 1894 603; x_wconf 88' lang='lat' dir='ltr'><strong>quod,</strong></span> <span class='ocrx_word' id='word_1_6' title='bbox 1935 506 2139 581; x_wconf 89' lang='lat' dir='ltr'><strong>sicuti</strong></span> <span class='ocrx_word' id='word_1_7' title='bbox 2187 532 2315 606; x_wconf 79' lang='lat' dir='ltr'><strong>par</strong></span> <span class='ocrx_word' id='word_1_8' title='bbox 2366 522 2503 597; x_wconf 89' lang='lat' dir='ltr'><strong>est,</strong></span> 
     </span>
     <span class='ocr_line' id='line_1_3' title="bbox 381 619 2509 726; baseline -0.001 -25"><span class='ocrx_word' id='word_1_9' title='bbox 381 650 733 726; x_wconf 89' lang='lat' dir='ltr'><strong>propensa</strong></span> <span class='ocrx_word' id='word_1_10' title='bbox 771 625 960 700; x_wconf 84' lang='lat' dir='ltr'><strong>effati</strong></span> <span class='ocrx_word' id='word_1_11' title='bbox 999 622 1286 698; x_wconf 87' lang='lat' dir='ltr'><strong>Haitani</strong></span> <span class='ocrx_word' id='word_1_12' title='bbox 1323 619 1661 698; x_wconf 90' lang='lat' dir='ltr'><strong>Gubernii</strong></span> <span class='ocrx_word' id='word_1_13' title='bbox 1696 620 2163 698; x_wconf 88' lang='lat' dir='ltr'><strong>sollicitudine</strong></span> <span class='ocrx_word' id='word_1_14' title='bbox 2206 639 2281 698; x_wconf 89' lang='lat' dir='ltr'><strong>et</strong></span> <span class='ocrx_word' id='word_1_15' title='bbox 2317 648 2509 699; x_wconf 90' lang='lat' dir='ltr'><strong>sum-</strong></span> 
     </span>
     <span class='ocr_line' id='line_1_4' title="bbox 385 738 2509 843; baseline -0.001 -23"><span class='ocrx_word' id='word_1_16' title='bbox 385 760 518 843; x_wconf 86' lang='lat' dir='ltr'><strong>ptu</strong></span> <span class='ocrx_word' id='word_1_17' title='bbox 569 768 788 842; x_wconf 86' lang='lat' dir='ltr'><strong>quam</strong></span> <span class='ocrx_word' id='word_1_18' title='bbox 841 746 1150 841; x_wconf 89' lang='lat' dir='ltr'><strong>primum</strong></span> <span class='ocrx_word' id='word_1_19' title='bbox 1205 766 1334 839; x_wconf 85' lang='lat' dir='ltr'><strong>pro</strong></span> <span class='ocrx_word' id='word_1_20' title='bbox 1383 738 1787 836; x_wconf 84' lang='lat' dir='ltr'><strong>Episcopali</strong></span> <span class='ocrx_word' id='word_1_21' title='bbox 1840 740 2097 815; x_wconf 85' lang='lat' dir='ltr'><strong>Portus</strong></span> <span class='ocrx_word' id='word_1_22' title='bbox 2134 742 2337 817; x_wconf 87' lang='lat' dir='ltr'><strong>Pacis</strong></span> <span class='ocrx_word' id='word_1_23' title='bbox 2365 742 2509 817; x_wconf 89' lang='lat' dir='ltr'><strong>Ec-</strong></span> 
     </span>
     <span class='ocr_line' id='line_1_5' title="bbox 385 860 2505 959; baseline -0.002 -21"><span class='ocrx_word' id='word_1_24' title='bbox 385 864 598 939; x_wconf 86' lang='lat' dir='ltr'><strong>clesia</strong></span> <span class='ocrx_word' id='word_1_25' title='bbox 635 864 943 959; x_wconf 78' lang='lat' dir='ltr'>erigatur</span> <span class='ocrx_word' id='word_1_26' title='bbox 979 874 1056 935; x_wconf 89' lang='lat' dir='ltr'><strong>et</strong></span> <span class='ocrx_word' id='word_1_27' title='bbox 1087 873 1486 957; x_wconf 90' lang='lat' dir='ltr'><strong>opportuna</strong></span> <span class='ocrx_word' id='word_1_28' title='bbox 1539 860 1759 932; x_wconf 88' lang='lat' dir='ltr'><strong>etiam</strong></span> <span class='ocrx_word' id='word_1_29' title='bbox 1812 862 2243 957; x_wconf 77' lang='lat' dir='ltr'>supellectile</span> <span class='ocrx_word' id='word_1_30' title='bbox 2296 862 2505 935; x_wconf 86' lang='lat' dir='ltr'><strong>insti-</strong></span> 
     </span>
     <span class='ocr_line' id='line_1_6' title="bbox 383 974 2507 1073; baseline -0.001 -18"><span class='ocrx_word' id='word_1_31' title='bbox 383 994 631 1055; x_wconf 89' lang='lat' dir='ltr'><strong>tuatur</strong></span> <span class='ocrx_word' id='word_1_32' title='bbox 669 980 1142 1055; x_wconf 73' lang='lat' dir='ltr'><strong>Seminarium</strong></span> <span class='ocrx_word' id='word_1_33' title='bbox 1192 977 1396 1073; x_wconf 82' lang='lat' dir='ltr'><strong>juxta</strong></span> <span class='ocrx_word' id='word_1_34' title='bbox 1451 974 1841 1051; x_wconf 81' lang='lat' dir='ltr'><strong>Canonicas</strong></span> <span class='ocrx_word' id='word_1_35' title='bbox 1890 977 2081 1069; x_wconf 83' lang='lat' dir='ltr'><strong>leges</strong></span> <span class='ocrx_word' id='word_1_36' title='bbox 2132 989 2207 1052; x_wconf 92' lang='lat' dir='ltr'><strong>et</strong></span> <span class='ocrx_word' id='word_1_37' title='bbox 2242 978 2507 1054; x_wconf 77' lang='lat' dir='ltr'><strong>formas</strong></span> 
     </span>
     <span class='ocr_line' id='line_1_7' title="bbox 383 1092 2509 1191; baseline -0.002 -19"><span class='ocrx_word' id='word_1_38' title='bbox 383 1099 602 1173; x_wconf 85' lang='lat' dir='ltr'><strong>libere</strong></span> <span class='ocrx_word' id='word_1_39' title='bbox 640 1100 713 1169; x_wconf 89' lang='lat' dir='ltr'><strong>in</strong></span> <span class='ocrx_word' id='word_1_40' title='bbox 753 1094 1080 1169; x_wconf 85' lang='lat' dir='ltr'><strong>omnibus</strong></span> <span class='ocrx_word' id='word_1_41' title='bbox 1117 1094 1558 1191; x_wconf 75' lang='lat' dir='ltr'><strong>dirigendum</strong></span> <span class='ocrx_word' id='word_1_42' title='bbox 1599 1093 1691 1165; x_wconf 90' lang='lat' dir='ltr'><strong>ab</strong></span> <span class='ocrx_word' id='word_1_43' title='bbox 1728 1092 2107 1190; x_wconf 82' lang='lat' dir='ltr'><strong>Episcopo,</strong></span> <span class='ocrx_word' id='word_1_44' title='bbox 2148 1094 2347 1190; x_wconf 87' lang='lat' dir='ltr'><strong>cujus</strong></span> <span class='ocrx_word' id='word_1_45' title='bbox 2374 1096 2509 1169; x_wconf 86' lang='lat' dir='ltr'><strong>erit</strong></span> 
     </span>
     <span class='ocr_line' id='line_1_8' title="bbox 389 1209 2511 1300; baseline -0.002 -11"><span class='ocrx_word' id='word_1_46' title='bbox 389 1216 734 1289; x_wconf 85' lang='lat' dir='ltr'><strong>Rectores</strong></span> <span class='ocrx_word' id='word_1_47' title='bbox 771 1213 973 1300; x_wconf 88' lang='lat' dir='ltr'><strong>inibi,</strong></span> <span class='ocrx_word' id='word_1_48' title='bbox 1019 1214 1640 1287; x_wconf 82' lang='lat' dir='ltr'><strong>Administratores</strong></span> <span class='ocrx_word' id='word_1_49' title='bbox 1672 1220 1754 1283; x_wconf 89' lang='lat' dir='ltr'><strong>et</strong></span> <span class='ocrx_word' id='word_1_50' title='bbox 1796 1209 2238 1287; x_wconf 81' lang='lat' dir='ltr'>Professores</span> <span class='ocrx_word' id='word_1_51' title='bbox 2274 1212 2511 1286; x_wconf 84' lang='lat' dir='ltr'><strong>nomi-</strong></span> 
     </span>
     <span class='ocr_line' id='line_1_9' title="bbox 383 1329 2511 1427; baseline -0.001 -22"><span class='ocrx_word' id='word_1_52' title='bbox 383 1334 622 1419; x_wconf 89' lang='lat' dir='ltr'><strong>nandi,</strong></span> <span class='ocrx_word' id='word_1_53' title='bbox 665 1343 740 1405; x_wconf 88' lang='lat' dir='ltr'><strong>et</strong></span> <span class='ocrx_word' id='word_1_54' title='bbox 773 1332 834 1405; x_wconf 91' lang='lat' dir='ltr'><strong>si</strong></span> <span class='ocrx_word' id='word_1_55' title='bbox 873 1330 1156 1427; x_wconf 88' lang='lat' dir='ltr'><strong>quando</strong></span> <span class='ocrx_word' id='word_1_56' title='bbox 1207 1329 1608 1425; x_wconf 81' lang='lat' dir='ltr'><strong>oportuerit</strong></span> <span class='ocrx_word' id='word_1_57' title='bbox 1662 1330 2126 1415; x_wconf 82' lang='lat' dir='ltr'><strong>exonerandi,</strong></span> <span class='ocrx_word' id='word_1_58' title='bbox 2155 1340 2229 1404; x_wconf 92' lang='lat' dir='ltr'><strong>et</strong></span> <span class='ocrx_word' id='word_1_59' title='bbox 2264 1330 2511 1404; x_wconf 86' lang='lat' dir='ltr'><strong>dimit·-</strong></span> 
     </span>
     <span class='ocr_line' id='line_1_10' title="bbox 383 1446 2505 1544; baseline 0 -23"><span class='ocrx_word' id='word_1_60' title='bbox 383 1450 606 1534; x_wconf 87' lang='lat' dir='ltr'><strong>tendi,</strong></span> <span class='ocrx_word' id='word_1_61' title='bbox 663 1448 906 1544; x_wconf 85' lang='lat' dir='ltr'><strong>ibique</strong></span> <span class='ocrx_word' id='word_1_62' title='bbox 958 1470 1080 1521; x_wconf 88' lang='lat' dir='ltr'><strong>eos</strong></span> <span class='ocrx_word' id='word_1_63' title='bbox 1131 1446 1420 1519; x_wconf 88' lang='lat' dir='ltr'><strong>alendos</strong></span> <span class='ocrx_word' id='word_1_64' title='bbox 1475 1446 1969 1542; x_wconf 89' lang='lat' dir='ltr'><strong>docendosque</strong></span> <span class='ocrx_word' id='word_1_65' title='bbox 2026 1447 2505 1521; x_wconf 78' lang='lat' dir='ltr'><strong>adolescentes</strong></span> 
     </span>
     <span class='ocr_line' id='line_1_11' title="bbox 383 1561 2505 1661; baseline -0.001 -22"><span class='ocrx_word' id='word_1_66' title='bbox 383 1567 756 1640; x_wconf 83' lang='lat' dir='ltr'><strong>admittere</strong></span> <span class='ocrx_word' id='word_1_67' title='bbox 809 1587 989 1661; x_wconf 91' lang='lat' dir='ltr'><strong>quos</strong></span> <span class='ocrx_word' id='word_1_68' title='bbox 1043 1563 1296 1659; x_wconf 82' lang='lat' dir='ltr'><strong>dignos</strong></span> <span class='ocrx_word' id='word_1_69' title='bbox 1349 1561 1777 1657; x_wconf 88' lang='lat' dir='ltr'><strong>idoneosque</strong></span> <span class='ocrx_word' id='word_1_70' title='bbox 1816 1563 1901 1634; x_wconf 89' lang='lat' dir='ltr'><strong>ad</strong></span> <span class='ocrx_word' id='word_1_71' title='bbox 1942 1586 2111 1637; x_wconf 88' lang='lat' dir='ltr'><strong>suae</strong></span> <span class='ocrx_word' id='word_1_72' title='bbox 2164 1564 2505 1638; x_wconf 86' lang='lat' dir='ltr'><strong>dioecesis</strong></span> 
     </span>
     <span class='ocr_line' id='line_1_12' title="bbox 385 1678 2507 1775; baseline -0.001 -20"><span class='ocrx_word' id='word_1_73' title='bbox 385 1684 882 1757; x_wconf 87' lang='lat' dir='ltr'><strong>necessitatem</strong></span> <span class='ocrx_word' id='word_1_74' title='bbox 935 1693 1012 1755; x_wconf 89' lang='lat' dir='ltr'><strong>et</strong></span> <span class='ocrx_word' id='word_1_75' title='bbox 1065 1680 1450 1752; x_wconf 83' lang='lat' dir='ltr'><strong>utilitatem</strong></span> <span class='ocrx_word' id='word_1_76' title='bbox 1503 1678 1723 1773; x_wconf 87' lang='lat' dir='ltr'><strong>probe</strong></span> <span class='ocrx_word' id='word_1_77' title='bbox 1760 1702 2227 1775; x_wconf 84' lang='lat' dir='ltr'><strong>responsuros</strong></span> <span class='ocrx_word' id='word_1_78' title='bbox 2254 1680 2507 1755; x_wconf 82' lang='lat' dir='ltr'><strong>existi-</strong></span> 
     </span>
     <span class='ocr_line' id='line_1_13' title="bbox 385 1795 2503 1895; baseline 0 -22"><span class='ocrx_word' id='word_1_79' title='bbox 385 1802 712 1874; x_wconf 81' lang='lat' dir='ltr'><strong>maverit.</strong></span> <span class='ocrx_word' id='word_1_80' title='bbox 755 1796 892 1887; x_wconf 85' lang='lat' dir='ltr'><strong>Qui</strong></span> <span class='ocrx_word' id='word_1_81' title='bbox 925 1798 1214 1895; x_wconf 83' lang='lat' dir='ltr'><strong>quidem</strong></span> <span class='ocrx_word' id='word_1_82' title='bbox 1245 1795 1638 1892; x_wconf 87' lang='lat' dir='ltr'><strong>Episcopus</strong></span> <span class='ocrx_word' id='word_1_83' title='bbox 1666 1797 1737 1869; x_wconf 90' lang='lat' dir='ltr'><strong>in</strong></span> <span class='ocrx_word' id='word_1_84' title='bbox 1766 1821 1895 1871; x_wconf 91' lang='lat' dir='ltr'><strong>suo</strong></span> <span class='ocrx_word' id='word_1_85' title='bbox 1924 1796 2247 1872; x_wconf 86' lang='lat' dir='ltr'><strong>obeundo</strong></span> <span class='ocrx_word' id='word_1_86' title='bbox 2276 1798 2503 1873; x_wconf 88' lang='lat' dir='ltr'><strong>officio</strong></span> 
     </span>
     <span class='ocr_line' id='line_1_14' title="bbox 387 1913 2505 2012; baseline -0 -23"><span class='ocrx_word' id='word_1_87' title='bbox 387 1940 600 2012; x_wconf 84' lang='lat' dir='ltr'><strong>super</strong></span> <span class='ocrx_word' id='word_1_88' title='bbox 625 1914 1057 1988; x_wconf 77' lang='lat' dir='ltr'><strong>orthodoxae</strong></span> <span class='ocrx_word' id='word_1_89' title='bbox 1084 1913 1244 1987; x_wconf 91' lang='lat' dir='ltr'><strong>fidei</strong></span> <span class='ocrx_word' id='word_1_90' title='bbox 1281 1934 1704 2010; x_wconf 88' lang='lat' dir='ltr'><strong>morumque</strong></span> <span class='ocrx_word' id='word_1_91' title='bbox 1742 1913 2061 1987; x_wconf 86' lang='lat' dir='ltr'><strong>doctrina</strong></span> <span class='ocrx_word' id='word_1_92' title='bbox 2095 1915 2339 1991; x_wconf 88' lang='lat' dir='ltr'><strong>sedulo</strong></span> <span class='ocrx_word' id='word_1_93' title='bbox 2377 1916 2505 1989; x_wconf 87' lang='lat' dir='ltr'><strong>ad·-</strong></span> 
     </span>
     <span class='ocr_line' id='line_1_15' title="bbox 384 2027 2503 2128; baseline -0 -23"><span class='ocrx_word' id='word_1_94' title='bbox 384 2032 716 2128; x_wconf 80' lang='lat' dir='ltr'><strong>vigilandi</strong></span> <span class='ocrx_word' id='word_1_95' title='bbox 775 2054 866 2103; x_wconf 92' lang='lat' dir='ltr'><strong>ne</strong></span> <span class='ocrx_word' id='word_1_96' title='bbox 916 2030 1086 2103; x_wconf 87' lang='lat' dir='ltr'><strong>dum</strong></span> <span class='ocrx_word' id='word_1_97' title='bbox 1141 2028 1374 2125; x_wconf 88' lang='lat' dir='ltr'><strong>quoad</strong></span> <span class='ocrx_word' id='word_1_98' title='bbox 1427 2027 1596 2101; x_wconf 89' lang='lat' dir='ltr'><strong>illud</strong></span> <span class='ocrx_word' id='word_1_99' title='bbox 1647 2029 2109 2103; x_wconf 87' lang='lat' dir='ltr'><strong>seminarium</strong></span> <span class='ocrx_word' id='word_1_100' title='bbox 2148 2082 2170 2118; x_wconf 92' lang='lat'>‚</span> <span class='ocrx_word' id='word_1_101' title='bbox 2252 2054 2503 2105; x_wconf 83' lang='lat' dir='ltr'><strong>verum</strong></span> 
     </span>
     <span class='ocr_line' id='line_1_16' title="bbox 386 2146 2503 2247; baseline 0 -24"><span class='ocrx_word' id='word_1_102' title='bbox 386 2149 602 2223; x_wconf 88' lang='lat' dir='ltr'><strong>etiam</strong></span> <span class='ocrx_word' id='word_1_103' title='bbox 653 2148 888 2246; x_wconf 85' lang='lat' dir='ltr'><strong>quoad</strong></span> <span class='ocrx_word' id='word_1_104' title='bbox 939 2146 1479 2233; x_wconf 85' lang='lat' dir='ltr'><strong>Universitates,</strong></span> <span class='ocrx_word' id='word_1_105' title='bbox 1537 2146 1647 2218; x_wconf 83' lang='lat' dir='ltr'><strong>vel</strong></span> <span class='ocrx_word' id='word_1_106' title='bbox 1704 2148 2141 2237; x_wconf 83' lang='lat' dir='ltr'><strong>Academias,</strong></span> <span class='ocrx_word' id='word_1_107' title='bbox 2190 2150 2303 2223; x_wconf 86' lang='lat' dir='ltr'><strong>vel</strong></span> <span class='ocrx_word' id='word_1_108' title='bbox 2354 2148 2503 2247; x_wconf 85' lang='lat' dir='ltr'><strong>Gy·</strong></span> 
     </span>
     <span class='ocr_line' id='line_1_17' title="bbox 385 2263 2503 2361; baseline 0.001 -21"><span class='ocrx_word' id='word_1_109' title='bbox 385 2268 657 2340; x_wconf 90' lang='lat' dir='ltr'><strong>mnasia</strong></span> <span class='ocrx_word' id='word_1_110' title='bbox 709 2266 824 2340; x_wconf 80' lang='lat' dir='ltr'><strong>vel</strong></span> <span class='ocrx_word' id='word_1_111' title='bbox 877 2265 1045 2339; x_wconf 89' lang='lat' dir='ltr'><strong>alias</strong></span> <span class='ocrx_word' id='word_1_112' title='bbox 1125 2288 1254 2361; x_wconf 93' lang='lat' dir='ltr'><strong>per</strong></span> <span class='ocrx_word' id='word_1_113' title='bbox 1331 2263 1710 2337; x_wconf 90' lang='lat' dir='ltr'><strong>dioecesim</strong></span> <span class='ocrx_word' id='word_1_114' title='bbox 1787 2266 2063 2341; x_wconf 88' lang='lat' dir='ltr'><strong>scholas</strong></span> <span class='ocrx_word' id='word_1_115' title='bbox 2123 2266 2503 2343; x_wconf 81' lang='lat' dir='ltr'><strong>nullimode</strong></span> 
     </span>
     <span class='ocr_line' id='line_1_18' title="bbox 382 2385 998 2483; baseline -0.005 -26"><span class='ocrx_word' id='word_1_116' title='bbox 382 2385 702 2483; x_wconf 88' lang='lat' dir='ltr'><strong>impediri</strong></span> <span class='ocrx_word' id='word_1_117' title='bbox 758 2396 998 2483; x_wconf 87' lang='lat' dir='ltr'><strong>queat.</strong></span> 
     </span>
    </p>

    <p class='ocr_par' dir='ltr' id='par_1_2' title="bbox 381 2500 2509 4126">
     <span class='ocr_line' id='line_1_19' title="bbox 528 2500 2498 2601; baseline 0.003 -28"><span class='ocrx_word' id='word_1_118' title='bbox 528 2501 823 2576; x_wconf 80' lang='lat' dir='ltr'><strong>Interim</strong></span> <span class='ocrx_word' id='word_1_119' title='bbox 877 2524 1040 2576; x_wconf 90' lang='lat' dir='ltr'><strong>cum</strong></span> <span class='ocrx_word' id='word_1_120' title='bbox 1083 2524 1372 2575; x_wconf 90' lang='lat' dir='ltr'><strong>necesse</strong></span> <span class='ocrx_word' id='word_1_121' title='bbox 1405 2500 1861 2596; x_wconf 82' lang='lat' dir='ltr'><strong>dignoscatur</strong></span> <span class='ocrx_word' id='word_1_122' title='bbox 1895 2526 2239 2601; x_wconf 83' lang='lat' dir='ltr'><strong>congruas</strong></span> <span class='ocrx_word' id='word_1_123' title='bbox 2277 2506 2498 2582; x_wconf 89' lang='lat' dir='ltr'><strong>dota-</strong></span> 
     </span>
     <span class='ocr_line' id='line_1_20' title="bbox 381 2618 2507 2719; baseline 0.004 -27"><span class='ocrx_word' id='word_1_124' title='bbox 381 2619 606 2695; x_wconf 65' lang='lat' dir='ltr'><strong>tiones</strong></span> <span class='ocrx_word' id='word_1_125' title='bbox 659 2645 884 2719; x_wconf 88' lang='lat' dir='ltr'><strong>usque</strong></span> <span class='ocrx_word' id='word_1_126' title='bbox 936 2623 1022 2695; x_wconf 90' lang='lat' dir='ltr'><strong>ad</strong></span> <span class='ocrx_word' id='word_1_127' title='bbox 1077 2618 1713 2718; x_wconf 87' lang='lat' dir='ltr'><strong>opportunitatem,</strong></span> <span class='ocrx_word' id='word_1_128' title='bbox 1770 2621 1977 2695; x_wconf 87' lang='lat' dir='ltr'><strong>sicuti</strong></span> <span class='ocrx_word' id='word_1_129' title='bbox 2032 2635 2145 2697; x_wconf 89' lang='lat' dir='ltr'><strong>est</strong></span> <span class='ocrx_word' id='word_1_130' title='bbox 2196 2626 2265 2697; x_wconf 90' lang='lat' dir='ltr'><strong>in</strong></span> <span class='ocrx_word' id='word_1_131' title='bbox 2306 2648 2507 2701; x_wconf 89' lang='lat' dir='ltr'><strong>more</strong></span> 
     </span>
     <span class='ocr_line' id='line_1_21' title="bbox 383 2740 2505 2837; baseline 0.003 -25"><span class='ocrx_word' id='word_1_132' title='bbox 383 2740 848 2835; x_wconf 86' lang='lat' dir='ltr'><strong>institutoque</strong></span> <span class='ocrx_word' id='word_1_133' title='bbox 876 2740 1212 2835; x_wconf 90' lang='lat' dir='ltr'><strong>positum,</strong></span> <span class='ocrx_word' id='word_1_134' title='bbox 1257 2750 1411 2813; x_wconf 92' lang='lat' dir='ltr'><strong>tum</strong></span> <span class='ocrx_word' id='word_1_135' title='bbox 1451 2763 1576 2835; x_wconf 91' lang='lat' dir='ltr'><strong>pro</strong></span> <span class='ocrx_word' id='word_1_136' title='bbox 1611 2740 1864 2811; x_wconf 88' lang='lat' dir='ltr'><strong>annuis</strong></span> <span class='ocrx_word' id='word_1_137' title='bbox 1902 2742 2333 2837; x_wconf 80' lang='lat' dir='ltr'><strong>praesignati</strong></span> <span class='ocrx_word' id='word_1_138' title='bbox 2362 2742 2505 2818; x_wconf 89' lang='lat' dir='ltr'><strong>Ca-</strong></span> 
     </span>
     <span class='ocr_line' id='line_1_22' title="bbox 381 2854 2499 2952; baseline 0.002 -25"><span class='ocrx_word' id='word_1_139' title='bbox 381 2856 590 2951; x_wconf 87' lang='lat' dir='ltr'><strong>pituli</strong></span> <span class='ocrx_word' id='word_1_140' title='bbox 635 2856 1079 2951; x_wconf 82' lang='lat' dir='ltr'><strong>praebendis,</strong></span> <span class='ocrx_word' id='word_1_141' title='bbox 1141 2870 1296 2929; x_wconf 86' lang='lat' dir='ltr'><strong>tum</strong></span> <span class='ocrx_word' id='word_1_142' title='bbox 1348 2878 1475 2951; x_wconf 91' lang='lat' dir='ltr'><strong>pro</strong></span> <span class='ocrx_word' id='word_1_143' title='bbox 1528 2854 1923 2951; x_wconf 85' lang='lat' dir='ltr'><strong>quibusque</strong></span> <span class='ocrx_word' id='word_1_144' title='bbox 1986 2858 2361 2952; x_wconf 88' lang='lat' dir='ltr'><strong>impendiis</strong></span> <span class='ocrx_word' id='word_1_145' title='bbox 2424 2860 2499 2931; x_wconf 89' lang='lat' dir='ltr'><strong>in</strong></span> 
     </span>
     <span class='ocr_line' id='line_1_23' title="bbox 383 2972 2499 3070; baseline 0 -23"><span class='ocrx_word' id='word_1_146' title='bbox 383 2975 536 3070; x_wconf 88' lang='lat' dir='ltr'><strong>ejus</strong></span> <span class='ocrx_word' id='word_1_147' title='bbox 615 2972 1048 3047; x_wconf 74' lang='lat' dir='ltr'><strong>cathedralis</strong></span> <span class='ocrx_word' id='word_1_148' title='bbox 1127 2972 1486 3046; x_wconf 89' lang='lat' dir='ltr'><strong>Ecclesiae</strong></span> <span class='ocrx_word' id='word_1_149' title='bbox 1561 2972 1899 3046; x_wconf 84' lang='lat' dir='ltr'><strong>fabricam</strong></span> <span class='ocrx_word' id='word_1_150' title='bbox 1971 2984 2044 3047; x_wconf 88' lang='lat' dir='ltr'><strong>et</strong></span> <span class='ocrx_word' id='word_1_151' title='bbox 2114 2976 2499 3048; x_wconf 87' lang='lat' dir='ltr'><strong>sacrarium</strong></span> 
     </span>
     <span class='ocr_line' id='line_1_24' title="bbox 382 3088 2507 3189; baseline -0 -25"><span class='ocrx_word' id='word_1_152' title='bbox 382 3092 842 3189; x_wconf 85' lang='lat' dir='ltr'><strong>divinumque</strong></span> <span class='ocrx_word' id='word_1_153' title='bbox 894 3090 1164 3163; x_wconf 90' lang='lat' dir='ltr'><strong>cultum</strong></span> <span class='ocrx_word' id='word_1_154' title='bbox 1223 3088 1560 3162; x_wconf 89' lang='lat' dir='ltr'><strong>continuo</strong></span> <span class='ocrx_word' id='word_1_155' title='bbox 1597 3088 2064 3177; x_wconf 83' lang='lat' dir='ltr'><strong>conferendis,</strong></span> <span class='ocrx_word' id='word_1_156' title='bbox 2105 3100 2259 3163; x_wconf 90' lang='lat' dir='ltr'><strong>tum</strong></span> <span class='ocrx_word' id='word_1_157' title='bbox 2312 3090 2507 3163; x_wconf 89' lang='lat' dir='ltr'><strong>deni-</strong></span> 
     </span>
     <span class='ocr_line' id='line_1_25' title="bbox 386 3206 2501 3305; baseline -0.001 -22"><span class='ocrx_word' id='word_1_158' title='bbox 386 3232 526 3305; x_wconf 89' lang='lat' dir='ltr'><strong>que</strong></span> <span class='ocrx_word' id='word_1_159' title='bbox 579 3232 706 3305; x_wconf 89' lang='lat' dir='ltr'><strong>pro</strong></span> <span class='ocrx_word' id='word_1_160' title='bbox 757 3207 1070 3305; x_wconf 84' lang='lat' dir='ltr'><strong>erigendi</strong></span> <span class='ocrx_word' id='word_1_161' title='bbox 1121 3206 1494 3292; x_wconf 87' lang='lat' dir='ltr'><strong>Seminarii</strong></span> <span class='ocrx_word' id='word_1_162' title='bbox 1533 3206 1929 3279; x_wconf 87' lang='lat' dir='ltr'><strong>dioecesani</strong></span> <span class='ocrx_word' id='word_1_163' title='bbox 1982 3208 2501 3282; x_wconf 88' lang='lat' dir='ltr'><strong>sustentatione</strong></span> 
     </span>
     <span class='ocr_line' id='line_1_26' title="bbox 383 3320 2503 3418; baseline 0 -20"><span class='ocrx_word' id='word_1_164' title='bbox 383 3337 458 3399; x_wconf 91' lang='lat' dir='ltr'><strong>et</strong></span> <span class='ocrx_word' id='word_1_165' title='bbox 509 3326 970 3410; x_wconf 76' lang='lat' dir='ltr'><strong>incremento,</strong></span> <span class='ocrx_word' id='word_1_166' title='bbox 1027 3323 1190 3397; x_wconf 91' lang='lat' dir='ltr'><strong>hinc</strong></span> <span class='ocrx_word' id='word_1_167' title='bbox 1227 3323 1414 3396; x_wconf 89' lang='lat' dir='ltr'><strong>dicta</strong></span> <span class='ocrx_word' id='word_1_168' title='bbox 1457 3320 1855 3418; x_wconf 82' lang='lat' dir='ltr'><strong>Apostolica</strong></span> <span class='ocrx_word' id='word_1_169' title='bbox 1891 3324 2313 3397; x_wconf 87' lang='lat' dir='ltr'><strong>auctoritate</strong></span> <span class='ocrx_word' id='word_1_170' title='bbox 2348 3334 2503 3398; x_wconf 91' lang='lat' dir='ltr'><strong>sta-</strong></span> 
     </span>
     <span class='ocr_line' id='line_1_27' title="bbox 382 3438 2509 3539; baseline 0.001 -25"><span class='ocrx_word' id='word_1_171' title='bbox 382 3444 680 3530; x_wconf 79' lang='lat' dir='ltr'><strong>tuimuS,</strong></span> <span class='ocrx_word' id='word_1_172' title='bbox 709 3455 792 3516; x_wconf 90' lang='lat' dir='ltr'><strong>ut</strong></span> <span class='ocrx_word' id='word_1_173' title='bbox 827 3442 1425 3539; x_wconf 89' lang='lat' dir='ltr'><strong>quemadmodum</strong></span> <span class='ocrx_word' id='word_1_174' title='bbox 1479 3464 1518 3513; x_wconf 90' lang='lat' dir='ltr'><strong>a</strong></span> <span class='ocrx_word' id='word_1_175' title='bbox 1571 3441 1855 3513; x_wconf 89' lang='lat' dir='ltr'><strong>laudato</strong></span> <span class='ocrx_word' id='word_1_176' title='bbox 1894 3438 2251 3516; x_wconf 89' lang='lat' dir='ltr'><strong>Gubernio</strong></span> <span class='ocrx_word' id='word_1_177' title='bbox 2285 3466 2509 3539; x_wconf 82' lang='lat' dir='ltr'><strong>spon-</strong></span> 
     </span>
     <span class='ocr_line' id='line_1_28' title="bbox 385 3558 2503 3657; baseline 0 -24"><span class='ocrx_word' id='word_1_178' title='bbox 385 3582 546 3633; x_wconf 89' lang='lat' dir='ltr'><strong>sum</strong></span> <span class='ocrx_word' id='word_1_179' title='bbox 583 3572 719 3642; x_wconf 89' lang='lat' dir='ltr'><strong>est,</strong></span> <span class='ocrx_word' id='word_1_180' title='bbox 759 3559 892 3633; x_wconf 85' lang='lat' dir='ltr'><strong>hae</strong></span> <span class='ocrx_word' id='word_1_181' title='bbox 929 3560 1242 3656; x_wconf 77' lang='lat' dir='ltr'><strong>singulae</strong></span> <span class='ocrx_word' id='word_1_182' title='bbox 1279 3560 1366 3633; x_wconf 89' lang='lat' dir='ltr'><strong>ad</strong></span> <span class='ocrx_word' id='word_1_183' title='bbox 1401 3560 1819 3633; x_wconf 80' lang='lat' dir='ltr'><strong>viciniorum</strong></span> <span class='ocrx_word' id='word_1_184' title='bbox 1876 3558 2280 3655; x_wconf 87' lang='lat' dir='ltr'><strong>hujusmodi</strong></span> <span class='ocrx_word' id='word_1_185' title='bbox 2331 3561 2503 3657; x_wconf 88' lang='lat' dir='ltr'><strong>Epi-</strong></span> 
     </span>
     <span class='ocr_line' id='line_1_29' title="bbox 382 3674 2495 3776; baseline -0.002 -22"><span class='ocrx_word' id='word_1_186' title='bbox 382 3688 802 3775; x_wconf 88' lang='lat' dir='ltr'><strong>scopatuum</strong></span> <span class='ocrx_word' id='word_1_187' title='bbox 839 3700 1162 3751; x_wconf 88' lang='lat' dir='ltr'><strong>normam</strong></span> <span class='ocrx_word' id='word_1_188' title='bbox 1200 3678 1729 3776; x_wconf 90' lang='lat' dir='ltr'><strong>quamprimum</strong></span> <span class='ocrx_word' id='word_1_189' title='bbox 1756 3677 1943 3750; x_wconf 90' lang='lat' dir='ltr'><strong>inter</strong></span> <span class='ocrx_word' id='word_1_190' title='bbox 1968 3674 2495 3774; x_wconf 84' lang='lat' dir='ltr'><strong>infrascriptum</strong></span> 
     </span>
     <span class='ocr_line' id='line_1_30' title="bbox 385 3792 2503 3892; baseline 0 -26"><span class='ocrx_word' id='word_1_191' title='bbox 385 3796 804 3892; x_wconf 85' lang='lat' dir='ltr'><strong>praesertim</strong></span> <span class='ocrx_word' id='word_1_192' title='bbox 843 3793 1374 3891; x_wconf 82' lang='lat' dir='ltr'><strong>Exequutorem</strong></span> <span class='ocrx_word' id='word_1_193' title='bbox 1417 3792 1925 3889; x_wconf 83' lang='lat' dir='ltr'><strong>Apostolicum,</strong></span> <span class='ocrx_word' id='word_1_194' title='bbox 1964 3795 2073 3866; x_wconf 87' lang='lat' dir='ltr'><strong>sin</strong></span> <span class='ocrx_word' id='word_1_195' title='bbox 2102 3806 2343 3867; x_wconf 88' lang='lat' dir='ltr'><strong>autem</strong></span> <span class='ocrx_word' id='word_1_196' title='bbox 2387 3796 2503 3867; x_wconf 88' lang='lat' dir='ltr'><strong>in-</strong></span> 
     </span>
     <span class='ocr_line' id='line_1_31' title="bbox 388 3906 2505 4007; baseline -0 -22"><span class='ocrx_word' id='word_1_197' title='bbox 388 3924 498 3985; x_wconf 90' lang='lat' dir='ltr'><strong>ter</strong></span> <span class='ocrx_word' id='word_1_198' title='bbox 548 3907 806 3984; x_wconf 88' lang='lat' dir='ltr'><strong>Portus</strong></span> <span class='ocrx_word' id='word_1_199' title='bbox 863 3910 1062 3986; x_wconf 90' lang='lat' dir='ltr'><strong>Pacis</strong></span> <span class='ocrx_word' id='word_1_200' title='bbox 1115 3910 1574 4007; x_wconf 89' lang='lat' dir='ltr'><strong>Episcopum,</strong></span> <span class='ocrx_word' id='word_1_201' title='bbox 1631 3920 1707 3981; x_wconf 91' lang='lat' dir='ltr'><strong>et</strong></span> <span class='ocrx_word' id='word_1_202' title='bbox 1769 3906 2205 3982; x_wconf 88' lang='lat' dir='ltr'><strong>Gubernium</strong></span> <span class='ocrx_word' id='word_1_203' title='bbox 2266 3910 2505 4005; x_wconf 89' lang='lat' dir='ltr'><strong>ipsum</strong></span> 
     </span>
     <span class='ocr_line' id='line_1_32' title="bbox 383 4028 2503 4126; baseline -0.001 -21"><span class='ocrx_word' id='word_1_204' title='bbox 383 4032 764 4106; x_wconf 86' lang='lat' dir='ltr'><strong>Haitanum</strong></span> <span class='ocrx_word' id='word_1_205' title='bbox 830 4032 1314 4116; x_wconf 83' lang='lat' dir='ltr'><strong>concilientur,</strong></span> <span class='ocrx_word' id='word_1_206' title='bbox 1371 4052 1452 4103; x_wconf 90' lang='lat' dir='ltr'><strong>ac</strong></span> <span class='ocrx_word' id='word_1_207' title='bbox 1503 4040 1703 4103; x_wconf 86' lang='lat' dir='ltr'><strong>certo</strong></span> <span class='ocrx_word' id='word_1_208' title='bbox 1754 4040 2239 4126; x_wconf 75' lang='lat' dir='ltr'><strong>’perpetuoque</strong></span> <span class='ocrx_word' id='word_1_209' title='bbox 2292 4028 2503 4103; x_wconf 91' lang='lat' dir='ltr'><strong>modo</strong></span> 
     </span>
    </p>
   </div>
   <div class='ocr_carea' id='block_1_2' title="bbox 383 4144 2629 4257">
    <p class='ocr_par' dir='ltr' id='par_1_3' title="bbox 383 4144 2629 4257">
     <span class='ocr_line' id='line_1_33' title="bbox 383 4144 2629 4257; baseline -0.002 -36"><span class='ocrx_word' id='word_1_210' title='bbox 383 4148 896 4244; x_wconf 83' lang='lat' dir='ltr'><strong>adjudicentur,</strong></span> <span class='ocrx_word' id='word_1_211' title='bbox 923 4160 1120 4222; x_wconf 86' lang='lat' dir='ltr'><strong>sarto</strong></span> <span class='ocrx_word' id='word_1_212' title='bbox 1157 4158 1348 4223; x_wconf 86' lang='lat' dir='ltr'><strong>tecto</strong></span> <span class='ocrx_word' id='word_1_213' title='bbox 1377 4146 1536 4242; x_wconf 85' lang='lat' dir='ltr'><strong>jure</strong></span> <span class='ocrx_word' id='word_1_214' title='bbox 1571 4168 2021 4245; x_wconf 87' lang='lat' dir='ltr'><strong>quocumque</strong></span> <span class='ocrx_word' id='word_1_215' title='bbox 2058 4144 2299 4221; x_wconf 87' lang='lat' dir='ltr'><strong>favore</strong></span> <span class='ocrx_word' id='word_1_216' title='bbox 2326 4144 2501 4244; x_wconf 81' lang='lat' dir='ltr'><strong>Epi-</strong></span> <span class='ocrx_word' id='word_1_217' title='bbox 2622 4248 2629 4257; x_wconf 21' lang='grc' dir='ltr'><strong><em>ο</em></strong></span> 
     </span>
    </p>
   </div>
  </div>
 </body>
</html>
