3317 5267
941 614 1198 711 PIVS
1265 616 1432 707 PP.
1503 618 1656 709 lx·
2265 516 2410 588 243

437 976 794 1027 umnam
830 973 1026 1031 {Eun}
1067 968 1321 1018 amomo
1361 968 1807 1053 ΑΒΕΗῙΕῌΒΟΟΡΟ
1847 968 2229 1023 nummus!

993 1286 1378 1337 munnulus
1416 1285 1632 1333 rann

281 1594 522 1760 Cum
558 1680 872 1777 primum
907 1700 1188 1755 summo
1215 1678 1432 1752 animi
1483 1676 1723 1753 Nostri
1746 1677 1985 1755 dolore
2019 1683 2417 1759 audivimus

291 1799 530 1895 gravia
566 1795 750 1871 facta
787 1820 968 1893 quae
1004 1798 1077 1869 in
1112 1797 1250 1869 ista
1287 1794 1735 1872 Varsaviensi
1758 1796 2091 1887 Civitate‚
2130 1801 2421 1900 aliisque

294 1912 626 1989 Poloniae
657 1912 886 2009 Regni
920 1909 1310 1987 Provinciis
1361 1916 1767 2009 nuperrime
1836 1929 2252 2007 evenerunt,
2325 1920 2417 1992 le-

289 2033 616 2107 vavimus
667 2031 904 2106 oculos
956 2028 1252 2105 Nostros
1279 2031 1370 2105 ad
1394 2030 1781 2107 Dominum
1832 2046 2117 2109 orantes
2152 2047 2227 2110 et
2285 2036 2417 2111 ob-

287 2160 666 2237 secrantes,
730 2160 814 2223 ut
875 2146 1218 2251 populum
1285 2170 1496 2223 suum
1547 2148 1636 2222 ab
1664 2150 2235 2247 impendentibus
2270 2176 2419 2226 ma-

283 2268 370 2340 lis
420 2266 774 2353 liberaret,
815 2288 897 2340 ae
957 2265 1378 2361 praesertim
1437 2289 1480 2339 a
1539 2266 1866 2363 perieulis
1938 2269 2268 2366 eriperet,
2341 2270 2414 2341 in

284 2406 466 2482 quae
531 2383 716 2458 illius
779 2382 954 2457 fides
989 2392 1068 2455 et
1098 2380 1338 2478 religio
1367 2382 1626 2479 iniquis
1676 2382 2077 2481 dolosisque
2110 2384 2420 2461 nonnul*

285 2503 512 2578 lorum
566 2503 998 2599 degenerum
1049 2500 1352 2575 filiorum
1425 2500 1701 2575 artibus
1790 2502 2041 2577 adduci
2104 2515 2409 2601 poterat.

288 2618 574 2695 Etenim
611 2619 798 2695 haud
841 2618 1338 2717 ignorabamus
1373 2620 1727 2717 quomodo
1779 2621 2091 2695 civilium
2134 2633 2419 2719 pertur-

289 2737 655 2812 bationum
709 2734 1018 2811 fautores
1089 2746 1166 2809 et
1197 2758 1578 2831 pravarum
1619 2736 2029 2833 opinionum
2069 2760 2421 2835 propaga-

295 2868 485 2930 tores
543 2853 634 2927 ab
683 2853 918 2950 aliquo
976 2853 1122 2925 iam
1174 2862 1496 2949 tempore
1547 2854 1922 2928 eonsilium
1960 2868 2427 2951 susceperant

293 2971 696 3071 impellendi
729 2972 946 3044 etiam
983 2968 1350 3043 Poloniam
1403 2969 1476 3043 in
1529 2970 1784 3044 erroris
1822 2971 2154 3059 viam,.ut
2188 2973 2429 3047 sanio-

291 3114 448 3167 rem
498 3086 1226 3186 praestantioremque
1259 3084 1466 3159 istius
1495 3082 1725 3181 Regni
1758 3095 2041 3181 partem
2074 3108 2117 3159 a
2144 3085 2421 3161 sincera

295 3210 418 3283 illa
465 3206 811 3283 catholiea
871 3203 1006 3279 fide
1036 3255 1058 3292 ,
1113 3212 1190 3277 et
1255 3200 1514 3275 eximia
1565 3224 1648 3275 ae
1714 3200 1923 3297 plane
1990 3201 2179 3287 filiali
2258 3228 2427 3302 erga

294 3333 482 3407 hane
505 3328 700 3405 Petri
721 3326 1140 3402 cathedram
1173 3322 1624 3399 observantia
1647 3346 1731 3398 ao
1759 3326 2235 3415 veneratione,
2264 3329 2427 3427 qui-

293 3448 432 3524 bus
483 3446 730 3523 Poloni
779 3464 1062 3539 semper
1111 3450 1480 3538 tantopere
1531 3440 2065 3536 praestiterunt,
2136 3446 2427 3524 omnino

297 3566 686 3643 avellerent
707 3574 922 3661 atque
945 3560 1462 3635 abstraherent.
1489 3558 1550 3635 N
1554 3560 1969 3635 osoebamus
1994 3584 2275 3661 quoquo
2298 3564 2425 3640 hu.

297 3684 604 3761 iusmodi
637 3682 964 3758 homines
1016 3680 1188 3754 alias
1236 3680 1424 3753 inter
1471 3678 1757 3755 insidias
1806 3678 2157 3755 calumnia
2208 3684 2425 3755 etiam

297 3804 435 3891 uti,
507 3824 652 3901 qua
699 3797 1140 3897 propositum
1186 3795 1326 3871 sibi
1357 3794 1572 3870 finem
1609 3798 1973 3901 ‘consequi
2004 3808 2323 3893 possent,
2350 3811 2427 3873 et

299 3918 636 3995 Poloniae
685 3914 928 3992 fideles
959 3914 1126 3989 lieet
1159 3914 1422 3991 invitos
1457 3936 1544 3988 ae
1565 3912 2027 4002 reluctanteS,
2052 3914 2429 4013 ingravis-

298 4038 485 4112 sima
531 4034 650 4109 illa
701 4042 1102 4129 mergerent
1167 4032 1454 4119 damna,
1525 4030 1785 4130 quibus
1828 4030 2071 4107 ‚civilis
2126 4032 2427 4127 societas

299 4152 712 4251 asperrimis
737 4152 933 4226 hisee
960 4146 1885 4245 temporibusmiserandum
1909 4148 1986 4223 in
2012 4150 2429 4227 modum-af-

295 4273 566 4373 fligitur
597 4298 682 4353 ao
731 4273 1126 4359 divexatur.
1181 4268 1504 4368 Namque
1521 4270 1811 4355 :eisdem
1863 4266 2183 4351 fidelibus
2258 4290 2431 4347 sua·
