3317 5267
861 457 958 528 20

859 572 1088 670 magis
1143 571 1438 657 eluceat,
1499 582 1573 641 et
1623 567 1867 642 fideles
1920 566 2011 640 ad
2050 586 2289 639 rerum
2339 567 2767 653 divinarum,
2808 590 2993 665 quae

857 690 931 762 in
982 698 1132 761 tam
1194 684 1584 759 admirabili
1635 708 1720 758 ac
1775 682 2175 757 venerando
2236 680 2601 755 Sacrificio
2666 687 2985 761 occultae

855 806 1312 879 continentur
1349 854 1370 887 ‚
1425 800 2107 897 contemplationem
2160 800 2581 871 excitentur·
2654 802 2751 874 Ac
2830 805 2981 899 pari

857 926 1346 1012 sollicitudine,
1399 924 1775 1021 studioque
1828 924 1981 1019 ipsa
2018 920 2463 1018 pientissima
2501 919 2725 994 Mater
2776 946 2981 998 nun-

862 1066 1079 1143 quam
1114 1014 1421 1120 cessavit
1453 1064 1620 1118 suos
1672 1042 1911 1116 fideles
1963 1040 2143 1115 filios
2178 1060 2659 1127 commonere,
2692 1042 2987 1129 hortari,

863 1176 940 1235 et
964 1160 1426 1249 inflammare,
1453 1171 1538 1234 ut
1563 1182 1675 1248 ea,
1703 1182 1841 1256 qua
1864 1169 2177 1255 oportet,
2214 1158 2505 1252 pietate,
2538 1160 2991 1235 veneratione

863 1280 1240 1353 devotione
1291 1277 1380 1351 ad
1414 1278 1552 1352 hoc
1586 1273 1911 1349 divinum
1948 1272 2383 1349 Sacrificium
2420 1270 2995 1370 frequentissime

723 1445 731 1451 -
863 1394 1349 1480 convenirent,
1387 1391 1851 1489 praecipiens,
1898 1402 1979 1463 ut
2026 1389 2257 1463 eidem
2296 1388 2627 1463 omnibus
2661 1390 2750 1464 de
2784 1411 2997 1487 prae-

859 1524 1068 1609 cepto
1118 1511 1322 1585 festis
1372 1509 1626 1583 diebus
1678 1508 1815 1603 ipsi
1871 1507 2219 1579 interesse
2274 1506 2571 1580 omnino
2620 1506 2990 1596 deberent,

862 1630 1118 1703 animis
1164 1628 1250 1701 ad
1303 1627 1472 1700 illud
1527 1625 1891 1720 oculisque
1944 1623 2473 1719 religiosissime
2524 1623 2809 1713 intenti,
2848 1650 2992 1724 quo

861 1746 1174 1819 divinam
1211 1743 1466 1817 exinde
1504 1740 2089 1824 misericordiam,
2146 1741 2611 1837 omniumque
2644 1740 2994 1818 bonerum

859 1866 1132 1962 copiam
1184 1862 1318 1938 sibi
1371 1860 1777 1935 felicissime
1830 1878 2237 1955 comparare
2274 1871 2591 1955 possent.

1013 1982 1164 2055 Iam
1220 2002 1388 2053 vero
1437 2000 1600 2053 cum
1639 1977 1875 2051 omnis
1927 1973 2257 2050 Pontifex
2288 1999 2379 2049 ex
2415 1978 2825 2055 hominibus
2875 2002 2995 2055 as-

857 2110 1188 2197 sumptus
1228 2150 1252 2185 ,
1309 2116 1440 2193 pro
1491 2092 1901 2170 hominibus
1952 2094 2431 2167 constituatur
2482 2096 2553 2168 in
2608 2097 2693 2171 iis
2734 2148 2755 2186 ‚
2810 2120 2995 2195 quae

856 2229 1024 2292 sunt
1075 2217 1161 2291 ad
1215 2214 1472 2303 Deum,
1525 2226 1608 2288 ut
1643 2210 1897 2288 offerat
1930 2212 2115 2285 dona
2150 2222 2226 2285 et
2260 2212 2595 2289 sacrificia
2646 2236 2777 2311 pro
2812 2238 2985 2312 pec-

853 2336 1062 2422 catis,
1119 2345 1273 2408 tum
1311 2357 1442 2430 pro
1476 2330 1761 2427 egregia
1804 2340 2035 2403 vestra
2090 2329 2435 2425 sapientia
2488 2330 2810 2428 apprime
2858 2356 2989 2408 co-

855 2452 1221 2549 gnoscitis,
1281 2447 1733 2524 venerabiles
1786 2446 2068 2521 Fratres
2099 2498 2120 2531 ,
2168 2460 2694 2522 sacrosanctum
2732 2448 2993 2523 Missae

851 2566 1270 2643 sacrificium
1321 2566 1412 2641 ab
1461 2566 1861 2639 animarum
1915 2562 2317 2658 pastoribus
2396 2586 2551 2639 esse
2626 2565 2993 2662 applican-

853 2688 1024 2761 dum
1077 2708 1208 2783 pro
1259 2684 1520 2782 populo
1571 2703 1820 2757 eorum
1874 2702 2081 2753 curae
2153 2680 2561 2769 commisso,
2616 2693 2691 2755 et
2742 2682 2995 2757 huius-

853 2799 1046 2879 modi
1097 2800 1598 2899 obligationem
1649 2822 1743 2872 ex
1798 2794 2057 2870 Divino
2110 2807 2491 2893 praecepto
2563 2797 2995 2874 descendere

853 2924 1052 2996 iuxta
1131 2920 1420 2997 Concilii
1509 2918 1905 2995 Tridentini
2012 2917 2407 2991 doctrinam
2448 2968 2467 3002 ‚
2548 2938 2715 2991 cum
2800 2920 2989 2993 idem

852 3040 1245 3115 Concilium
1293 3038 1787 3114 disertissimis
1826 3090 1849 3124 ,
1904 3035 2483 3132 gravissimisque
2536 3036 2771 3110 verbis
2822 3038 2997 3113 edo-

851 3171 1010 3234 ceat
1069 3184 1104 3230 α
1161 3170 1538 3257 praecepto
1591 3154 1838 3228 divino
1889 3152 2315 3227 amandatum
2386 3176 2535 3226 esse
2608 3152 2935 3229 omnibus
2966 3208 2989 3245 ‚

849 3276 1102 3377 quibus
1181 3273 1600 3347 animarum
1652 3296 1833 3345 cura
1929 3270 2311 3345 commissa
2366 3284 2469 3342 est
2500 3322 2523 3357 ‚
2590 3294 2749 3345 oves
2828 3294 2998 3345 suas

851 3414 1258 3489 cynoscere,
1303 3412 1444 3490 pro
1496 3390 1608 3463 his
1662 3388 2105 3486 sacrificium
2158 3384 2418 3483 offerre
2476 3408 2511 3457 i>
2570 3385 2707 3486 (1).
2748 3388 2993 3465 Notis—

855 3512 1078 3584 simae
1127 3532 1412 3607 quoque
1465 3508 1683 3583 Vobis
1750 3518 1921 3581 sunt
1972 3505 2195 3580 felicis
2274 3508 2779 3582 recordationis
2846 3506 3001 3585 Bo·-

849 3628 1107 3701 nedicti
1167 3625 1325 3700 XIV
1381 3625 1799 3700 Decoesoris
1856 3624 2094 3699 Nostri
2146 3622 2458 3697 Litterae
2518 3624 2633 3699 die
2700 3628 2788 3698 19
2848 3622 2996 3701 Au-

851 3746 1037 3843 gusti
1093 3746 1262 3819 anni
1320 3748 1512 3817 1744
1569 3745 1779 3817 datae
1806 3740 1877 3839 (2
1894 3738 1949 3839 ),
1986 3740 2245 3839 quibus
2279 3742 2367 3816 de
2394 3741 2529 3815 hae
2562 3742 2995 3839 obligatione

852 3864 1140 3959 copiose
1167 3914 1192 3951 ,
1271 3863 1771 3960 sapienterque
1822 3860 2119 3958 loquens
2148 3910 2173 3945 ,
2250 3882 2333 3935 ac
2413 3860 2989 3936 Tridentium-um

1008 4064 1092 4147 (1)
1137 4064 1367 4130 Concil.
1413 4062 1580 4129 Trid.
1627 4064 1787 4127 Sess.
1833 4060 1933 4124 23.
1966 4061 2117 4145 Cap.
2165 4064 2221 4126 1.
2274 4062 2359 4127 De
2401 4061 2726 4127 Reformat.

1017 4162 1096 4235 (2)
1135 4159 1358 4224 Bened.
1409 4158 1557 4227 xlv.
1587 4158 1722 4225 Litt.
1760 4156 1997 4239 Encycl.
2047 4180 2076 4217 α
2110 4158 2253 4221 Cum
2278 4174 2515 4239 semper
2543 4155 2774 4223 oblatas
2818 4178 2847 4215 ι»
2879 4154 2989 4221 Dic

855 4256 931 4319 19
977 4253 1222 4335 Augusti
1265 4254 1440 4317 17⁴4.
