3317 5267
2251 408 2391 479 185

289 525 630 623 principia
681 522 770 597 ab
821 524 904 599 iis
949 524 1446 609 restituentur,
1496 523 1623 619 qui
1675 520 1990 619 publicas
2054 523 2395 619 cuiusque

282 642 502 717 falsae
553 642 908 716 doctrinae
956 640 1262 726 scholas,
1301 650 1378 713 et
1411 642 1845 714 meretricias
1878 640 2095 714 etiam
2138 639 2389 714 domos

284 762 753 849 constituunt,
807 760 1070 857 quique
1123 758 1610 835 abominandis
1657 758 1937 855 scriptis
1989 769 2064 832 et
2096 759 2391 833 scenicis

285 878 708 978 spectaculis
757 878 1100 974 pudorem
1132 929 1151 965 ,
1189 876 1602 974 pudicitiam
1631 928 1652 963 ,
1710 878 2187 964 honestatem,
2246 878 2393 949 vir-

283 1010 516 1072 tutem
567 994 923 1071 offendere
951 1046 973 1083 ‚
1029 994 1420 1081 eliminare,
1473 1006 1550 1067 et
1601 1004 2047 1069 sacrosancta
2106 994 2387 1069 divinae

281 1124 566 1189 nostrae
617 1113 974 1210 religionis
1023 1113 1390 1210 mysteria,
1445 1123 1915 1199 sacramenta,
1980 1124 2384 1209 praecepta,

289 1244 364 1306 et
414 1233 768 1321 instituta,
823 1255 1200 1329 sacrosque
1237 1232 1624 1318 ministroS,
1666 1232 1881 1317 ritus,
1918 1230 2395 1305 caeremonias

293 1350 609 1439 irridere,
666 1362 1146 1437 contemnere,
1203 1370 1629 1446 omnemque
1682 1349 1993 1423 iustitiae
2044 1348 2391 1423 rationem

281 1470 369 1543 de
422 1468 653 1543 medio
699 1468 976 1553 tollere,
1032 1490 1112 1541 ac
1165 1480 1320 1540 tum
1375 1466 1731 1563 religionis
1784 1477 1941 1540 tum
1994 1466 2219 1541 civilis
2272 1488 2392 1540 so-

277 1586 566 1661 ·cietatis
635 1584 1096 1661 fimdamenta
1169 1582 1590 1657 labefactare
1641 1594 1719 1657 et
1768 1596 2091 1657 evertere
2144 1582 2392 1656 conni-

283 1702 587 1778 tantur!

433 1820 512 1893 ln
575 1820 711 1893 hac
761 1819 975 1916 igitur
1029 1828 1177 1891 tam
1229 1819 1522 1908 iniusta,
1581 1830 1731 1894 tam
1781 1820 2019 1896 hostili
2074 1832 2151 1894 et
2201 1821 2385 1895 hor-

279 1936 500 2011 renda
550 1936 774 2011 civilis
826 1934 1062 2010 Nostri
1116 1947 1192 2009 et
1240 1934 1450 2008 huius
1503 1934 1807 2010 Sanctae
1871 1936 2071 2011 Sedis
2124 1938 2389 2033 princi-

279 2066 494 2151 patus
544 2052 987 2151 aggressione
1039 2066 1114 2125 et
1163 2052 1622 2148 occupatione
1672 2076 1715 2125 a
1768 2052 2153 2151 Subalpino
2194 2054 2385 2152 Rege

281 2170 575 2269 eiusque
627 2169 986 2246 Gubernio
1061 2182 1308 2246 contra
1383 2194 1632 2246 omnes
1710 2172 2021 2245 iustitiae
2070 2172 2263 2271 leges
2314 2186 2390 2248 et

281 2290 676 2365 universale
729 2290 1047 2389 gentium
1101 2291 1210 2363 ius
1261 2302 1568 2385 peracta,
1625 2290 1863 2365 Nostri
1916 2291 2120 2367 officii
2172 2292 2390 2388 probe

281 2430 636 2483 memores
689 2410 762 2480 in
815 2408 950 2483 hoc
1011 2407 1448 2504 amplissimo
1530 2406 1783 2483 Vestro
1860 2434 2201 2485 consessu
2238 2462 2259 2497 ,
2316 2424 2392 2486 et

283 2548 524 2600 coram
571 2525 906 2599 universo
957 2522 1320 2600 Catholico
1355 2522 1541 2598 Orbe
1593 2525 1927 2601 Nostram
1966 2550 2209 2602 vocem
2260 2530 2389 2603 de-

282 2664 426 2717 nuo
479 2642 944 2716 vehementer
991 2642 1382 2716 attollimus
1407 2694 1434 2729 ‚
1489 2666 1572 2717 ac
1623 2666 1873 2718 omnes
1916 2642 2221 2721 nefarios
2274 2672 2393 2739 sae

271 2758 722 2857 -crilegosque
774 2759 1092 2834 eiusdem
1145 2758 1360 2857 Regis
1413 2771 1487 2833 et
1523 2758 1860 2835 Gubernii
1900 2785 2111 2837 ausus
2148 2788 2393 2862 repro·-

287 2875 572 2965 bamus,
627 2878 1051 2975 penitusque
1085 2878 1530 2966 damnamuS,
1569 2902 1959 2975 omnesque
2002 2892 2202 2955 actus
2230 2884 2391 2979 ,pla-

286 3016 379 3067 ne
431 2994 660 3069 nullos
713 3008 788 3069 et
837 2996 1074 3070 irritos
1126 2994 1590 3083 declaramus,
1645 2997 2117 3085 decernimuS,
2160 3022 2241 3072 ae
2280 3001 2395 3073 ‘ci-

287 3110 448 3185 vilis
469 3163 500 3199 ‚
580 3134 720 3209 quo
803 3110 1124 3186 Romana
1205 3112 1420 3207 pollet
1497 3112 1811 3187 Ecclesia
1848 3166 1873 3201 ,
1954 3115 2391 3213 principatus

287 3230 800 3328 integritatem,
855 3233 1144 3327 eiusque
1187 3231 1374 3315 iura,
1427 3254 1609 3328 quae
1664 3232 1749 3304 ad
1819 3256 2067 3307 omnes
2130 3236 2393 3310 natho-

281 3350 455 3425 licos
506 3351 892 3447 pertinent,
939 3351 1164 3423 etiam
1217 3361 1430 3447 atque
1483 3352 1698 3423 etiam
1769 3352 2261 3441 reclamamus,
2321 3367 2393 3427 et

287 3466 672 3541 reclamare
711 3478 1102 3565 nlmiquam·
1143 3466 1594 3541 desistemus.

442 3584 704 3660 Verum
759 3582 1198 3659 dissimulare
1251 3606 1393 3658 non
1439 3608 1827 3681 ,possumus
1866 3640 1889 3673 ,
1946 3586 2391 3663 venerabiles

291 3698 601 3791 Fratres,
643 3722 938 3777 summa
991 3700 1133 3776 Nos
1185 3701 1488 3799 opprimi
1555 3706 2047 3793 amaritudine,
2102 3730 2265 3781 cum
2320 3709 2388 3779 in

286 3831 438 3891 tam
494 3820 791 3893 scelesta
831 3830 918 3891 et
966 3842 1330 3916 nunquam
1369 3821 1556 3893 satis
1610 3826 2039 3897 exsecranda
2110 3846 2395 3921 aggres-

281 3936 484 4011 sione
535 3938 742 4011 alieni
795 3936 1034 4011 auxilii
1085 3960 1320 4034 opem,
1381 3940 1590 4013 variis
1641 3941 1909 4015 exortis
1960 3940 2395 4015 difficultati-

279 4054 446 4140 bus,
503 4056 730 4130 adhuc
767 4056 1284 4129 desideremus.
1323 4054 1677 4155 Equidem
1712 4059 2123 4133 notissimae
2172 4058 2387 4134 Vobis

283 4186 460 4249 sunt
509 4178 802 4251 iteratae
853 4174 1357 4254 declarationes
1412 4178 1626 4255 Nobis
1685 4178 1911 4255 factae
1974 4182 2063 4255 ab
2118 4205 2257 4257 uno
2305 4204 2395 4256 ex
