<?xml version="1.0" encoding="UTF-8"?>
<!DOCTYPE html PUBLIC "-//W3C//DTD XHTML 1.0 Transitional//EN"
    "http://www.w3.org/TR/xhtml1/DTD/xhtml1-transitional.dtd">
<html xmlns="http://www.w3.org/1999/xhtml" xml:lang="en" lang="en">
 <head>
  <title>
</title>
<meta http-equiv="Content-Type" content="text/html;charset=utf-8" />
  <meta name='ocr-system' content='tesseract 3.04.00' />
  <meta name='ocr-capabilities' content='ocr_page ocr_carea ocr_par ocr_line ocrx_word'/>
</head>
<body>
  <div class='ocr_page' id='page_1' title='image "./piiixpontificis00ixgoog_0413.png"; bbox 0 0 3317 5267; ppageno 0'>
   <div class='ocr_carea' id='block_1_1' title="bbox 258 418 2401 4279">
    <p class='ocr_par' dir='ltr' id='par_1_1' title="bbox 258 418 2401 4279">
     <span class='ocr_line' id='line_1_1' title="bbox 2245 418 2393 493; baseline 0.014 -2"><span class='ocrx_word' id='word_1_1' title='bbox 2245 418 2393 493; x_wconf 75' lang='lat'>403</span> 
     </span>
     <span class='ocr_line' id='line_1_2' title="bbox 268 528 2401 631; baseline -0.002 -20"><span class='ocrx_word' id='word_1_2' title='bbox 268 536 557 611; x_wconf 74' lang='lat' dir='ltr'>siastica</span> <span class='ocrx_word' id='word_1_3' title='bbox 606 528 969 631; x_wconf 82' lang='lat' dir='ltr'>disciplina</span> <span class='ocrx_word' id='word_1_4' title='bbox 1018 554 1353 630; x_wconf 77' lang='lat' dir='ltr'><strong>prospere</strong></span> <span class='ocrx_word' id='word_1_5' title='bbox 1402 532 1816 629; x_wconf 84' lang='lat' dir='ltr'>procederet</span> <span class='ocrx_word' id='word_1_6' title='bbox 1859 588 1880 621; x_wconf 95' lang='lat'>,</span> <span class='ocrx_word' id='word_1_7' title='bbox 1938 547 2014 607; x_wconf 86' lang='lat' dir='ltr'>et</span> <span class='ocrx_word' id='word_1_8' title='bbox 2063 556 2262 609; x_wconf 88' lang='lat' dir='ltr'>sacra</span> <span class='ocrx_word' id='word_1_9' title='bbox 2311 535 2401 607; x_wconf 71' lang='lat' dir='ltr'>li-l-</span> 
     </span>
     <span class='ocr_line' id='line_1_3' title="bbox 270 650 2388 751; baseline -0 -25"><span class='ocrx_word' id='word_1_10' title='bbox 270 654 506 751; x_wconf 82' lang='lat' dir='ltr'>turgia</span> <span class='ocrx_word' id='word_1_11' title='bbox 558 652 752 727; x_wconf 88' lang='lat' dir='ltr'>omni</span> <span class='ocrx_word' id='word_1_12' title='bbox 804 653 1181 725; x_wconf 79' lang='lat' dir='ltr'>sanctitate</span> <span class='ocrx_word' id='word_1_13' title='bbox 1235 674 1317 724; x_wconf 87' lang='lat' dir='ltr'>ac</span> <span class='ocrx_word' id='word_1_14' title='bbox 1377 650 1750 746; x_wconf 79' lang='lat' dir='ltr'>splendore</span> <span class='ocrx_word' id='word_1_15' title='bbox 1809 650 2110 747; x_wconf 79' lang='lat' dir='ltr'>fulgeret</span> <span class='ocrx_word' id='word_1_16' title='bbox 2169 652 2388 725; x_wconf 79' lang='lat' dir='ltr'>iidem</span> 
     </span>
     <span class='ocr_line' id='line_1_4' title="bbox 271 768 2395 865; baseline -0.001 -20"><span class='ocrx_word' id='word_1_17' title='bbox 271 770 681 857; x_wconf 77' lang='lat' dir='ltr'>PontificeS,</span> <span class='ocrx_word' id='word_1_18' title='bbox 736 768 857 844; x_wconf 88' lang='lat' dir='ltr'>ubi</span> <span class='ocrx_word' id='word_1_19' title='bbox 910 771 1241 865; x_wconf 87' lang='lat' dir='ltr'>primum·</span> <span class='ocrx_word' id='word_1_20' title='bbox 1271 768 1629 843; x_wconf 80' lang='lat' dir='ltr'>Ecclesiae</span> <span class='ocrx_word' id='word_1_21' title='bbox 1682 792 1823 865; x_wconf 83' lang='lat' dir='ltr'>pax</span> <span class='ocrx_word' id='word_1_22' title='bbox 1858 768 1993 842; x_wconf 81' lang='lat' dir='ltr'>fuit</span> <span class='ocrx_word' id='word_1_23' title='bbox 2027 770 2287 844; x_wconf 87' lang='lat' dir='ltr'>donata</span> <span class='ocrx_word' id='word_1_24' title='bbox 2316 781 2395 843; x_wconf 88' lang='lat' dir='ltr'>et</span> 
     </span>
     <span class='ocr_line' id='line_1_5' title="bbox 272 888 2392 987; baseline 0.001 -25"><span class='ocrx_word' id='word_1_25' title='bbox 272 892 480 987; x_wconf 85' lang='lat' dir='ltr'>plura</span> <span class='ocrx_word' id='word_1_26' title='bbox 531 894 1009 965; x_wconf 80' lang='lat' dir='ltr'>convocarunt</span> <span class='ocrx_word' id='word_1_27' title='bbox 1060 888 1393 978; x_wconf 63' lang='lat' dir='ltr'>Cenoma,</span> <span class='ocrx_word' id='word_1_28' title='bbox 1448 900 1525 963; x_wconf 89' lang='lat' dir='ltr'>et</span> <span class='ocrx_word' id='word_1_29' title='bbox 1577 890 1811 962; x_wconf 82' lang='lat' dir='ltr'>varias</span> <span class='ocrx_word' id='word_1_30' title='bbox 1863 890 2141 965; x_wconf 88' lang='lat' dir='ltr'>edidere</span> <span class='ocrx_word' id='word_1_31' title='bbox 2201 890 2392 967; x_wconf 83' lang='lat' dir='ltr'>Con-</span> 
     </span>
     <span class='ocr_line' id='line_1_6' title="bbox 270 1006 2389 1107; baseline -0 -24"><span class='ocrx_word' id='word_1_32' title='bbox 270 1008 711 1095; x_wconf 75' lang='lat' dir='ltr'>stitutioneS,</span> <span class='ocrx_word' id='word_1_33' title='bbox 766 1010 1073 1094; x_wconf 87' lang='lat' dir='ltr'>decreta,</span> <span class='ocrx_word' id='word_1_34' title='bbox 1128 1006 1444 1104; x_wconf 85' lang='lat' dir='ltr'>nihilque</span> <span class='ocrx_word' id='word_1_35' title='bbox 1496 1010 1930 1081; x_wconf 84' lang='lat' dir='ltr'>intentatum</span> <span class='ocrx_word' id='word_1_36' title='bbox 1999 1009 2342 1107; x_wconf 80' lang='lat' dir='ltr'>reliquere</span> <span class='ocrx_word' id='word_1_37' title='bbox 2367 1060 2389 1097; x_wconf 88' lang='lat'><strong>,</strong></span> 
     </span>
     <span class='ocr_line' id='line_1_7' title="bbox 269 1120 2397 1221; baseline 0 -24"><span class='ocrx_word' id='word_1_38' title='bbox 269 1134 357 1197; x_wconf 92' lang='lat' dir='ltr'>ut</span> <span class='ocrx_word' id='word_1_39' title='bbox 406 1122 873 1197; x_wconf 78' lang='lat' dir='ltr'>Orientalium</span> <span class='ocrx_word' id='word_1_40' title='bbox 927 1122 1309 1198; x_wconf 78' lang='lat' dir='ltr'>utilitatem</span> <span class='ocrx_word' id='word_1_41' title='bbox 1371 1133 1901 1218; x_wconf 83' lang='lat' dir='ltr'>promoverent.</span> <span class='ocrx_word' id='word_1_42' title='bbox 1967 1120 2170 1212; x_wconf 82' lang='lat' dir='ltr'>Quod</span> <span class='ocrx_word' id='word_1_43' title='bbox 2233 1127 2397 1221; x_wconf 84' lang='lat' dir='ltr'>qui-</span> 
     </span>
     <span class='ocr_line' id='line_1_8' title="bbox 270 1237 2394 1338; baseline 0 -23"><span class='ocrx_word' id='word_1_44' title='bbox 270 1241 439 1315; x_wconf 81' lang='lat' dir='ltr'>dem</span> <span class='ocrx_word' id='word_1_45' title='bbox 484 1240 867 1338; x_wconf 64' lang='lat' dir='ltr'>singulare</span> <span class='ocrx_word' id='word_1_46' title='bbox 935 1240 1423 1315; x_wconf 86' lang='lat' dir='ltr'>Romanorum</span> <span class='ocrx_word' id='word_1_47' title='bbox 1500 1237 1952 1327; x_wconf 83' lang='lat' dir='ltr'>Pontificum,</span> <span class='ocrx_word' id='word_1_48' title='bbox 2024 1252 2103 1313; x_wconf 89' lang='lat' dir='ltr'>et</span> <span class='ocrx_word' id='word_1_49' title='bbox 2185 1241 2394 1316; x_wconf 85' lang='lat' dir='ltr'>huius</span> 
     </span>
     <span class='ocr_line' id='line_1_9' title="bbox 270 1358 2394 1457; baseline 0 -23"><span class='ocrx_word' id='word_1_50' title='bbox 270 1358 577 1435; x_wconf 78' lang='lat' dir='ltr'>Sanctae</span> <span class='ocrx_word' id='word_1_51' title='bbox 638 1360 839 1435; x_wconf 87' lang='lat' dir='ltr'>Sedis</span> <span class='ocrx_word' id='word_1_52' title='bbox 880 1382 1065 1457; x_wconf 82' lang='lat' dir='ltr'>erga</span> <span class='ocrx_word' id='word_1_53' title='bbox 1130 1359 1504 1433; x_wconf 79' lang='lat' dir='ltr'>orientales</span> <span class='ocrx_word' id='word_1_54' title='bbox 1570 1358 1866 1455; x_wconf 89' lang='lat' dir='ltr'>populos</span> <span class='ocrx_word' id='word_1_55' title='bbox 1935 1360 2250 1434; x_wconf 84' lang='lat' dir='ltr'>studium</span> <span class='ocrx_word' id='word_1_56' title='bbox 2320 1374 2394 1435; x_wconf 90' lang='lat' dir='ltr'>et</span> 
     </span>
     <span class='ocr_line' id='line_1_10' title="bbox 272 1478 2390 1575; baseline 0.002 -26"><span class='ocrx_word' id='word_1_57' title='bbox 272 1500 481 1553; x_wconf 86' lang='lat' dir='ltr'>amor</span> <span class='ocrx_word' id='word_1_58' title='bbox 531 1500 815 1575; x_wconf 84' lang='lat' dir='ltr'>semper</span> <span class='ocrx_word' id='word_1_59' title='bbox 868 1478 1095 1573; x_wconf 85' lang='lat' dir='ltr'>viguit</span> <span class='ocrx_word' id='word_1_60' title='bbox 1118 1530 1139 1563; x_wconf 94' lang='lat'>,</span> <span class='ocrx_word' id='word_1_61' title='bbox 1196 1500 1278 1550; x_wconf 90' lang='lat' dir='ltr'>ac</span> <span class='ocrx_word' id='word_1_62' title='bbox 1333 1479 1443 1550; x_wconf 87' lang='lat' dir='ltr'>vel</span> <span class='ocrx_word' id='word_1_63' title='bbox 1496 1478 1812 1551; x_wconf 81' lang='lat' dir='ltr'>maxime</span> <span class='ocrx_word' id='word_1_64' title='bbox 1849 1478 2121 1552; x_wconf 85' lang='lat' dir='ltr'>-enituit</span> <span class='ocrx_word' id='word_1_65' title='bbox 2151 1532 2172 1565; x_wconf 91' lang='lat'>‚</span> <span class='ocrx_word' id='word_1_66' title='bbox 2227 1502 2390 1553; x_wconf 88' lang='lat' dir='ltr'>cum</span> 
     </span>
     <span class='ocr_line' id='line_1_11' title="bbox 276 1594 2395 1693; baseline 0 -24"><span class='ocrx_word' id='word_1_67' title='bbox 276 1595 511 1693; x_wconf 87' lang='lat' dir='ltr'>aliqua</span> <span class='ocrx_word' id='word_1_68' title='bbox 564 1596 982 1692; x_wconf 85' lang='lat' dir='ltr'>praesertim</span> <span class='ocrx_word' id='word_1_69' title='bbox 1046 1594 1295 1669; x_wconf 83' lang='lat' dir='ltr'>oborta</span> <span class='ocrx_word' id='word_1_70' title='bbox 1354 1606 1467 1668; x_wconf 86' lang='lat' dir='ltr'>est</span> <span class='ocrx_word' id='word_1_71' title='bbox 1528 1594 1840 1668; x_wconf 78' lang='lat' dir='ltr'>haeresis</span> <span class='ocrx_word' id='word_1_72' title='bbox 1899 1607 2023 1668; x_wconf 88' lang='lat' dir='ltr'>aut</span> <span class='ocrx_word' id='word_1_73' title='bbox 2083 1596 2395 1671; x_wconf 88' lang='lat' dir='ltr'>schisma</span> 
     </span>
     <span class='ocr_line' id='line_1_12' title="bbox 274 1712 2396 1811; baseline -0.001 -24"><span class='ocrx_word' id='word_1_74' title='bbox 274 1715 669 1789; x_wconf 78' lang='lat' dir='ltr'>excitatum</span> <span class='ocrx_word' id='word_1_75' title='bbox 712 1768 731 1801; x_wconf 94' lang='lat'>‚</span> <span class='ocrx_word' id='word_1_76' title='bbox 812 1714 1379 1811; x_wconf 80' lang='lat' dir='ltr'>quandoquidem</span> <span class='ocrx_word' id='word_1_77' title='bbox 1449 1714 1662 1787; x_wconf 89' lang='lat' dir='ltr'>iidem</span> <span class='ocrx_word' id='word_1_78' title='bbox 1740 1712 2116 1789; x_wconf 86' lang='lat' dir='ltr'>Pontifices</span> <span class='ocrx_word' id='word_1_79' title='bbox 2183 1712 2396 1787; x_wconf 87' lang='lat' dir='ltr'>nullis</span> 
     </span>
     <span class='ocr_line' id='line_1_13' title="bbox 270 1826 2392 1927; baseline -0 -24"><span class='ocrx_word' id='word_1_80' title='bbox 270 1832 412 1903; x_wconf 85' lang='lat' dir='ltr'>sibi</span> <span class='ocrx_word' id='word_1_81' title='bbox 462 1834 649 1906; x_wconf 83' lang='lat' dir='ltr'>curis</span> <span class='ocrx_word' id='word_1_82' title='bbox 700 1833 1131 1927; x_wconf 84' lang='lat' dir='ltr'>parcendum</span> <span class='ocrx_word' id='word_1_83' title='bbox 1184 1854 1337 1905; x_wconf 87' lang='lat' dir='ltr'>esse</span> <span class='ocrx_word' id='word_1_84' title='bbox 1389 1832 1774 1918; x_wconf 82' lang='lat' dir='ltr'>duxerunt,</span> <span class='ocrx_word' id='word_1_85' title='bbox 1827 1846 1912 1905; x_wconf 88' lang='lat' dir='ltr'>ut</span> <span class='ocrx_word' id='word_1_86' title='bbox 1961 1832 2032 1903; x_wconf 86' lang='lat' dir='ltr'>in</span> <span class='ocrx_word' id='word_1_87' title='bbox 2097 1826 2392 1905; x_wconf 76' lang='lat' dir='ltr'>Oriente</span> 
     </span>
     <span class='ocr_line' id='line_1_14' title="bbox 267 1947 2397 2045; baseline -0.001 -24"><span class='ocrx_word' id='word_1_88' title='bbox 267 1947 619 2023; x_wconf 77' lang='lat' dir='ltr'>catholica</span> <span class='ocrx_word' id='word_1_89' title='bbox 670 1958 1097 2035; x_wconf 82' lang='lat' dir='ltr'>servaretur,</span> <span class='ocrx_word' id='word_1_90' title='bbox 1152 1961 1228 2020; x_wconf 87' lang='lat' dir='ltr'>et</span> <span class='ocrx_word' id='word_1_91' title='bbox 1277 1948 1503 2045; x_wconf 85' lang='lat' dir='ltr'>magis</span> <span class='ocrx_word' id='word_1_92' title='bbox 1557 1950 1627 2020; x_wconf 90' lang='lat' dir='ltr'>in</span> <span class='ocrx_word' id='word_1_93' title='bbox 1681 1949 1830 2021; x_wconf 88' lang='lat' dir='ltr'>dies</span> <span class='ocrx_word' id='word_1_94' title='bbox 1883 1960 2397 2045; x_wconf 80' lang='lat' dir='ltr'>propagaretur</span> 
     </span>
     <span class='ocr_line' id='line_1_15' title="bbox 258 2064 2389 2165; baseline -0.001 -24"><span class='ocrx_word' id='word_1_95' title='bbox 258 2068 532 2143; x_wconf 87' lang='lat' dir='ltr'>unitas.</span> <span class='ocrx_word' id='word_1_96' title='bbox 602 2067 833 2165; x_wconf 84' lang='lat' dir='ltr'>Atque</span> <span class='ocrx_word' id='word_1_97' title='bbox 894 2064 1067 2140; x_wconf 88' lang='lat' dir='ltr'>haec</span> <span class='ocrx_word' id='word_1_98' title='bbox 1134 2067 1295 2140; x_wconf 87' lang='lat' dir='ltr'>fidei</span> <span class='ocrx_word' id='word_1_99' title='bbox 1364 2068 1603 2140; x_wconf 90' lang='lat' dir='ltr'>unitas</span> <span class='ocrx_word' id='word_1_100' title='bbox 1677 2090 1840 2140; x_wconf 86' lang='lat' dir='ltr'>cum</span> <span class='ocrx_word' id='word_1_101' title='bbox 1909 2065 2389 2163; x_wconf 82' lang='lat' dir='ltr'>legitimorum</span> 
     </span>
     <span class='ocr_line' id='line_1_16' title="bbox 261 2182 2391 2278; baseline -0.001 -21"><span class='ocrx_word' id='word_1_102' title='bbox 261 2185 538 2259; x_wconf 87' lang='lat' dir='ltr'>rituum</span> <span class='ocrx_word' id='word_1_103' title='bbox 592 2186 933 2258; x_wconf 86' lang='lat' dir='ltr'>varietate</span> <span class='ocrx_word' id='word_1_104' title='bbox 988 2184 1257 2278; x_wconf 86' lang='lat' dir='ltr'>optime</span> <span class='ocrx_word' id='word_1_105' title='bbox 1309 2184 1659 2269; x_wconf 88' lang='lat' dir='ltr'>consistit,</span> <span class='ocrx_word' id='word_1_106' title='bbox 1713 2204 1804 2255; x_wconf 79' lang='lat' dir='ltr'>ex</span> <span class='ocrx_word' id='word_1_107' title='bbox 1857 2182 2112 2278; x_wconf 87' lang='lat' dir='ltr'>quihus</span> <span class='ocrx_word' id='word_1_108' title='bbox 2165 2184 2391 2255; x_wconf 87' lang='lat' dir='ltr'>immo</span> 
     </span>
     <span class='ocr_line' id='line_1_17' title="bbox 262 2300 2394 2398; baseline -0.002 -23"><span class='ocrx_word' id='word_1_109' title='bbox 262 2304 500 2378; x_wconf 84' lang='lat' dir='ltr'>maior</span> <span class='ocrx_word' id='word_1_110' title='bbox 556 2304 629 2375; x_wconf 92' lang='lat' dir='ltr'>in</span> <span class='ocrx_word' id='word_1_111' title='bbox 683 2301 1074 2388; x_wconf 79' lang='lat' dir='ltr'>Ecclesiam</span> <span class='ocrx_word' id='word_1_112' title='bbox 1126 2303 1354 2398; x_wconf 87' lang='lat' dir='ltr'>ipsam</span> <span class='ocrx_word' id='word_1_113' title='bbox 1402 2302 1736 2397; x_wconf 84' lang='lat' dir='ltr'>splendor</span> <span class='ocrx_word' id='word_1_114' title='bbox 1770 2312 1844 2374; x_wconf 90' lang='lat' dir='ltr'>et</span> <span class='ocrx_word' id='word_1_115' title='bbox 1880 2300 2212 2373; x_wconf 86' lang='lat' dir='ltr'>maiestas</span> <span class='ocrx_word' id='word_1_116' title='bbox 2250 2300 2394 2371; x_wconf 77' lang='lat' dir='ltr'>mi·-</span> 
     </span>
     <span class='ocr_line' id='line_1_18' title="bbox 276 2417 2392 2515; baseline -0.002 -22"><span class='ocrx_word' id='word_1_117' title='bbox 276 2420 473 2495; x_wconf 80' lang='lat' dir='ltr'>rifice</span> <span class='ocrx_word' id='word_1_118' title='bbox 500 2420 869 2493; x_wconf 86' lang='lat' dir='ltr'>redundat.</span> <span class='ocrx_word' id='word_1_119' title='bbox 911 2417 1089 2492; x_wconf 89' lang='lat' dir='ltr'>Hinc</span> <span class='ocrx_word' id='word_1_120' title='bbox 1126 2420 1259 2515; x_wconf 85' lang='lat' dir='ltr'>ipsi</span> <span class='ocrx_word' id='word_1_121' title='bbox 1286 2417 1704 2492; x_wconf 88' lang='lat' dir='ltr'>Decessores</span> <span class='ocrx_word' id='word_1_122' title='bbox 1731 2418 1965 2491; x_wconf 83' lang='lat' dir='ltr'>Nostri</span> <span class='ocrx_word' id='word_1_123' title='bbox 1993 2440 2134 2492; x_wconf 88' lang='lat' dir='ltr'>non</span> <span class='ocrx_word' id='word_1_124' title='bbox 2163 2417 2392 2491; x_wconf 86' lang='lat' dir='ltr'>solum</span> 
     </span>
     <span class='ocr_line' id='line_1_19' title="bbox 268 2535 2391 2634; baseline -0.003 -23"><span class='ocrx_word' id='word_1_125' title='bbox 268 2540 347 2611; x_wconf 83' lang='lat' dir='ltr'>in</span> <span class='ocrx_word' id='word_1_126' title='bbox 362 2540 599 2612; x_wconf 89' lang='lat' dir='ltr'>animo</span> <span class='ocrx_word' id='word_1_127' title='bbox 628 2560 1017 2634; x_wconf 87' lang='lat' dir='ltr'>numquam</span> <span class='ocrx_word' id='word_1_128' title='bbox 1036 2536 1343 2611; x_wconf 84' lang='lat' dir='ltr'>habuere</span> <span class='ocrx_word' id='word_1_129' title='bbox 1369 2535 1746 2610; x_wconf 87' lang='lat' dir='ltr'>orientales</span> <span class='ocrx_word' id='word_1_130' title='bbox 1771 2546 2019 2632; x_wconf 82' lang='lat' dir='ltr'>gentes</span> <span class='ocrx_word' id='word_1_131' title='bbox 2047 2536 2134 2608; x_wconf 85' lang='lat' dir='ltr'>ad</span> <span class='ocrx_word' id='word_1_132' title='bbox 2171 2536 2391 2609; x_wconf 88' lang='lat' dir='ltr'>ritum</span> 
     </span>
     <span class='ocr_line' id='line_1_20' title="bbox 268 2653 2390 2750; baseline -0.003 -23"><span class='ocrx_word' id='word_1_133' title='bbox 268 2655 573 2729; x_wconf 86' lang='lat' dir='ltr'>latinum</span> <span class='ocrx_word' id='word_1_134' title='bbox 624 2656 909 2740; x_wconf 88' lang='lat' dir='ltr'>ducere,</span> <span class='ocrx_word' id='word_1_135' title='bbox 980 2678 1223 2728; x_wconf 83' lang='lat' dir='ltr'>verum</span> <span class='ocrx_word' id='word_1_136' title='bbox 1260 2655 1504 2741; x_wconf 89' lang='lat' dir='ltr'>etiam,</span> <span class='ocrx_word' id='word_1_137' title='bbox 1572 2653 1873 2750; x_wconf 88' lang='lat' dir='ltr'>quoties.</span> <span class='ocrx_word' id='word_1_138' title='bbox 1911 2662 2390 2748; x_wconf 87' lang='lat' dir='ltr'>opportunum</span> 
     </span>
     <span class='ocr_line' id='line_1_21' title="bbox 272 2770 2395 2862; baseline -0.005 -16"><span class='ocrx_word' id='word_1_139' title='bbox 272 2794 433 2847; x_wconf 87' lang='lat' dir='ltr'>esse</span> <span class='ocrx_word' id='word_1_140' title='bbox 486 2774 1007 2856; x_wconf 82' lang='lat' dir='ltr'>existimarunt,</span> <span class='ocrx_word' id='word_1_141' title='bbox 1060 2771 1633 2845; x_wconf 85' lang='lat' dir='ltr'>luculentissimis</span> <span class='ocrx_word' id='word_1_142' title='bbox 1686 2770 1918 2843; x_wconf 85' lang='lat' dir='ltr'>verbis</span> <span class='ocrx_word' id='word_1_143' title='bbox 1971 2770 2154 2840; x_wconf 90' lang='lat' dir='ltr'>clare</span> <span class='ocrx_word' id='word_1_144' title='bbox 2184 2788 2395 2862; x_wconf 77' lang='lat' dir='ltr'>aper-</span> 
     </span>
     <span class='ocr_line' id='line_1_22' title="bbox 266 2885 2392 2988; baseline -0.004 -24"><span class='ocrx_word' id='word_1_145' title='bbox 266 2902 485 2988; x_wconf 89' lang='lat' dir='ltr'>teque</span> <span class='ocrx_word' id='word_1_146' title='bbox 536 2890 1035 2975; x_wconf 83' lang='lat' dir='ltr'>declararunt,</span> <span class='ocrx_word' id='word_1_147' title='bbox 1119 2912 1195 2963; x_wconf 89' lang='lat' dir='ltr'>se</span> <span class='ocrx_word' id='word_1_148' title='bbox 1268 2889 1451 2963; x_wconf 90' lang='lat' dir='ltr'>nolle</span> <span class='ocrx_word' id='word_1_149' title='bbox 1522 2889 1846 2983; x_wconf 87' lang='lat' dir='ltr'>proprios</span> <span class='ocrx_word' id='word_1_150' title='bbox 1920 2885 2392 2960; x_wconf 87' lang='lat' dir='ltr'>Orientalium</span> 
     </span>
     <span class='ocr_line' id='line_1_23' title="bbox 268 3002 2395 3103; baseline -0.006 -19"><span class='ocrx_word' id='word_1_151' title='bbox 268 3008 749 3084; x_wconf 85' lang='lat' dir='ltr'>Ecclesiarum</span> <span class='ocrx_word' id='word_1_152' title='bbox 808 3008 1013 3094; x_wconf 82' lang='lat' dir='ltr'>ritus,</span> <span class='ocrx_word' id='word_1_153' title='bbox 1082 3018 1327 3103; x_wconf 87' lang='lat' dir='ltr'>utpote</span> <span class='ocrx_word' id='word_1_154' title='bbox 1400 3005 1782 3078; x_wconf 80' lang='lat' dir='ltr'>venerabili</span> <span class='ocrx_word' id='word_1_155' title='bbox 1855 3027 2024 3077; x_wconf 89' lang='lat' dir='ltr'>suae</span> <span class='ocrx_word' id='word_1_156' title='bbox 2105 3002 2395 3098; x_wconf 84' lang='lat' dir='ltr'>originis</span> 
     </span>
     <span class='ocr_line' id='line_1_24' title="bbox 270 3123 2396 3226; baseline -0.006 -24"><span class='ocrx_word' id='word_1_157' title='bbox 270 3130 727 3226; x_wconf 85' lang='lat' dir='ltr'>antiquitate,</span> <span class='ocrx_word' id='word_1_158' title='bbox 768 3138 845 3201; x_wconf 85' lang='lat' dir='ltr'>et</span> <span class='ocrx_word' id='word_1_159' title='bbox 880 3123 1302 3200; x_wconf 89' lang='lat' dir='ltr'>Sanctorum</span> <span class='ocrx_word' id='word_1_160' title='bbox 1358 3124 1652 3197; x_wconf 90' lang='lat' dir='ltr'>Patrum</span> <span class='ocrx_word' id='word_1_161' title='bbox 1707 3123 2128 3195; x_wconf 86' lang='lat' dir='ltr'>auctoritate</span> <span class='ocrx_word' id='word_1_162' title='bbox 2191 3140 2396 3194; x_wconf 72' lang='lat' dir='ltr'>eom-⁴</span> 
     </span>
     <span class='ocr_line' id='line_1_25' title="bbox 272 3235 2394 3327; baseline -0.005 -8"><span class='ocrx_word' id='word_1_163' title='bbox 272 3248 645 3321; x_wconf 89' lang='lat' dir='ltr'>mendatos</span> <span class='ocrx_word' id='word_1_164' title='bbox 692 3248 1057 3321; x_wconf 84' lang='lat' dir='ltr'>destruere</span> <span class='ocrx_word' id='word_1_165' title='bbox 1112 3245 1225 3317; x_wconf 88' lang='lat' dir='ltr'>vel</span> <span class='ocrx_word' id='word_1_166' title='bbox 1288 3237 1696 3327; x_wconf 81' lang='lat' dir='ltr'>immutare,</span> <span class='ocrx_word' id='word_1_167' title='bbox 1763 3242 1884 3315; x_wconf 88' lang='lat' dir='ltr'>sed</span> <span class='ocrx_word' id='word_1_168' title='bbox 1947 3240 2154 3313; x_wconf 87' lang='lat' dir='ltr'>unice</span> <span class='ocrx_word' id='word_1_169' title='bbox 2212 3235 2394 3311; x_wconf 84' lang='lat' dir='ltr'>velle</span> 
     </span>
     <span class='ocr_line' id='line_1_26' title="bbox 270 3350 2398 3462; baseline -0.005 -25"><span class='ocrx_word' id='word_1_170' title='bbox 270 3388 366 3438; x_wconf 86' lang='lat' dir='ltr'>ne</span> <span class='ocrx_word' id='word_1_171' title='bbox 432 3365 600 3462; x_wconf 88' lang='lat' dir='ltr'>quid</span> <span class='ocrx_word' id='word_1_172' title='bbox 660 3365 729 3436; x_wconf 87' lang='lat' dir='ltr'>in</span> <span class='ocrx_word' id='word_1_173' title='bbox 798 3364 975 3437; x_wconf 89' lang='lat' dir='ltr'>ritus</span> <span class='ocrx_word' id='word_1_174' title='bbox 1038 3363 1225 3458; x_wconf 84' lang='lat' dir='ltr'>ipsos</span> <span class='ocrx_word' id='word_1_175' title='bbox 1286 3360 1577 3435; x_wconf 79' lang='lat' dir='ltr'>forsitan</span> <span class='ocrx_word' id='word_1_176' title='bbox 1651 3358 2128 3443; x_wconf 86' lang='lat' dir='ltr'>induceretur,</span> <span class='ocrx_word' id='word_1_177' title='bbox 2200 3350 2398 3451; x_wconf 85' lang='lat' dir='ltr'>quod</span> 
     </span>
     <span class='ocr_line' id='line_1_27' title="bbox 272 3472 2398 3571; baseline -0.004 -18"><span class='ocrx_word' id='word_1_178' title='bbox 272 3480 437 3555; x_wconf 83' lang='lat' dir='ltr'>fidei</span> <span class='ocrx_word' id='word_1_179' title='bbox 498 3481 888 3556; x_wconf 83' lang='lat' dir='ltr'>catholicae</span> <span class='ocrx_word' id='word_1_180' title='bbox 928 3480 1394 3565; x_wconf 87' lang='lat' dir='ltr'>·adversetur‚</span> <span class='ocrx_word' id='word_1_181' title='bbox 1462 3478 1571 3551; x_wconf 85' lang='lat' dir='ltr'>vel</span> <span class='ocrx_word' id='word_1_182' title='bbox 1644 3472 2031 3571; x_wconf 87' lang='lat' dir='ltr'>periculum</span> <span class='ocrx_word' id='word_1_183' title='bbox 2105 3482 2398 3570; x_wconf 77' lang='lat' dir='ltr'>generet</span> 
     </span>
     <span class='ocr_line' id='line_1_28' title="bbox 266 3593 2400 3692; baseline -0.006 -19"><span class='ocrx_word' id='word_1_184' title='bbox 266 3602 689 3688; x_wconf 87' lang='lat' dir='ltr'>animarum,</span> <span class='ocrx_word' id='word_1_185' title='bbox 724 3600 837 3673; x_wconf 83' lang='lat' dir='ltr'>vel</span> <span class='ocrx_word' id='word_1_186' title='bbox 870 3600 1377 3674; x_wconf 81' lang='lat' dir='ltr'>ecclesiasticae</span> <span class='ocrx_word' id='word_1_187' title='bbox 1412 3599 1700 3692; x_wconf 77' lang='lat' dir='ltr'>deroget</span> <span class='ocrx_word' id='word_1_188' title='bbox 1728 3593 2114 3678; x_wconf 80' lang='lat' dir='ltr'>honestati,</span> <span class='ocrx_word' id='word_1_189' title='bbox 2143 3613 2400 3688; x_wconf 83' lang='lat' dir='ltr'>quem-</span> 
     </span>
     <span class='ocr_line' id='line_1_29' title="bbox 268 3706 2390 3793; baseline -0.006 -3"><span class='ocrx_word' id='word_1_190' title='bbox 268 3717 651 3793; x_wconf 85' lang='lat' dir='ltr'>admodum</span> <span class='ocrx_word' id='word_1_191' title='bbox 747 3713 1165 3791; x_wconf 85' lang='lat' dir='ltr'>immortalis</span> <span class='ocrx_word' id='word_1_192' title='bbox 1262 3715 1643 3788; x_wconf 89' lang='lat' dir='ltr'>memoriae</span> <span class='ocrx_word' id='word_1_193' title='bbox 1725 3710 2158 3785; x_wconf 82' lang='lat' dir='ltr'>Benedictus</span> <span class='ocrx_word' id='word_1_194' title='bbox 2229 3706 2390 3779; x_wconf 84' lang='lat' dir='ltr'>XIV</span> 
     </span>
     <span class='ocr_line' id='line_1_30' title="bbox 270 3825 2400 3930; baseline -0.005 -23"><span class='ocrx_word' id='word_1_195' title='bbox 270 3830 621 3909; x_wconf 86' lang='lat' dir='ltr'>Decessor</span> <span class='ocrx_word' id='word_1_196' title='bbox 673 3832 927 3909; x_wconf 87' lang='lat' dir='ltr'>Noster</span> <span class='ocrx_word' id='word_1_197' title='bbox 982 3835 1261 3930; x_wconf 87' lang='lat' dir='ltr'>copiose</span> <span class='ocrx_word' id='word_1_198' title='bbox 1312 3832 1830 3906; x_wconf 81' lang='lat' dir='ltr'>demonstravit</span> <span class='ocrx_word' id='word_1_199' title='bbox 1883 3831 2029 3903; x_wconf 83' lang='lat' dir='ltr'>suis</span> <span class='ocrx_word' id='word_1_200' title='bbox 2063 3825 2400 3923; x_wconf 78' lang='lat' dir='ltr'>Encycli-</span> 
     </span>
     <span class='ocr_line' id='line_1_31' title="bbox 270 3942 2400 4026; baseline -0.005 0"><span class='ocrx_word' id='word_1_201' title='bbox 270 3953 371 4026; x_wconf 87' lang='lat' dir='ltr'>cis</span> <span class='ocrx_word' id='word_1_202' title='bbox 422 3950 711 4026; x_wconf 85' lang='lat' dir='ltr'>Litteris</span> <span class='ocrx_word' id='word_1_203' title='bbox 798 3954 885 4026; x_wconf 88' lang='lat' dir='ltr'>ad</span> <span class='ocrx_word' id='word_1_204' title='bbox 936 3950 1313 4026; x_wconf 82' lang='lat' dir='ltr'>orientales</span> <span class='ocrx_word' id='word_1_205' title='bbox 1362 3950 1836 4023; x_wconf 85' lang='lat' dir='ltr'>Missionarios</span> <span class='ocrx_word' id='word_1_206' title='bbox 1895 3948 2008 4020; x_wconf 91' lang='lat' dir='ltr'>die</span> <span class='ocrx_word' id='word_1_207' title='bbox 2075 3950 2166 4017; x_wconf 81' lang='lat'>16</span> <span class='ocrx_word' id='word_1_208' title='bbox 2232 3942 2272 4015; x_wconf 85' lang='lat' dir='ltr'>J</span> <span class='ocrx_word' id='word_1_209' title='bbox 2279 3942 2400 4015; x_wconf 86' lang='lat' dir='ltr'>ulii</span> 
     </span>
     <span class='ocr_line' id='line_1_32' title="bbox 264 4062 2394 4166; baseline -0.007 -25"><span class='ocrx_word' id='word_1_210' title='bbox 264 4092 451 4145; x_wconf 90' lang='lat' dir='ltr'>anno</span> <span class='ocrx_word' id='word_1_211' title='bbox 512 4074 707 4145; x_wconf 68' lang='lat'>1755</span> <span class='ocrx_word' id='word_1_212' title='bbox 765 4070 977 4156; x_wconf 86' lang='lat' dir='ltr'>datis,</span> <span class='ocrx_word' id='word_1_213' title='bbox 1038 4090 1337 4166; x_wconf 90' lang='lat' dir='ltr'>quarum</span> <span class='ocrx_word' id='word_1_214' title='bbox 1396 4068 1681 4140; x_wconf 87' lang='lat' dir='ltr'>initium</span> <span class='ocrx_word' id='word_1_215' title='bbox 1738 4092 1770 4135; x_wconf 86' lang='lat'>«</span> <span class='ocrx_word' id='word_1_216' title='bbox 1806 4062 2088 4160; x_wconf 72' lang='lat' dir='ltr'>Allatae</span> <span class='ocrx_word' id='word_1_217' title='bbox 2121 4072 2314 4132; x_wconf 77' lang='lat' dir='ltr'>sant.</span> <span class='ocrx_word' id='word_1_218' title='bbox 2353 4084 2394 4127; x_wconf 71' lang='lat' dir='ltr'>n</span> 
     </span>
     <span class='ocr_line' id='line_1_33' title="bbox 270 4178 2400 4279; baseline -0.007 -13"><span class='ocrx_word' id='word_1_219' title='bbox 270 4188 473 4279; x_wconf 82' lang='lat' dir='ltr'>Quod</span> <span class='ocrx_word' id='word_1_220' title='bbox 526 4190 583 4263; x_wconf 86' lang='lat' dir='ltr'>si</span> <span class='ocrx_word' id='word_1_221' title='bbox 638 4190 1023 4265; x_wconf 84' lang='lat' dir='ltr'>orientales·</span> <span class='ocrx_word' id='word_1_222' title='bbox 1070 4190 1249 4263; x_wconf 88' lang='lat' dir='ltr'>ritus</span> <span class='ocrx_word' id='word_1_223' title='bbox 1302 4184 1591 4261; x_wconf 85' lang='lat' dir='ltr'>alieuius</span> <span class='ocrx_word' id='word_1_224' title='bbox 1652 4186 1947 4261; x_wconf 85' lang='lat' dir='ltr'>arbitrio</span> <span class='ocrx_word' id='word_1_225' title='bbox 2015 4178 2400 4279; x_wconf 81' lang='lat' dir='ltr'>aliquando</span> 
     </span>
    </p>
   </div>
  </div>
 </body>
</html>
