3317 5267
2352 471 2496 544 713

379 592 506 676 tia,
546 589 858 684 itemque
893 587 1133 661 civiles
1177 586 1366 680 leges
1399 595 1701 681 possunt
1736 596 1811 658 et
1844 585 2105 660 debent
2154 608 2198 658 a
2246 585 2487 660 divina

379 719 456 781 et
489 707 954 782 ecclesiastiea
991 705 1256 782 auctori
1265 716 1408 778 tate
1450 704 1823 780 declinare.

579 838 792 908 Ailoc.
823 841 1120 910 Maxima
1167 839 1420 926 quidem
1466 839 1510 906 9
1557 840 1727 906 iunii
1760 835 1954 904 1862.

526 945 770 1019 Lv111.
815 945 1008 1019 Aliae
1045 947 1230 1018 vires
1257 967 1401 1019 non
1439 957 1610 1018 sunt
1641 944 2127 1040 agnoscendae
2156 942 2291 1016 nisi
2328 943 2486 1016 illae

373 1087 554 1160 quae
605 1066 677 1137 in
734 1064 1044 1146 materia
1081 1063 1354 1158 positae
1407 1073 1599 1147 sunt,
1639 1072 1715 1135 et
1764 1063 2005 1136 omnis.
2050 1082 2327 1135 morum
2377 1060 2491 1134 di-

375 1181 666 1276 sciplina
741 1181 1216 1275 honestasque
1277 1177 1600 1255 collocari
1662 1177 1875 1252 debet
1927 1179 1995 1251 in
2044 1176 2487 1251 cumulandis

373 1309 447 1372 et
507 1298 842 1395 augendis
877 1297 1128 1394 quovis
1190 1297 1401 1370 modo
1435 1295 1703 1369 divitiis
1730 1318 1810 1368 ac
1862 1296 1935 1368 in
2003 1292 2487 1390 voluptatibus

371 1416 762 1512 explendis.

573 1540 786 1609 Alioc.
839 1545 1136 1615 Maxima
1179 1541 1432 1628 quidem
1477 1540 1521 1607 9
1569 1542 1737 1607 iunii
1788 1539 1993 1608 1862.

578 1647 788 1734 Epist.
821 1647 1074 1734 encycl.
1109 1646 1372 1736 Quqnto
1401 1645 1821 1732 conficiantur
1852 1641 1943 1742 10δ
1962 1645 2225 1733 angusti
2250 1643 2451 1714 1863.

516 1763 698 1836 le.
756 1765 874 1839 lus
930 1767 1003 1838 in
1057 1765 1406 1838 materiali
1457 1763 1648 1838 facto
1710 1767 2065 1852 consistit,
2120 1778 2199 1838 et
2246 1767 2483 1840 omnia

367 1879 736 1955 hominum
789 1882 1014 1956 officia
1065 1892 1240 1956 sunt
1289 1899 1550 1956 nomen
1602 1881 1809 1956 inane
1850 1933 1873 1968 ,
1928 1895 2003 1956 et
2057 1883 2292 1957 omnia
2346 1883 2483 1958 hu-

365 2019 574 2071 mana
627 1997 812 2072 faeta
868 1999 1038 2073 iuris
1091 2000 1236 2072 vim
1290 1998 1582 2072 habent.

573 2129 784 2198 Alloc.
835 2131 1129 2199 Maxima
1177 2130 1428 2215 quidem
1471 2127 1516 2196 9
1565 2130 1731 2196 iunii
1780 2129 1983 2198 1862.

519 2231 666 2306 LX.
729 2233 1126 2310 Auctoritas
1162 2234 1338 2306 nihil
1363 2235 1550 2310 aliud
1585 2245 1697 2309 est
1732 2235 1867 2309 nisi
1904 2237 2180 2312 numeri
2214 2247 2289 2312 et
2326 2261 2480 2312 ma·-

363 2349 712 2423 terialium
753 2350 1012 2424 virium
1057 2371 1362 2424 summa.

572 2481 782 2549 Aiioc.
839 2483 1136 2552 Maxima
1181 2484 1434 2570 quidem
1481 2482 1525 2549 9
1569 2483 1739 2549 iunii
1788 2481 1985 2552 1862.

523 2583 705 2658 Lxl.
769 2585 1152 2662 Fortunata
1185 2587 1350 2662 facti
1385 2587 1729 2662 iniustitia
1778 2589 2049 2664 nullum
2098 2591 2269 2668 iuris
2309 2615 2475 2666 san-

365 2701 598 2778 ctitati
631 2707 1138 2781 detrimentum
1176 2705 1403 2780 affert.

563 2826 774 2896 Alioc.
825 2833 1219 2898 Iamdudum
1269 2838 1592 2900 cernimus
1640 2833 1729 2900 18
1778 2836 1999 2902 martii
2048 2834 2259 2904 1861..

514 2931 726 3006 an.
785 2934 1368 3009 proclamandum
1417 2951 1528 3010 est
1579 2950 1654 3011 et
1704 2939 2221 3016 observandum
2256 2944 2469 3040 prin-—

353 3052 616 3147 cipium
667 3054 854 3149 quod
909 3065 1166 3129 vocant
1216 3056 1306 3130 de
1360 3057 1977 3131 non-interventu.

559 3181 775 3250 Aiioc.
829 3185 1038 3251 Novos
1083 3197 1142 3252 et
1186 3199 1333 3254 ante
1381 3188 1468 3256 28
1513 3189 1899 3278 septembris
1947 3187 2142 3259 1860.

507 3273 754 3348 LXIII.
811 3274 1178 3375 Legitimis
1219 3283 1652 3379 principibus
1704 3284 2177 3359 obedientiam
2226 3286 2465 3362 detre-

355 3395 574 3478 ctare,
627 3391 852 3468 immo
907 3404 982 3466 et
1031 3394 1366 3470 rebellare
1415 3398 1606 3472 lieet.

560 3521 768 3610 Epist.
819 3523 1076 3612 encyci.
1135 3525 1269 3604 Qui
1303 3527 1608 3612 pluribus
1651 3527 1699 3594 9
1728 3528 2099 3597 novembris
2147 3526 2345 3600 1846.

559 3623 774 3693 Aiioc.
837 3627 1124 3714 Quisque
1168 3641 1450 3697 vestrum
1497 3627 1540 3698 4
1583 3631 1873 3702 octobris
1922 3629 2118 3701 1847.

555 3729 767 3816 Epist.
792 3733 1037 3820 encycl.
1069 3733 1343 3800 Nost-itis
1371 3745 1430 3800 ct
1453 3733 1789 3804 Nobiscum
1822 3735 1865 3802 8
1895 3737 2256 3806 decembris
2276 3735 2475 3808 1847.

555 3831 714 3898 Litt.
767 3833 992 3922 Apost.
1048 3837 1206 3902 Cum
1254 3838 1564 3904 catholica
1611 3839 1699 3906 26
1748 3843 1967 3908 martii
2004 3837 2199 3908 1860.

501 3965 747 4042 LXIV.
807 3971 992 4046 Tum
1027 3973 1362 4070 cuiusque
1415 3977 1839 4050 sanctissimi
1878 3978 2251 4052 iuramenti
2306 3980 2459 4052 vio-

343 4085 540 4174 latio,
597 4096 754 4160 tum
805 4089 1159 4184 quaelibet
1194 4091 1490 4166 scelesta
1524 4092 2005 4192 flagitiosaque
2042 4099 2225 4170 actio
2262 4119 2455 4170 sem·-

345 4208 662 4302 piternae
713 4205 850 4304 legi
903 4232 1300 4306 repugnans
1337 4263 1360 4302 ,
1427 4237 1568 4288 non
1629 4213 1859 4288 solum
1919 4215 2107 4290 haud
2158 4228 2269 4292 est
2321 4217 2459 4288 im-
