3317 5267
2307 420 2446 490 169

330 532 687 609 bonorum
712 528 1031 605 omnium
1064 529 1543 625 indignatione
1570 552 1651 602 ac
1677 527 1873 603 luctu
1903 542 2188 624 peracta
2213 554 2446 628 quan-

332 666 488 725 tam
538 647 925 735 Ecclesiae,
980 658 1319 745 quantam
1372 646 1615 735 Nobis,
1672 658 1746 723 et
1801 644 2244 743 Apostolicae
2297 648 2446 725 No-

327 779 523 843 strae
560 764 961 840 auctoritati
993 818 1015 852 ,
1070 776 1145 839 et
1194 764 1361 839 huic
1415 764 1718 839 Sanctae
1769 764 1934 839 Sedi
1965 816 1987 851 ‚
2048 764 2442 864 Vestroque

328 882 581 960 Ordini
621 936 643 971 ,
696 892 773 957 et
824 880 1225 979 Episcopali
1274 882 1651 977 dignitati,
1710 882 2182 978 universoque
2245 880 2450 959 Clero

328 1002 689 1087 iniuriam,
722 998 1153 1086 violentiam,
1192 1010 1267 1075 et
1292 998 1796 1075 contumeliam
1823 997 2146 1087 afferant,
2177 1002 2446 1097 optime

334 1118 753 1215 intelligitis,
818 1115 1265 1193 venerabiles
1329 1117 1639 1191 Fratres.

488 1235 573 1308 ln
626 1245 829 1309 tanta
882 1258 1049 1313 vero
1100 1236 1489 1311 acerbitate
1526 1259 1669 1311 non
1707 1235 1847 1309 levi
1897 1232 2240 1309 afficimur
2273 1256 2449 1329 gau-

338 1354 482 1443 dio,
538 1376 703 1429 cum
756 1354 1122 1431 videamus
1178 1376 1317 1452 qua
1376 1354 1633 1450 insigni
1683 1376 1854 1429 sane
1905 1352 2068 1439 fide,
2105 1352 2448 1448 patientia

337 1481 413 1547 et
464 1472 865 1547 constantia
924 1471 1468 1547 commemorati
1506 1481 1664 1545 tum
1701 1468 1952 1545 Dilecti
2004 1470 2160 1545 Filii
2210 1469 2448 1547 Nostri

336 1590 413 1665 S.
472 1590 563 1665 R.
619 1588 709 1665 E.
769 1588 1199 1677 Cardinales‚
1262 1602 1419 1665 tum
1476 1588 1930 1665 venerabiles
1981 1589 2264 1665 Fratres
2315 1590 2449 1666 Sa·-

336 1730 619 1785 crorum
658 1700 1035 1785 Antistites
1072 1730 1357 1783 summa
1403 1730 1567 1783 cum
1620 1730 1868 1783 eorum
1903 1708 2212 1783 nominis
2241 1708 2446 1783 laude

335 1850 585 1905 omnes
621 1850 1023 1917 aerumnas,
1050 1829 1637 1926 calamitatesque
1673 1828 1824 1901 sine
1849 1826 1988 1903 ulla
2021 1828 2210 1903 iusta
2241 1851 2450 1903 causa

339 1945 473 2021 sibi
524 1946 752 2023 illatas
786 1949 1115 2037 tolerare,
1153 1960 1229 2022 et
1262 1947 1621 2023 Ecclesiae
1677 1948 2128 2043 iustitiaeque
2161 1970 2446 2021 causam

338 2074 623 2140 strenue
656 2064 1031 2142 defendere
1066 2065 1477 2161 glorientur,
1516 2076 1591 2141 et
1624 2088 1789 2142 cum
1824 2065 2036 2139 simul
2071 2088 2450 2141 noscamus

342 2203 483 2279 qua
530 2182 896 2273 firmitate,
948 2184 1194 2281 paucis
1262 2186 1611 2280 exceptis,
1667 2184 1909 2258 ltaliae
1963 2181 2206 2259 Clerus
2257 2183 2452 2258 omni

336 2301 951 2377 commendatione
984 2303 1266 2399 dignus,
1304 2325 1475 2377 suae
1511 2303 1902 2378 vocationis
1939 2312 2014 2377 et
2063 2300 2268 2377 officii
2303 2320 2455 2375 me·

335 2438 495 2492 mor
546 2416 935 2491 illustribus
970 2442 1261 2494 suorum
1302 2416 1722 2495 Antistitum
1777 2419 2094 2516 vestigiis
2140 2419 2450 2505 insistat,
2497 2482 2510 2495 .

340 2556 729 2632 omnesque
789 2534 1099 2632 perferat
1158 2537 1523 2612 molestias
1564 2588 1585 2625 ,
1652 2538 2064 2614 vexationes
2104 2589 2127 2625 ,
2181 2560 2450 2634 suoque

339 2674 635 2727 munere
673 2655 951 2752 egregie
988 2652 1347 2751 fungatur.

490 2767 678 2844 Dum
732 2782 975 2845 autem
1025 2772 1279 2846 intimo
1332 2794 1664 2849 moerore
1715 2774 2128 2849 conficimur
2168 2826 2188 2860 ,
2247 2770 2452 2871 Apo-—

337 2886 567 2963 stolici
616 2886 854 2963 Nostri
904 2890 1219 2963 muneris
1258 2888 1475 2987 probe
1527 2913 1884 2967 memores
1937 2914 2302 2989 nunquam
2335 2893 2454 2966 de-

340 3005 679 3081 sistemus
712 3006 953 3080 divino
988 3005 1249 3081 auxilio
1288 3006 1555 3085 suffulti
1595 3007 1950 3083 Ecclesiae
1984 3032 2282 3085 causam.
2305 3008 2453 3083 No-

342 3120 453 3197 bis
504 3122 595 3197 ab
647 3120 933 3201 Christo
982 3121 1289 3201 Domino
1342 3126 1684 3199 divinitus
1734 3126 2188 3203 commissam
2255 3124 2450 3200 omni

346 3240 611 3327 studio,
641 3240 949 3339 totisque
978 3240 1243 3315 viribus
1266 3241 1620 3337 impavide
1673 3264 2140 3338 propugnare.
2182 3240 2452 3332 Quam·

346 3355 595 3433 obrem
648 3357 721 3431 in
772 3356 907 3433 hoc
958 3358 1397 3453 amplissimo
1462 3356 1718 3433 Vestro
1767 3382 2128 3447 consessu,
2193 3371 2265 3433 et
2327 3382 2454 3435 co·-

344 3496 501 3548 ram
552 3474 885 3551 universo
922 3474 1265 3552 catholico
1300 3474 1469 3549 orbe
1508 3474 1840 3550 Nostram
1892 3476 2296 3553 attollentes
2335 3503 2455 3555 vo-

348 3618 507 3669 cem
558 3607 709 3669 tam
762 3596 1021 3684 tristia,
1056 3606 1135 3670 et
1166 3617 1530 3693 nunquam
1580 3598 1758 3671 satis
1809 3598 2232 3694 deploranda
2267 3598 2453 3674 facta

349 3714 643 3789 omnino
692 3712 1153 3809 reprobamus
1193 3766 1217 3802 ‚
1264 3715 1688 3789 damnamus
1726 3768 1747 3803 ‚
1803 3738 1886 3790 ac
1937 3718 2202 3795 maiore
2234 3768 2254 3805 ,
2309 3705 2484 3815 qua'

340 3852 723 3927 possumus
754 3882 779 3918 ,
831 3830 1051 3905 animi
1104 3830 1341 3909 Nostri
1398 3832 1853 3907 contentione
1907 3831 2452 3909 ecclesiasticam

344 3947 875 4025 immunitatem
938 3948 1305 4037 violatam,
1357 3946 1884 4025 Cardinalitiam
1938 3962 2012 4025 et
2062 3950 2450 4049 Episcopa-

340 4064 487 4141 lem
540 4063 973 4163 Dignitatem
1034 4066 1471 4165 despectam,
1528 4069 2078 4143 ecclesiasticum
2133 4073 2450 4147 ordinem

328 4182 700 4271 afflictum,
755 4196 831 4259 et
883 4184 1121 4260 omnia
1179 4182 1556 4273 Ecclesiae,
1610 4196 1828 4282 atque
1877 4184 2088 4263 huius
2141 4186 2452 4287 Aposto-
