3317 5267
2225 431 2363 505 471

259 541 471 629 ravit,
523 539 670 614 sed‘
699 537 1124 614 fortissimos
1159 538 1378 612 etiam
1429 547 1644 636 atque
1670 539 2063 637 impavidos
2100 545 2369 620 ordinis

264 657 374 730 sui
425 655 748 731 alumnos
799 655 888 730 ad
940 653 1382 752 evangelium
1432 652 1695 751 ubique
1746 665 2091 733 terrarum
2144 659 2375 736 disse-

265 772 678 848 minandum
695 772 916 846 misit.
929 770 1208 862 Quanto
1236 770 1446 844 alacri
1473 771 1711 845 animo
1736 775 2169 868 provinciam
2190 775 2375 852 hanc

271 887 618 985 seraphici
670 889 892 985 patris
941 888 1060 962 filii
1123 873 1564 983 susceperint
1595 886 2107 966 ecclesiasticae
2149 891 2376 968 histo-

265 1005 414 1080 riae
463 1016 927 1082 monumenta
963 1017 1338 1080 testantur:
1369 1027 1460 1078 ex
1497 1004 1755 1102 quibus
1782 1008 2181 1104 accepimus
2212 1009 2379 1084 nul-

263 1120 406 1194 lam
461 1123 753 1219 reperiri
805 1135 1014 1218 posse
1060 1122 1448 1218 regionem,
1503 1144 1687 1218 quae
1740 1122 2051 1217 primum
2094 1123 2377 1198 detecta

268 1237 400 1314 hos
419 1239 866 1335 evangelicae
887 1239 1426 1335 praedicationis
1453 1239 1816 1314 ministros
1832 1261 1977 1314 non
1994 1241 2374 1337 exceperit.

422 1359 488 1453 S.
548 1361 622 1431 2.
681 1355 995 1454 laponia,
1049 1356 1300 1431 ultima
1355 1355 1665 1432 Orientis
1742 1357 1939 1454 regio
2016 1368 2379 1434 extremae

271 1475 542 1552 adiacet
595 1471 832 1560 Asiae3
887 1483 1038 1548 tota
1093 1473 1338 1546 insulis
1415 1485 1755 1562 constat,
1809 1473 2105 1549 modicis
2181 1471 2385 1548 fretis

267 1591 670 1689 euripisque
721 1591 1055 1664 discreta.
1106 1586 1216 1664 De
1269 1587 1422 1684 ejus
1474 1591 1959 1686 magnitudine
1988 1643 2011 1678 ,
2066 1591 2219 1666 sive
2290 1589 2385 1665 ob

269 1721 652 1807 perpetuos
705 1718 782 1781 et
831 1707 1209 1782 intestinos
1259 1705 1600 1782 bellorum
1655 1709 2033 1796 tumultus,
2086 1707 2239 1784 sive
2290 1705 2382 1784 ob

267 1828 922 1924 circumjacentium
977 1827 1422 1923 scopulorum
1485 1850 1567 1902 ac
1635 1830 1939 1925 syrtium
2018 1840 2381 1914 terrores,

265 1945 616 2020 nihildum
691 1945 868 2020 satis
949 1945 1296 2041 comperti
1347 1943 1719 2020 habemus.
1758 1945 1839 2020 In
1871 1945 2385 2044 longitudinem

271 2064 490 2138 millia
527 2085 864 2160 passuum
899 2062 1204 2160 amplius
1241 2057 1387 2149 DC,
1427 2063 1502 2136 in
1547 2063 2023 2150 latitudinem,
2058 2063 2179 2138 uhi
2212 2065 2387 2160 plu-

261 2182 528 2255 rimum
582 2177 730 2268 XC,
783 2179 908 2254 uhi
963 2179 1342 2254 minimum
1398 2177 1596 2254 XXX
1647 2191 1893 2276 patere
1940 2179 2378 2278 perhibetur.

264 2299 562 2395 Spectat
609 2321 651 2371 a
701 2299 1190 2394 septentrione
1241 2295 1520 2392 Scytas,
1550 2321 1731 2394 quos
1785 2297 2117 2372 Tartaros
2170 2319 2385 2372 voca-

263 2441 454 2504 mus,
511 2415 602 2490 ah
654 2416 1018 2492 occidente
1072 2413 1303 2512 vergit
1331 2413 1418 2488 ad
1456 2413 1689 2502 Sinas,
1726 2413 1819 2488 ab
1852 2416 2121 2491 oriente
2154 2437 2385 2491 novae

265 2532 646 2631 Hispaniae
672 2615 677 2620 ,
703 2532 1002 2608 obversa
1051 2544 1190 2607 ast.
1247 2531 1583 2607 Continet
1631 2555 1851 2628 regna
1900 2555 2025 2608 sex
2062 2545 2139 2606 et
2172 2533 2389 2631 quin-

264 2653 630 2750 quaginta,
673 2664 750 2726 et
803 2651 996 2750 quod
1050 2651 1434 2748 plurimum
1471 2664 1608 2742 est,
1645 2675 1788 2727 una
1824 2663 2104 2728 tantum
2148 2652 2388 2750 lingua

267 2772 597 2846 universa
648 2793 824 2866 gens
875 2769 1126 2844 utitur.
1183 2768 1476 2867 laponia
1525 2771 1789 2858 omniS,
1842 2771 2179 2869 quoniam
2236 2783 2389 2846 tres

269 2900 440 2962 sunt
491 2885 982 2984 magnitudine
1038 2886 1310 2964 insulae
1359 2889 1807 2984 praecipuae,
1856 2889 1929 2960 in
1983 2897 2225 2984 partes
2276 2886 2389 2962 di-

267 3009 534 3084 viditur
583 3020 757 3097 tres,
815 3031 998 3106 quae
1049 3007 1140 3082 ab
1193 3007 1438 3082 insulis
1491 3007 1879 3104 majoribus
1948 3008 2385 3096 nominatae,

269 3126 672 3224 complures
723 3124 1108 3200 attributas
1157 3122 1450 3199 habent.
1505 3125 1789 3200 Meacus
1841 3123 2009 3200 urbs
2051 3124 2223 3201 olim
2272 3124 2389 3198 la-

267 3245 524 3343 poniae
576 3245 838 3330 omnis,
891 3265 1084 3318 nunc
1139 3241 1609 3338 plurimorum
1662 3263 2041 3338 regnorum
2086 3251 2389 3338 -caput3

268 3364 661 3438 secundum
713 3362 1052 3458 Iaponem
1093 3361 1582 3458 magnitudine
1609 3371 1827 3458 atque
1877 3359 2131 3456 opibus
2181 3382 2393 3456 prae-

271 3491 420 3556 stat
471 3479 724 3554 Ximus
776 3479 964 3554 Sinis
1017 3479 1377 3576 proxima,
1434 3478 1644 3552 tertia
1698 3477 1927 3552 insula
2002 3478 2190 3552 inter
2258 3477 2391 3552 has

273 3599 647 3694 interiecta
700 3595 922 3693 Xigus
1003 3607 1320 3672 vocatur.
1399 3594 1626 3692 Regio
1716 3595 2027 3692 antiquis
2100 3594 2391 3670 omnino

274 3716 516 3812 ignota
547 3766 570 3801 ,
621 3735 792 3788 casu
847 3711 1200 3788 Lusitanis
1236 3735 1423 3788 anno
1457 3709 1785 3786 MDXLII
1822 3735 1907 3786 eo
1962 3718 2393 3808 tempestate

273 3831 594 3927 abreptis
649 3832 967 3919 inventa,
1021 3829 1376 3906 conciliari
1431 3831 1857 3904 commercio
1893 3828 2151 3925 coepit.
2192 3824 2393 3916 Quae

275 3961 352 4024 et
403 3959 668 4046 quanta
717 3948 1054 4024 felicitate
1107 3971 1190 4023 ac
1243 3971 1582 4046 prospere
1631 3971 1763 4045 pro
1814 3947 2198 4024 christiana
2274 3969 2393 4019 re·-

273 4067 530 4163 ligione
583 4068 656 4140 in
709 4065 1006 4163 Japonia
1059 4067 1356 4160 gesserit
1393 4063 1807 4140 Franciscus
1838 4061 2207 4150 xaverius,
2237 4081 2393 4136 me·

276 4183 416 4258 rito
467 4183 824 4258 indiarum
899 4181 1278 4278 Apostolus
1357 4181 1755 4278 appellatus
1787 4233 1809 4271 ‚
1865 4179 2227 4280 cognitum
2309 4201 2393 4256 ac
