3317 5267
885 342 1033 411 406

882 454 1183 553 gationis
1232 453 1325 525 de
1376 449 1834 547 propaganda
1885 448 2083 535 Fide,
2135 451 2734 547 quemadmodum
2788 474 3007 548 prae—

884 578 1139 652 stitum
1192 573 1328 647 fuit
1378 574 1469 647 de
1522 572 1759 656 rebus,
1815 591 1998 667 quae
2049 567 2352 645 Graecos
2403 572 2802 661 Melchitas,
2867 572 3011 645 Ar-

880 691 1154 766 menios
1186 742 1207 777 ‚
1265 688 1579 785 Cophtos
1619 742 1640 774 ,
1696 686 2077 761 Maronitas
2116 738 2136 773 ‚
2196 687 2566 764 Ruthenos
2605 742 2628 773 ,
2683 689 3006 787 aliasque

884 808 1263 885 orientales
1314 808 1639 881 nationes
1693 804 2183 901 respiciebant.

1036 922 1225 997 Haec
1279 935 1520 997 autem
1576 922 1827 1017 agendi
1875 921 2082 1007 ratio,
2138 944 2354 1018 quam
2405 925 2559 1019 ipsa
2594 946 2830 999 rerum
2869 946 3004 995 na-

885 1056 1043 1115 tura
1094 1054 1169 1115 et
1222 1042 1489 1115 indoles
1544 1040 1892 1136 exposcit,
1948 1039 2162 1113 Nobis
2217 1041 2406 1113 viam
2441 1042 2750 1117 munivit
2785 1042 2874 1116 ad
2909 1065 3000 1115 ea

880 1160 1353 1246 deliberanda,
1409 1181 1591 1255 quae
1645 1156 1918 1231 Nostris
1971 1156 2162 1230 hisce
2217 1156 2506 1243 Litteris
2568 1159 3002 1235 constituere

882 1277 1474 1357 existimavimus.
1531 1274 1712 1348 Cum
1767 1274 1958 1345 enim
2011 1296 2265 1376 arcano
2303 1272 2602 1371 Divinae
2625 1275 3004 1351 Providen-

882 1395 1021 1467 tiae
1074 1393 1364 1469 consilio
1417 1393 1487 1465 in
1542 1392 1672 1465 hac
1730 1389 1920 1464 Petri
1973 1388 2320 1465 Cathedra
2384 1394 2550 1469 licet
2609 1395 2998 1468 immeren-

883 1523 991 1583 tes
1043 1510 1361 1588 collocati
1414 1506 1786 1604 pastoralis
1839 1506 2134 1581 Nostrae
2190 1508 2616 1603 vigilantiae,
2655 1510 2998 1585 sollicitu-

878 1629 1061 1702 dinis
1114 1642 1187 1701 et
1238 1626 1555 1701 caritatis
1616 1647 1822 1711 curas
1883 1625 2488 1723 cogitationesque
2551 1629 2640 1702 ad
2699 1627 2998 1702 univer—

882 1768 1041 1819 sum
1097 1746 1487 1818 humanum
1522 1765 1746 1839 genus
1783 1740 2261 1815 indesinenter
2310 1744 2694 1819 debeamus
2741 1758 2994 1817 exten·-

878 1864 1043 1937 dere
1074 1914 1097 1949 ,
1151 1886 1234 1935 ac
1283 1862 1497 1935 simul
1549 1860 1745 1934 omni
1797 1859 2254 1934 contentione
2307 1862 2480 1933 eniti
2535 1874 2610 1935 et
2661 1862 2935 1937 efficere
2971 1914 2992 1947 ,

878 1989 960 2051 ut
1009 2000 1257 2051 omnes
1308 1987 1738 2072 cognoscant
1789 1972 2025 2049 solum
2087 1971 2310 2047 Deum
2355 1999 2632 2062 verum,
2673 1987 2747 2051 et
2782 2000 2996 2073 quem

880 2094 1075 2167 misit
1148 2093 1377 2167 Iesum
1456 2093 1848 2178 Christum,
1923 2110 1998 2169 et.
2068 2112 2316 2167 omnes
2387 2103 2838 2169 occurrentes
2925 2095 2992 2166 in

876 2212 1225 2283 unitatem
1281 2210 1466 2299 fidei,
1513 2223 1585 2284 et
1623 2212 2000 2306 agnitionis
2038 2210 2192 2283 Filii
2233 2207 2360 2283 Dei
2398 2212 2617 2283 vitam
2655 2210 2990 2297 habeant,

879 2343 954 2401 et
1004 2328 1473 2403 abuudantius
1526 2330 1860 2419 habeant,
1919 2333 2170 2405 iccirco
2225 2329 2337 2403 vel
2391 2331 2480 2403 ab
2543 2330 2696 2426 ipso
2761 2330 2994 2404 Nostri

881 2445 1340 2520 pontificatus
1393 2447 1680 2521 exordio
1718 2471 1924 2521 curas
1959 2447 2254 2521 Nostras
2290 2446 2374 2520 ad
2412 2446 2808 2520 Orientales
2843 2460 2994 2521 stu-

881 2560 1275 2635 diosissime
1326 2584 1551 2657 aeque
1605 2584 1687 2635 ac
1740 2564 2225 2636 amantissime
2277 2563 2798 2649 convertimuS,
2853 2563 2994 2637 cle-

878 2679 1402 2753 mentissimum
1468 2678 2106 2753 misericordiarum
2183 2678 2465 2753 Patrem
2537 2680 2690 2753 sine
2763 2681 2994 2753 inter-

879 2797 1215 2871 missione
1279 2809 1564 2870 orantes
1642 2810 1717 2869 et
1789 2797 2270 2884 obsecrantes,
2355 2808 2436 2868 ut
2499 2798 2622 2894 qui
2695 2797 2764 2869 in
2835 2797 2991 2873 fidei

879 2914 1153 2987 unitate
1206 2936 1368 2987 cum
1422 2912 1553 2987 hae
1607 2914 1927 2987 veritatis
1983 2911 2330 2988 Cathedra
2385 2926 2553 2987 sunt
2614 2916 2992 2989 consociati

880 3030 1105 3126 magis
1159 3032 1231 3103 in
1284 3030 1432 3103 dies
1486 3028 1772 3103 stabiles
1825 3042 1900 3101 et
1952 3030 2234 3102 immoti
2287 3030 2696 3126 persistant,
2725 3041 2802 3105 et
2835 3054 2994 3105 cre-

883 3160 1161 3223 scentes
1208 3149 1279 3221 in
1336 3147 1629 3221 scientia
1685 3145 1843 3233 Dei,
1899 3161 1974 3219 et
2007 3148 2414 3243 cognitione
2451 3145 2733 3221 Domini
2759 3149 2994 3223 Nostri

879 3263 1037 3337 lesu
1099 3262 1358 3337 Christi
1430 3288 1555 3361 per
1612 3263 1798 3337 bona
1861 3288 2074 3359 opera
2142 3277 2406 3339 certam
2463 3288 2710 3341 eorum
2769 3290 2994 3342 voca-

881 3382 1147 3455 tionem
1210 3394 1286 3455 et
1348 3382 1772 3456 electionem
1835 3380 2122 3468 faciant,
2197 3382 2320 3477 qui
2397 3406 2562 3457 vero
2633 3382 2722 3455 ab
2791 3384 2994 3458 unico

890 3495 1155 3573 Christi
1206 3500 1401 3587 ovili,
1460 3512 1659 3572 extra
1715 3500 1902 3595 quod
1955 3499 2146 3573 salus
2197 3522 2352 3573 csse
2389 3523 2532 3574 non
2567 3512 2830 3597 potest,
2862 3502 2995 3573 mi·-

878 3641 1031 3692 sere
1086 3616 1445 3703 aberrant,
1502 3620 1589 3691 ad
1645 3618 1810 3692 illud
1868 3618 2094 3693 redire
2148 3631 2553 3715 properent,
2609 3634 2824 3716 atque
2874 3618 2992 3693 fe—

874 3736 1169 3811 stinent.
1225 3732 1331 3807 Ea
1386 3758 1595 3831 porro
1646 3758 1776 3831 spe
1829 3748 2317 3811 sustentamur
2387 3734 2536 3813 fore
2577 3749 2736 3824 ,ut
2795 3738 2990 3810 dives

872 3854 947 3927 in
999 3853 1471 3927 misericordia
1527 3850 1715 3925 Deus
1767 3853 1960 3927 hisce
1999 3853 2272 3928 Nostris
2313 3854 2724 3928 humillimis
2761 3866 2836 3927 et
2861 3853 2992 3927 fer-

877 3956 1308 4041 ventissimis
1360 3968 1683 4066 precibus
1737 3969 2082 4064 propitius
2135 3993 2442 4043 annuere
2499 3970 2688 4043 velit.
2783 3968 2988 4057 Inte—

872 4085 1009 4157 rim
1063 4109 1229 4161 vero
1284 4107 1459 4181 prae
1515 4086 1732 4162 oculis
1783 4086 2128 4162 hahentes
2180 4098 2626 4184 praesentem
2665 4085 2988 4161 Orienta-
