3317 5267
2318 411 2460 486 513

332 532 665 606 stientem
755 529 1052 606 solemni
1141 527 1654 626 supplicatione
1740 527 2037 626 ingressi
2136 550 2383 602 sumus
2419 581 2435 598 .

331 647 596 723 Omnes
648 647 815 722 cleri
866 645 1240 722 saecularis
1291 644 1598 730 ordines,
1653 665 1817 717 cum
1877 645 2379 739 praecederent
2419 696 2441 733 ,

327 767 564 840 omnia
619 766 1164 862 magistratuum
1215 773 1290 838 et
1341 761 1739 840 officialium
1802 784 2135 838 romanae
2212 763 2444 837 curiae

331 883 650 979 collegia,
707 883 1185 980 praedictique
1239 879 1677 956 venerabiles
1728 877 1981 956 fratres
2014 879 2251 955 Nostri
2278 877 2444 954 san-'-

331 1009 490 1073 ctae
530 999 891 1074 Romanae
923 997 1280 1072 Ecclesiae
1307 995 1738 1083 Cardinales,
1781 995 2242 1092 patriarchae,
2283 997 2446 1095 pri-

328 1130 588 1205 mateS‚
646 1118 1148 1216 archiepiscopi
1200 1129 1277 1192 et
1325 1117 1689 1214 episcopi,
1768 1126 2147 1212 antequam
2230 1117 2453 1192 sacris

328 1257 788 1331 operaremur
841 1256 882 1306 a
918 1233 1176 1308 dilecto
1227 1231 1372 1308 filio
1409 1231 1669 1310 Nostro
1704 1231 1989 1308 Nicolao
2040 1231 2229 1304 tituli
2280 1254 2449 1306 san-

325 1352 421 1426 cti
507 1349 702 1424 Petri
783 1349 868 1422 ad
963 1349 1244 1424 vincula
1321 1359 1607 1423 sanctae
1680 1369 2015 1422 romanae
2092 1345 2448 1422 Ecclesiae

323 1465 658 1542 cardinali
709 1464 985 1538 Clarelli
1039 1463 1440 1538 Paracciani
1496 1463 1661 1538 huic
1715 1461 2242 1539 Canonizationi
2278 1487 2448 1562 pro-

325 1585 676 1659 curandae
729 1583 1132 1681 praeposito
1183 1605 1311 1679 per
1371 1582 1711 1656 dilectum
1788 1581 2008 1658 filium
2091 1579 2441 1656 Andream

323 1701 625 1775 Frattini
677 1725 916 1775 sacrae
951 1701 1456 1777 consistorialis
1509 1700 1709 1776 aulae
1760 1701 2184 1776 advocatum
2248 1700 2441 1774 chri-

323 1820 720 1893 stianorum
776 1819 1176 1915 principum
1227 1829 1302 1891 et
1356 1817 1777 1914 populorum
1832 1830 2001 1892 vota
2054 1839 2437 1916 precesque

323 1937 574 2024 semel,
631 1937 892 2010 iterum
945 1961 1028 2012 ac
1079 1937 1293 2012 tertio
1353 1936 1614 2012 obtulit
1642 1989 1664 2023 ,
1746 1950 1830 2010 ut
1900 1937 2150 2012 beatos
2226 1937 2439 2011 hosce

329 2054 555 2130 XXVI
609 2069 960 2154 martyres
1011 2058 1079 2130 in
1128 2068 1537 2132 sanctorum
1591 2079 1967 2131 numerum
2032 2080 2443 2132 recensere-

318 2197 506 2250 mus.
565 2175 946 2271 lmplorata
1001 2176 1240 2271 itaque
1292 2175 1489 2270 prius
1567 2173 1981 2248 caelestium
2060 2175 2437 2271 spirituum

321 2305 396 2368 et
448 2307 860 2368 sanctorum
914 2293 1233 2367 omnium
1286 2292 1820 2378 intercessione,
1860 2306 2073 2389 atquc
2110 2294 2435 2368 invocato

319 2411 652 2487 Paracliti
734 2411 1040 2509 Spiritus
1121 2409 1384 2484 auxilio
1461 2409 1548 2483 ad
1625 2409 1991 2484 honorem·
2030 2421 2315 2484 sanctae
2368 2421 2443 2484 et

319 2504 738 2604 individuae·
769 2527 1160 2613 Trinitatis,
1218 2526 1304 2600 ad
1359 2525 1873 2600 exaltationem
1902 2526 2284 2601 catholicae
2334 2527 2437 2598 fi-

311 2647 448 2735 dei,
504 2648 588 2721 ad
641 2647 1064 2720 christianae
1115 2643 1467 2742 religionis
1523 2645 2048 2720 incrementum
2102 2645 2431 2721 auctori—

315 2776 462 2840 tate
513 2763 796 2841 Domini
847 2764 1086 2840 Nostri
1137 2762 1309 2837 Jesu
1363 2761 1654 2850 Christi,
1710 2764 2093 2839 beatorum
2126 2762 2433 2861 Aposto-

311 2881 540 2958 lorum
609 2880 800 2956 Petri
854 2891 930 2956 et
983 2879 1186 2954 Pauli
1237 2902 1318 2952 ac
1370 2878 1651 2965 Nostra,
1711 2893 1987 2954 matura
2064 2879 2427 2955 delibera-

311 3003 504 3077 tione
555 3000 990 3096 praehabita‚
1047 2999 1284 3072 divina
1337 3021 1472 3094 ope
1528 2998 1901 3094 implorata
1934 3021 2019 3071 ac
2054 2999 2429 3072 venerabi-

311 3119 482 3191 lium
537 3116 836 3191 fratrum
873 3115 1298 3191 Nostrorum
1351 3121 1640 3188 sanctae
1676 3113 2043 3188 Romanae
2068 3113 2429 3190 Ecclesiae

313 3231 808 3323 cardinalium,
863 3247 1076 3332 atque
1113 3233 1602 3329 episcoporum
1633 3231 1703 3303 in
1734 3230 1921 3306 Urbe
1968 3233 2430 3310 existentium

309 3352 598 3426 consilio
649 3351 908 3424 Beatos
962 3348 1263 3423 Paulum
1315 3347 1482 3422 Miki
1525 3400 1546 3434 ‚
1605 3347 1955 3423 Joannem
2029 3349 2219 3424 Soan
2302 3375 2431 3427 seu

305 3470 394 3542 de
448 3467 656 3555 Goto,
713 3466 1054 3542 Iacobum
1115 3466 1302 3540 Kisai
1355 3488 1518 3540 cum
1571 3465 1799 3538 beatis
1864 3465 2228 3563 Seraphici
2296 3468 2433 3544 Or·-

309 3587 490 3660 dinis
543 3585 1060 3682 Japoncnsibus
1113 3583 1542 3683 Martyribus
1599 3581 1809 3658 Petro
1846 3583 2199 3682 Baptista,
2236 3587 2434 3662 Mar-

315 3706 461 3779 tino
513 3703 600 3778 ab
655 3703 1106 3789 Ascensione,
1164 3702 1536 3777 Francisco
1588 3700 1875 3786 Blanco,
1934 3701 2305 3780 Francisco
2384 3726 2425 3777 a

307 3821 566 3896 Sancto
646 3819 982 3894 Michaele
1011 3873 1032 3910 ,
1115 3819 1543 3895 Gundisalvo
1623 3816 1872 3892 Garzia
1904 3871 1925 3906 ‚
2008 3818 2335 3918 Philippo
2388 3845 2431 3896 a

305 3939 500 4027 Iesu,
555 3938 771 4013 Paulo
825 3937 1162 4036 Suzuqui,
1193 3937 1510 4013 Gabriele
1536 3937 1875 4026 lzecensi‚
1938 3938 2219 4013 Joanne
2248 3937 2426 4028 Qui-

307 4081 508 4154 zuya‚
567 4055 840 4130 Thoma
890 4055 1222 4144 lzecensi‚
1279 4053 1650 4130 Francisco
1703 4052 2113 4151 Japoncnsi,
2151 4055 2425 4132 Thoma

305 4175 634 4274 Cosaqui,
691 4173 1014 4250 Joachim
1067 4171 1416 4270 Saquij0r‚
1471 4169 1969 4249 Bonaventura
2008 4173 2416 4271 Japoncnsi,
