3317 5267
891 516 916 582 l
939 516 978 585 7
990 516 1032 583 8

878 626 1172 701 articulo
1201 626 1448 699 mortis
1476 623 1983 721 indulgentiam
2008 620 2339 696 omnibus
2366 630 2441 694 et
2464 620 2760 718 singulis
2788 620 3019 717 ipsius

877 744 1230 818 exercitus
1281 739 1689 815 ductoribus
1741 750 1817 813 et
1870 738 2208 812 militibus
2259 739 2334 811 in
2388 750 2553 813 actu
2586 758 3009 813 sacramen-

883 861 1043 933 talis
1095 856 1578 933 confessionis.
1636 855 1939 952 Insuper
1992 855 2243 930 eadem
2281 854 2723 929 Auctoritate
2760 852 3026 928 Nostra

884 976 1360 1062 concedimuS,
1416 987 1499 1050 ut
1548 974 1685 1071 ipsi
1738 973 2065 1047 ductores
2120 984 2193 1045 et
2260 973 2550 1061 milites,
2607 972 2894 1070 quoties
2950 972 3027 1044 in

885 1106 1207 1169 extremo
1243 1094 1436 1167 vitae
1471 1092 1877 1167 discrimine
1912 1090 2285 1164 constituti
2338 1102 2785 1187 praesentem
2824 1088 3027 1163 Sacri

886 1212 1190 1289 Ministri
1216 1233 1424 1308 opem
1451 1209 1713 1282 habere
1751 1208 2045 1281 minime
2082 1208 2467 1305 potuerint,
2499 1206 2824 1281 eamdem
2852 1205 3026 1302 ple-

889 1332 1159 1405 nariam
1197 1327 1711 1424 indulgentiam
1750 1335 2279 1422 consequantur
2312 1326 2727 1398 invocantes
2765 1345 2921 1411 ore,
2960 1324 3024 1397 si

888 1449 1276 1547 potuerint,
1306 1448 1418 1520 sin
1445 1448 1685 1519 minus
1713 1446 1920 1520 corde
1956 1443 2457 1539 potentissima
2492 1467 2573 1518 ac
2608 1442 3025 1517 dulcissima

769 1662 778 1671 Ι
888 1566 1048 1641 Iesu
1099 1578 1174 1638 et
1223 1564 1486 1655 Mariae
1522 1563 1838 1636 nomina.
1878 1560 2509 1635 Persuasissimum
2546 1561 2835 1658 quidem
2872 1558 3023 1635 No-

886 1682 998 1756 bis
1049 1692 1188 1769 est,
1227 1680 1610 1766 Ecclesiae,
1651 1678 2107 1777 iustitiaeque
2144 1700 2433 1751 causam
2470 1677 2557 1750 de
2606 1677 2752 1750 suis
2790 1676 3029 1751 hosti-

889 1798 1022 1873 hus
1073 1798 1476 1893 gloriosam,
1507 1796 1614 1870 uti
1649 1816 1957 1890 semper,
2000 1794 2383 1867 relaturam
2421 1817 2577 1867 esse
2617 1794 3019 1867 victoriam.

891 1914 1128 1989 Iustus
1181 1914 1371 1987 enim
1423 1924 1498 1987 et
1551 1914 1951 1987 misericors
2006 1909 2198 1984 Deus
2268 1910 2383 1984 vel
2456 1919 2566 1985 tot
2636 1909 3021 2005 impiorum

889 2032 1259 2107 bominum
1312 2030 1536 2105 millia
1591 2032 1679 2103 ad
1735 2029 1983 2103 salutis
2035 2029 2357 2112 semitaS,
2413 2028 3023 2125 quemadmodum

894 2150 984 2223 ab
1037 2148 1198 2246 Ipso
1251 2148 1554 2223 assiduis
1607 2146 2293 2243 impensissimisque
2330 2145 2655 2242 precibus
2688 2148 3029 2241 exposci-

895 2289 1084 2354 mua,
1125 2267 1457 2339 reducere
1493 2263 1922 2362 dignabitur,
1962 2263 2075 2337 vel
2111 2264 2243 2339 hos
2280 2286 2504 2338 novos
2540 2262 3027 2337 Sennacherib

896 2385 1245 2481 percutiet
1275 2436 1295 2470 ,
1351 2393 1674 2457 conteret
1724 2393 1799 2454 et
1852 2380 2363 2455 exterminabit
2415 2382 2487 2455 in
2544 2382 3029 2478 indignatione

895 2500 1148 2575 furoris
1199 2500 1332 2573 sui.
1399 2498 1629 2595 Atque
1682 2497 1857 2571 haec
1910 2497 2165 2572 Nostra
2216 2500 2579 2596 persuasio
2634 2510 2710 2573 et
2764 2499 3023 2572 fiducia

897 2618 1150 2691 nititur
1185 2628 1340 2689 tum
1376 2616 1450 2692 in
1487 2612 1983 2688 communibus
2020 2616 2239 2689 totius
2268 2616 2625 2690 Ecclesiae
2662 2614 3023 2712 precibus,

897 2762 1080 2837 quae
1130 2740 1203 2811 in
1255 2738 1543 2815 odorem
1597 2738 1969 2811 suavitatis
2022 2739 2205 2811 sicut
2257 2740 2624 2813 incensum
2696 2738 3021 2836 quotidie

897 2858 1335 2930 adscendunt
1387 2858 1476 2929 ad
1541 2855 1914 2929 Thronum
1976 2855 2243 2952 gratiae
2277 2910 2298 2945 ,
2382 2867 2537 2929 tum
2608 2858 2682 2929 in
2762 2856 3029 2929 eximia

895 2972 1256 3069 religione,
1315 2973 1604 3060 virtute,
1688 2971 2060 3068 sapientia,
2142 2972 2433 3047 consilio
2488 2984 2598 3047 tot
2662 2972 3033 3069 pientissi-

897 3111 1182 3165 morum
1269 3073 1576 3164 Christi'
1622 3088 1781 3164 Iesu
1852 3087 2201 3164 cultorum
2243 3141 2264 3176 ‚
2349 3100 2424 3163 et
2494 3090 3031 3163 amantissimo-

897 3228 1056 3279 rum
1112 3206 1498 3281 catholicae
1553 3205 1939 3291 Ecclesiae,
1994 3216 2067 3279 et
2119 3206 2331 3278 huius
2394 3202 2843 3301 Apostolicae
2898 3206 3031 3280 Se-

897 3323 1005 3397 dis
1087 3322 1392 3399 filiorum
1433 3378 1454 3414 ,
1510 3326 1633 3423 qui
1689 3322 2004 3396 eiusdem
2059 3320 2415 3394 Ecclesiae
2466 3334 2545 3394 et
2608 3321 2811 3395 Sedis
2874 3324 3029 3397 iura

899 3441 1128 3516 modis
1183 3443 1514 3517 omnibus
1568 3439 2083 3516 studiosissime
2156 3438 2529 3514 defendere
2601 3439 3019 3537 gloriantur,

904 3566 1058 3630 tum
1111 3559 1184 3630 in
1235 3559 1419 3631 mira
1471 3558 1885 3633 eorumdem
1937 3552 2242 3630 filiorum
2313 3556 2608 3651 pietate,
2682 3559 2805 3653 qui
2878 3558 3026 3630 suis

899 3675 1155 3773 opibus
1203 3677 1558 3750 maximas
1610 3676 1905 3751 Nosti-as
1958 3685 2033 3748 et
2066 3676 2277 3749 huius
2314 3674 2619 3749 Sanctae
2656 3676 2858 3750 Sedis
2895 3700 3027 3749 an·-

899 3794 1169 3890 gustias
1223 3794 1596 3871 sublevare
1651 3816 1795 3868 non
1831 3792 2341 3866 intermittunt.
2385 3792 2574 3866 Nihil
2608 3816 2778 3867 vero
2812 3794 3028 3867 dubi-

901 3923 1164 4002 tamus,
1220 3914 1390 4012 quin
1443 3913 1853 3989 huiusmodi
1909 3913 2451 3987 ferventissmae
2487 3914 2903 3989 eorumdem
2938 3912 3027 3983 {i-

900 4029 1164 4104 delium
1217 4033 1691 4126 precationes,
1750 4043 1828 4105 et
1864 4032 2143 4129 egregia
2179 4031 2515 4129 omnique
2551 4031 2753 4105 laude
2811 4030 3027 4127 digna

903 4170 1150 4223 eorum
1201 4150 1459 4237 studia,
1517 4172 1600 4223 ac
1654 4148 2221 4247 religiosissimae
2276 4150 2679 4248 largitiones
2736 4162 2812 4224 et
2850 4148 3029 4224 sub-

903 4266 1078 4347 sidia
1129 4278 1537 4345 constanter
1573 4268 1985 4367 perdurent,
2023 4270 2247 4345 donec
2284 4270 2839 4347 clementissimo
2876 4269 3023 4346 mi-
