3317 5267
2295 439 2444 513 373

314 542 725 643 hujusmodi
774 546 1335 645 Episcopatuum
1388 568 1714 623 normam
1749 550 2276 647 quamprimum
2323 554 2437 627 in·-

314 677 427 741 ter
486 663 1011 763 iun-aseripmm
1072 666 1549 764 praesentium
1600 664 1759 741 Exe
1771 682 2152 765 quaterem
2221 668 2430 767 Apo-

316 780 669 866 stolieum‚
699 782 809 863 sin
846 796 1089 861 antem
1126 784 1313 859 inter
1336 780 1942 865 Gonaivesensem
1971 783 2432 882 Episcopum,

316 910 395 972 et
444 896 878 975 Gubernium
936 903 1185 998 ipsum
1223 900 1605 979 naitanum
1638 902 2098 981 concilientur
2131 927 2212 979 ae
2237 916 2434 979 certo

314 1024 799 1113 perpetuoque
872 1018 1096 1096 modo
1168 1018 1659 1113 adjudicentur
1697 1070 1720 1106 ‚
1795 1029 1988 1097 sarto
2039 1028 2228 1099 tecto
2275 1018 2432 1114 jure

317 1154 807 1230 quaecumque
872 1133 1119 1213 favore
1195 1133 1635 1231 Episcopalis
1687 1156 1976 1215 mensae
2037 1147 2114 1211 et
2170 1135 2432 1237 Eccle-

323 1251 470 1325 siae
522 1251 947 1331 cathedralis
1002 1254 1331 1352 illiusque
1396 1252 1702 1350 Capituli
1751 1264 1829 1333 et
1879 1254 2256 1343 seminani,
2311 1278 2442 1329 nee

316 1392 463 1451 non
516 1369 811 1452 aliarum
864 1394 1149 1469 qnoque
1202 1373 1563 1448 minorum
1616 1368 2098 1447 Ecclesiarum
2149 1380 2223 1445 et
2259 1394 2440 1469 quo·

317 1489 587 1562 rumvis
648 1488 933 1584 piorum
996 1488 1493 1569 lnstitutorum
1554 1489 2142 1587 quandocumque
2207 1489 2282 1563 in
2353 1512 2436 1565 ea

316 1602 635 1683 Dioecesi
692 1608 1095 1683 extantium
1146 1606 1335 1683 bona
1388 1606 1668 1683 stabilia
1715 1606 1932 1683 libere
1965 1606 2296 1703 liciteque
2329 1604 2436 1679 le-

314 1723 550 1818 gundi,
612 1725 1043 1820 acquirendi,
1099 1724 1447 1821 plenoque
1499 1734 1573 1799 et
1608 1722 1932 1799 absoluto
1967 1742 2134 1803 eum
2181 1723 2434 1799 domi-

318 1841 439 1915 nio
488 1840 921 1937 possidendi,
976 1839 1511 1917 administrandi
1546 1852 1623 1915 et
1661 1840 2082 1927 vindicandi,
2123 1840 2294 1943 quin
2346 1862 2430 1913 ea

312 1968 391 2031 et
440 1968 677 2031 cetera
714 1957 1129 2055 quorumvis
1163 1956 1641 2033 Ecclesia-um
1693 1957 2189 2036 fundationum
2241 1956 2429 2033 bona

312 2086 395 2145 et
428 2074 541 2169 pia
576 2095 895 2176 quaeque
932 2073 1265 2149 Instituta
1316 2096 1481 2149 eum
1532 2074 1688 2149 aliis
1721 2074 2056 2171 conjungi
2095 2074 2205 2147 vel
2239 2094 2432 2153 com·

312 2191 573 2267 mutari
626 2193 737 2267 vel
775 2214 934 2271 aere
988 2192 1215 2269 alieno
1253 2194 1553 2289 gravari,
1591 2192 1964 2291 multoque
2013 2193 2252 2269 minus
2315 2193 2428 2267 di-

316 2309 537 2383 strahi
590 2321 713 2384 aut
764 2311 1083 2395 alienari,
1122 2310 1255 2385 nisi
1293 2310 1491 2406 prius
1544 2309 1988 2406 Apostolicae
2040 2310 2242 2386 Sedis
2301 2334 2432 2385 au-

314 2426 605 2501 cteritas
628 2427 1133 2515 intercesserit,
1167 2426 1381 2503 salvis
1418 2437 1664 2505 tamen
1699 2426 2148 2506 facultatibus
2175 2450 2218 2501 a
2243 2424 2436 2503 Con-

316 2542 473 2619 cilio
528 2544 939 2627 Tridentino
990 2544 1361 2642 Episcopis
1424 2546 1511 2619 ad
1548 2545 1617 2621 id
1656 2545 1980 2622 consulto
2029 2544 2420 2633 attributis,

313 2684 399 2735 ac
448 2660 669 2736 firmis
718 2660 1073 2737 Ecclesiae
1122 2663 1463 2738 doctrinis
1515 2673 1593 2739 et
1636 2663 2004 2761 disciplina
2039 2662 2128 2741 ab
2177 2664 2426 2743 endem

317 2778 393 2853 S.
457 2778 641 2855 Sede
696 2778 1083 2875 approbata
1112 2831 1135 2867 ,
1214 2779 1446 2878 quoad
1504 2792 1742 2857 cetera
1799 2780 1918 2855 hic
1997 2780 2420 2859 enucleatim

318 2919 459 2971 non
510 2898 857 2974 recensita
908 2920 1091 2994 quae
1141 2898 1295 2971 sive
1344 2898 1433 2972 ad
1477 2896 1639 2992 jura
1672 2948 1694 2983 ,
1775 2898 1928 2971 sive
1979 2896 2066 2971 ad
2120 2898 2362 2977 munia
2393 2948 2416 2983 ,

316 3016 471 3088 sive
528 3016 619 3091 ad
679 3038 1015 3112 personas
1045 3066 1068 3103 ,
1132 3014 1282 3091 sive
1344 3015 1433 3091 ad
1492 3036 1609 3089 res
1670 3014 2146 3091 eeclesiastico
2217 3014 2424 3093 titulo

322 3131 705 3227 pertinent.

471 3247 689 3323 Porto
744 3246 865 3323 vix
916 3246 1179 3323 erectio
1228 3244 1635 3343 hujusmodi
1676 3244 2216 3327 Gonaivesensis
2251 3244 2430 3343 Epi-

314 3376 651 3461 scopatus
700 3386 863 3439 eum
914 3386 1045 3439 sua
1094 3360 1415 3439 Dioeeesi
1476 3362 1942 3459 exequutioni
1999 3362 2424 3441 dunandata

318 3480 557 3568 fuerit,
614 3480 1103 3577 Episcopalem
1142 3480 1335 3553 illam
1372 3477 1764 3557 Ecclesiam
1799 3480 1876 3555 in
1905 3478 2426 3577 suffraganeam

320 3622 549 3673 novae
598 3596 1177 3693 Metropolitanae
1232 3596 1487 3673 Portus
1550 3596 1892 3695 Principis
1953 3620 2118 3679 eum
2179 3600 2426 3677 omni-

312 3716 447 3791 bus
490 3727 573 3793 et
618 3714 911 3812 singulis
966 3714 1265 3811 juribus,
1306 3714 1716 3802 honoribus,
1745 3714 2280 3811 praerogativis,
2314 3713 2426 3789 fe-

318 3834 630 3920 voribus,
688 3834 962 3931 gratiis,
1017 3832 1334 3921 indultis,
1390 3832 1770 3931 privilegiis
1820 3845 1902 3909 et·
1943 3834 2200 3908 ceteris
2251 3832 2426 3929 qui-

306 3951 617 4027 buslibet
648 4004 669 4041 ,
746 3976 928 4051 quae
1002 3952 1181 4027 aliae
1252 3953 1533 4027 illarum
1582 3952 1894 4050 partium
1947 3950 2424 4047 suffraganeae

316 4070 675 4147 Eeclesiae
725 4072 816 4147 de
862 4072 1225 4148 communi
1273 4073 1431 4168 jure
1491 4070 1754 4147 habere
1805 4080 1880 4145 et
1935 4070 2114 4143 tueri
2163 4068 2418 4159 solent,

312 4188 501 4263 dicta
558 4189 955 4286 Apostolica
990 4188 1434 4265 auctoritate'
1452 4188 1890 4285 subjicimus,
1947 4186 2270 4285 illiusque
2311 4210 2420 4265 cas-
