<?xml version="1.0" encoding="UTF-8"?>
<!DOCTYPE html PUBLIC "-//W3C//DTD XHTML 1.0 Transitional//EN"
    "http://www.w3.org/TR/xhtml1/DTD/xhtml1-transitional.dtd">
<html xmlns="http://www.w3.org/1999/xhtml" xml:lang="en" lang="en">
 <head>
  <title>
</title>
<meta http-equiv="Content-Type" content="text/html;charset=utf-8" />
  <meta name='ocr-system' content='tesseract 3.04.00' />
  <meta name='ocr-capabilities' content='ocr_page ocr_carea ocr_par ocr_line ocrx_word'/>
</head>
<body>
  <div class='ocr_page' id='page_1' title='image "./piiixpontificis00ixgoog_0272.png"; bbox 0 0 3317 5267; ppageno 0'>
   <div class='ocr_carea' id='block_1_1' title="bbox 771 437 3003 4292">
    <p class='ocr_par' dir='ltr' id='par_1_1' title="bbox 875 437 1022 507">
     <span class='ocr_line' id='line_1_1' title="bbox 875 437 1022 507; baseline -0.014 0"><span class='ocrx_word' id='word_1_1' title='bbox 875 437 1022 507; x_wconf 73' lang='lat'><strong>258</strong></span> 
     </span>
    </p>

    <p class='ocr_par' dir='ltr' id='par_1_2' title="bbox 771 542 3003 4292">
     <span class='ocr_line' id='line_1_2' title="bbox 865 542 3001 647; baseline -0.002 -22"><span class='ocrx_word' id='word_1_2' title='bbox 865 552 1076 647; x_wconf 90' lang='lat' dir='ltr'><strong>Atqui</strong></span> <span class='ocrx_word' id='word_1_3' title='bbox 1131 549 1202 621; x_wconf 88' lang='lat' dir='ltr'><strong>in</strong></span> <span class='ocrx_word' id='word_1_4' title='bbox 1257 568 1340 621; x_wconf 87' lang='lat' dir='ltr'><strong>ea</strong></span> <span class='ocrx_word' id='word_1_5' title='bbox 1395 547 1797 621; x_wconf 79' lang='lat' dir='ltr'>calamitate</span> <span class='ocrx_word' id='word_1_6' title='bbox 1836 570 1977 621; x_wconf 92' lang='lat' dir='ltr'><strong>non</strong></span> <span class='ocrx_word' id='word_1_7' title='bbox 2015 546 2389 642; x_wconf 75' lang='lat' dir='ltr'>despondit</span> <span class='ocrx_word' id='word_1_8' title='bbox 2430 544 2749 619; x_wconf 90' lang='lat' dir='ltr'><strong>animum</strong></span> <span class='ocrx_word' id='word_1_9' title='bbox 2784 542 3001 620; x_wconf 89' lang='lat' dir='ltr'><strong>loan-</strong></span> 
     </span>
     <span class='ocr_line' id='line_1_3' title="bbox 862 664 3001 761; baseline -0.001 -20"><span class='ocrx_word' id='word_1_10' title='bbox 862 691 1014 754; x_wconf 76' lang='lat' dir='ltr'><strong>neS,</strong></span> <span class='ocrx_word' id='word_1_11' title='bbox 1071 688 1322 741; x_wconf 82' lang='lat' dir='ltr'><strong>verum</strong></span> <span class='ocrx_word' id='word_1_12' title='bbox 1377 667 1448 737; x_wconf 89' lang='lat' dir='ltr'><strong>in</strong></span> <span class='ocrx_word' id='word_1_13' title='bbox 1501 666 1615 738; x_wconf 86' lang='lat' dir='ltr'><strong>illa</strong></span> <span class='ocrx_word' id='word_1_14' title='bbox 1668 665 2083 761; x_wconf 80' lang='lat' dir='ltr'><strong>perferenda</strong></span> <span class='ocrx_word' id='word_1_15' title='bbox 2120 666 2376 737; x_wconf 88' lang='lat' dir='ltr'><strong>miram</strong></span> <span class='ocrx_word' id='word_1_16' title='bbox 2412 664 2735 737; x_wconf 82' lang='lat' dir='ltr'><strong>exhibuit</strong></span> <span class='ocrx_word' id='word_1_17' title='bbox 2768 664 3001 739; x_wconf 82' lang='lat' dir='ltr'><strong>firmi-</strong></span> 
     </span>
     <span class='ocr_line' id='line_1_4' title="bbox 865 778 2999 877; baseline -0 -20"><span class='ocrx_word' id='word_1_18' title='bbox 865 796 1090 857; x_wconf 87' lang='lat' dir='ltr'><strong>tatem</strong></span> <span class='ocrx_word' id='word_1_19' title='bbox 1167 806 1250 856; x_wconf 86' lang='lat' dir='ltr'><strong>ac</strong></span> <span class='ocrx_word' id='word_1_20' title='bbox 1311 782 1727 877; x_wconf 87' lang='lat' dir='ltr'><strong>patientiam</strong></span> <span class='ocrx_word' id='word_1_21' title='bbox 1772 834 1793 869; x_wconf 91' lang='lat'><strong>,</strong></span> <span class='ocrx_word' id='word_1_22' title='bbox 1848 806 1937 855; x_wconf 80' lang='lat' dir='ltr'><strong>ex</strong></span> <span class='ocrx_word' id='word_1_23' title='bbox 2008 806 2095 855; x_wconf 90' lang='lat' dir='ltr'><strong>eo</strong></span> <span class='ocrx_word' id='word_1_24' title='bbox 2164 780 2353 877; x_wconf 88' lang='lat' dir='ltr'><strong>quod</strong></span> <span class='ocrx_word' id='word_1_25' title='bbox 2422 778 2777 875; x_wconf 85' lang='lat' dir='ltr'><strong>praeclare</strong></span> <span class='ocrx_word' id='word_1_26' title='bbox 2860 782 2999 855; x_wconf 81' lang='lat' dir='ltr'><strong>sihi</strong></span> 
     </span>
     <span class='ocr_line' id='line_1_5' title="bbox 863 892 2997 995; baseline 0 -22"><span class='ocrx_word' id='word_1_27' title='bbox 863 912 1106 975; x_wconf 87' lang='lat' dir='ltr'><strong>actum</strong></span> <span class='ocrx_word' id='word_1_28' title='bbox 1129 900 1444 985; x_wconf 88' lang='lat' dir='ltr'><strong>duceret,</strong></span> <span class='ocrx_word' id='word_1_29' title='bbox 1484 900 1544 973; x_wconf 91' lang='lat' dir='ltr'><strong>si</strong></span> <span class='ocrx_word' id='word_1_30' title='bbox 1571 892 1931 995; x_wconf 85' lang='lat' dir='ltr'><strong>quidlibet</strong></span> <span class='ocrx_word' id='word_1_31' title='bbox 1954 898 2357 973; x_wconf 77' lang='lat' dir='ltr'><strong>acerbitatis</strong></span> <span class='ocrx_word' id='word_1_32' title='bbox 2392 920 2521 992; x_wconf 88' lang='lat' dir='ltr'><strong>pro</strong></span> <span class='ocrx_word' id='word_1_33' title='bbox 2562 894 2825 971; x_wconf 83' lang='lat' dir='ltr'><strong>Christi</strong></span> <span class='ocrx_word' id='word_1_34' title='bbox 2862 921 2997 973; x_wconf 87' lang='lat' dir='ltr'><strong>no-</strong></span> 
     </span>
     <span class='ocr_line' id='line_1_6' title="bbox 861 1018 3000 1116; baseline -0 -23"><span class='ocrx_word' id='word_1_35' title='bbox 861 1023 1070 1095; x_wconf 89' lang='lat' dir='ltr'><strong>mine·</strong></span> <span class='ocrx_word' id='word_1_36' title='bbox 1091 1031 1482 1116; x_wconf 82' lang='lat' dir='ltr'><strong>pateretur.</strong></span> <span class='ocrx_word' id='word_1_37' title='bbox 1531 1018 1849 1094; x_wconf 84' lang='lat' dir='ltr'><strong>Tandem</strong></span> <span class='ocrx_word' id='word_1_38' title='bbox 1888 1020 2135 1093; x_wconf 87' lang='lat' dir='ltr'><strong>sedato</strong></span> <span class='ocrx_word' id='word_1_39' title='bbox 2172 1020 2453 1093; x_wconf 85' lang='lat' dir='ltr'><strong>turbine</strong></span> <span class='ocrx_word' id='word_1_40' title='bbox 2488 1031 2829 1116; x_wconf 80' lang='lat' dir='ltr'><strong>exceptus</strong></span> <span class='ocrx_word' id='word_1_41' title='bbox 2864 1018 3000 1092; x_wconf 89' lang='lat' dir='ltr'><strong>he-</strong></span> 
     </span>
     <span class='ocr_line' id='line_1_7' title="bbox 857 1136 2999 1235; baseline 0 -24"><span class='ocrx_word' id='word_1_42' title='bbox 857 1140 1070 1235; x_wconf 85' lang='lat' dir='ltr'><strong>nigne</strong></span> <span class='ocrx_word' id='word_1_43' title='bbox 1121 1148 1239 1211; x_wconf 88' lang='lat' dir='ltr'><strong>est</strong></span> <span class='ocrx_word' id='word_1_44' title='bbox 1287 1160 1332 1209; x_wconf 88' lang='lat' dir='ltr'><strong>a</strong></span> <span class='ocrx_word' id='word_1_45' title='bbox 1387 1137 1727 1235; x_wconf 80' lang='lat' dir='ltr'>Gregorio</span> <span class='ocrx_word' id='word_1_46' title='bbox 1786 1138 1941 1211; x_wconf 88' lang='lat' dir='ltr'><strong>Xlll</strong></span> <span class='ocrx_word' id='word_1_47' title='bbox 1994 1160 2281 1213; x_wconf 87' lang='lat' dir='ltr'><strong>summo</strong></span> <span class='ocrx_word' id='word_1_48' title='bbox 2334 1136 2699 1224; x_wconf 83' lang='lat' dir='ltr'><strong>Pontifice,</strong></span> <span class='ocrx_word' id='word_1_49' title='bbox 2740 1137 2831 1209; x_wconf 89' lang='lat' dir='ltr'><strong>ab</strong></span> <span class='ocrx_word' id='word_1_50' title='bbox 2868 1161 2999 1211; x_wconf 91' lang='lat' dir='ltr'><strong>eo-</strong></span> 
     </span>
     <span class='ocr_line' id='line_1_8' title="bbox 860 1252 2999 1353; baseline -0.001 -25"><span class='ocrx_word' id='word_1_51' title='bbox 860 1278 1000 1353; x_wconf 88' lang='lat' dir='ltr'><strong>que</strong></span> <span class='ocrx_word' id='word_1_52' title='bbox 1051 1255 1420 1327; x_wconf 86' lang='lat' dir='ltr'><strong>institutae</strong></span> <span class='ocrx_word' id='word_1_53' title='bbox 1473 1252 2056 1351; x_wconf 74' lang='lat' dir='ltr'><strong>Congu-egationis</strong></span> <span class='ocrx_word' id='word_1_54' title='bbox 2108 1254 2723 1329; x_wconf 86' lang='lat' dir='ltr'><strong>confirmationem</strong></span> <span class='ocrx_word' id='word_1_55' title='bbox 2758 1254 2999 1348; x_wconf 88' lang='lat' dir='ltr'><strong>impe-</strong></span> 
     </span>
     <span class='ocr_line' id='line_1_9' title="bbox 861 1370 2999 1468; baseline -0.001 -23"><span class='ocrx_word' id='word_1_56' title='bbox 861 1372 1132 1459; x_wconf 82' lang='lat' dir='ltr'><strong>travit3</strong></span> <span class='ocrx_word' id='word_1_57' title='bbox 1185 1396 1268 1444; x_wconf 88' lang='lat' dir='ltr'><strong>ac</strong></span> <span class='ocrx_word' id='word_1_58' title='bbox 1295 1372 1488 1445; x_wconf 80' lang='lat' dir='ltr'><strong>‚licet</strong></span> <span class='ocrx_word' id='word_1_59' title='bbox 1537 1374 1610 1443; x_wconf 90' lang='lat' dir='ltr'><strong>in</strong></span> <span class='ocrx_word' id='word_1_60' title='bbox 1664 1372 1779 1443; x_wconf 86' lang='lat' dir='ltr'><strong>illa</strong></span> <span class='ocrx_word' id='word_1_61' title='bbox 1834 1373 2138 1468; x_wconf 87' lang='lat' dir='ltr'><strong>regenda</strong></span> <span class='ocrx_word' id='word_1_62' title='bbox 2214 1382 2429 1468; x_wconf 83' lang='lat' dir='ltr'><strong>atque</strong></span> <span class='ocrx_word' id='word_1_63' title='bbox 2498 1392 2613 1445; x_wconf 88' lang='lat' dir='ltr'><strong>am</strong></span> <span class='ocrx_word' id='word_1_64' title='bbox 2624 1370 2999 1467; x_wconf 83' lang='lat' dir='ltr'><strong>pliflcanda</strong></span> 
     </span>
     <span class='ocr_line' id='line_1_10' title="bbox 862 1490 3001 1578; baseline -0 -14"><span class='ocrx_word' id='word_1_65' title='bbox 862 1491 1106 1566; x_wconf 90' lang='lat' dir='ltr'><strong>multis</strong></span> <span class='ocrx_word' id='word_1_66' title='bbox 1157 1504 1351 1565; x_wconf 89' lang='lat' dir='ltr'><strong>esset</strong></span> <span class='ocrx_word' id='word_1_67' title='bbox 1401 1492 1588 1565; x_wconf 87' lang='lat' dir='ltr'><strong>curis</strong></span> <span class='ocrx_word' id='word_1_68' title='bbox 1639 1491 2032 1578; x_wconf 85' lang='lat' dir='ltr'><strong>districtus,</strong></span> <span class='ocrx_word' id='word_1_69' title='bbox 2076 1491 2251 1566; x_wconf 88' lang='lat' dir='ltr'><strong>alios</strong></span> <span class='ocrx_word' id='word_1_70' title='bbox 2288 1504 2533 1565; x_wconf 85' lang='lat' dir='ltr'><strong>tamen</strong></span> <span class='ocrx_word' id='word_1_71' title='bbox 2568 1515 2659 1565; x_wconf 85' lang='lat' dir='ltr'><strong>ex</strong></span> <span class='ocrx_word' id='word_1_72' title='bbox 2698 1490 2853 1563; x_wconf 85' lang='lat' dir='ltr'><strong>aliis</strong></span> <span class='ocrx_word' id='word_1_73' title='bbox 2888 1490 3001 1563; x_wconf 86' lang='lat' dir='ltr'><strong>la-</strong></span> 
     </span>
     <span class='ocr_line' id='line_1_11' title="bbox 859 1610 2991 1708; baseline -0.002 -21"><span class='ocrx_word' id='word_1_74' title='bbox 859 1614 1068 1689; x_wconf 82' lang='lat' dir='ltr'><strong>bores</strong></span> <span class='ocrx_word' id='word_1_75' title='bbox 1123 1614 1448 1708; x_wconf 78' lang='lat' dir='ltr'><strong>excipere</strong></span> <span class='ocrx_word' id='word_1_76' title='bbox 1501 1636 1630 1708; x_wconf 87' lang='lat' dir='ltr'><strong>pro</strong></span> <span class='ocrx_word' id='word_1_77' title='bbox 1688 1610 1813 1684; x_wconf 89' lang='lat' dir='ltr'><strong>Dei</strong></span> <span class='ocrx_word' id='word_1_78' title='bbox 1852 1611 2069 1708; x_wconf 82' lang='lat' dir='ltr'><strong>gloria</strong></span> <span class='ocrx_word' id='word_1_79' title='bbox 2108 1636 2249 1687; x_wconf 88' lang='lat' dir='ltr'><strong>non</strong></span> <span class='ocrx_word' id='word_1_80' title='bbox 2278 1615 2657 1686; x_wconf 82' lang='lat' dir='ltr'><strong>recusavit.</strong></span> <span class='ocrx_word' id='word_1_81' title='bbox 2698 1611 2991 1685; x_wconf 78' lang='lat' dir='ltr'><strong>Etenim</strong></span> 
     </span>
     <span class='ocr_line' id='line_1_12' title="bbox 864 1730 3001 1827; baseline -0 -23"><span class='ocrx_word' id='word_1_82' title='bbox 864 1752 1084 1827; x_wconf 84' lang='lat' dir='ltr'><strong>quum</strong></span> <span class='ocrx_word' id='word_1_83' title='bbox 1141 1731 1512 1826; x_wconf 84' lang='lat' dir='ltr'><strong>explorata</strong></span> <span class='ocrx_word' id='word_1_84' title='bbox 1547 1741 1766 1815; x_wconf 89' lang='lat' dir='ltr'><strong>esset,</strong></span> <span class='ocrx_word' id='word_1_85' title='bbox 1800 1739 1875 1803; x_wconf 87' lang='lat' dir='ltr'><strong>et</strong></span> <span class='ocrx_word' id='word_1_86' title='bbox 1910 1731 2193 1825; x_wconf 83' lang='lat' dir='ltr'><strong>cognita</strong></span> <span class='ocrx_word' id='word_1_87' title='bbox 2230 1732 2450 1827; x_wconf 89' lang='lat' dir='ltr'><strong>ipsius</strong></span> <span class='ocrx_word' id='word_1_88' title='bbox 2488 1732 2559 1803; x_wconf 91' lang='lat' dir='ltr'><strong>in</strong></span> <span class='ocrx_word' id='word_1_89' title='bbox 2598 1730 3001 1824; x_wconf 89' lang='lat' dir='ltr'><strong>suscipien-</strong></span> 
     </span>
     <span class='ocr_line' id='line_1_13' title="bbox 861 1848 2995 1944; baseline -0 -22"><span class='ocrx_word' id='word_1_90' title='bbox 861 1850 970 1922; x_wconf 90' lang='lat' dir='ltr'><strong>dis</strong></span> <span class='ocrx_word' id='word_1_91' title='bbox 1023 1850 1258 1923; x_wconf 78' lang='lat' dir='ltr'><strong>arduis</strong></span> <span class='ocrx_word' id='word_1_92' title='bbox 1313 1850 1531 1922; x_wconf 89' lang='lat' dir='ltr'><strong>etiam</strong></span> <span class='ocrx_word' id='word_1_93' title='bbox 1582 1848 1889 1944; x_wconf 86' lang='lat' dir='ltr'><strong>negotiis</strong></span> <span class='ocrx_word' id='word_1_94' title='bbox 1952 1848 2277 1921; x_wconf 82' lang='lat' dir='ltr'><strong>alacritas</strong></span> <span class='ocrx_word' id='word_1_95' title='bbox 2308 1900 2328 1933; x_wconf 92' lang='lat'><strong>,</strong></span> <span class='ocrx_word' id='word_1_96' title='bbox 2405 1851 2475 1922; x_wconf 90' lang='lat' dir='ltr'><strong>in</strong></span> <span class='ocrx_word' id='word_1_97' title='bbox 2550 1850 2943 1923; x_wconf 82' lang='lat' dir='ltr'><strong>tractandis</strong></span> <span class='ocrx_word' id='word_1_98' title='bbox 2974 1902 2995 1935; x_wconf 92' lang='lat'><strong>,</strong></span> 
     </span>
     <span class='ocr_line' id='line_1_14' title="bbox 861 1967 2999 2066; baseline -0.001 -23"><span class='ocrx_word' id='word_1_99' title='bbox 861 1970 1446 2066; x_wconf 84' lang='lat' dir='ltr'><strong>conficiendisque</strong></span> <span class='ocrx_word' id='word_1_100' title='bbox 1499 1969 1917 2055; x_wconf 84' lang='lat' dir='ltr'><strong>dexteritas,</strong></span> <span class='ocrx_word' id='word_1_101' title='bbox 1958 1970 2219 2041; x_wconf 88' lang='lat' dir='ltr'><strong>nedum</strong></span> <span class='ocrx_word' id='word_1_102' title='bbox 2256 1968 2345 2041; x_wconf 86' lang='lat' dir='ltr'><strong>ab</strong></span> <span class='ocrx_word' id='word_1_103' title='bbox 2382 1967 2753 2064; x_wconf 89' lang='lat' dir='ltr'><strong>Episcopis</strong></span> <span class='ocrx_word' id='word_1_104' title='bbox 2788 1970 2999 2042; x_wconf 89' lang='lat' dir='ltr'><strong>adhi-</strong></span> 
     </span>
     <span class='ocr_line' id='line_1_15' title="bbox 863 2084 2999 2181; baseline -0.001 -22"><span class='ocrx_word' id='word_1_105' title='bbox 863 2086 1056 2160; x_wconf 88' lang='lat' dir='ltr'><strong>bitus</strong></span> <span class='ocrx_word' id='word_1_106' title='bbox 1111 2098 1222 2159; x_wconf 88' lang='lat' dir='ltr'><strong>est</strong></span> <span class='ocrx_word' id='word_1_107' title='bbox 1275 2089 1363 2161; x_wconf 94' lang='lat' dir='ltr'><strong>ad</strong></span> <span class='ocrx_word' id='word_1_108' title='bbox 1419 2087 1829 2161; x_wconf 87' lang='lat' dir='ltr'><strong>relevandas</strong></span> <span class='ocrx_word' id='word_1_109' title='bbox 1898 2086 2563 2181; x_wconf 86' lang='lat' dir='ltr'><strong>componendasque</strong></span> <span class='ocrx_word' id='word_1_110' title='bbox 2634 2084 2999 2158; x_wconf 87' lang='lat' dir='ltr'><strong>Ecclesiae</strong></span> 
     </span>
     <span class='ocr_line' id='line_1_16' title="bbox 870 2204 2998 2290; baseline 0 -13"><span class='ocrx_word' id='word_1_111' title='bbox 870 2228 1036 2277; x_wconf 87' lang='lat' dir='ltr'><strong>suae</strong></span> <span class='ocrx_word' id='word_1_112' title='bbox 1089 2228 1232 2290; x_wconf 89' lang='lat' dir='ltr'><strong>res,</strong></span> <span class='ocrx_word' id='word_1_113' title='bbox 1289 2227 1536 2277; x_wconf 86' lang='lat' dir='ltr'><strong>verum</strong></span> <span class='ocrx_word' id='word_1_114' title='bbox 1574 2205 1850 2279; x_wconf 89' lang='lat' dir='ltr'><strong>Summi</strong></span> <span class='ocrx_word' id='word_1_115' title='bbox 1904 2206 2126 2277; x_wconf 82' lang='lat' dir='ltr'><strong>etiam</strong></span> <span class='ocrx_word' id='word_1_116' title='bbox 2180 2204 2537 2277; x_wconf 80' lang='lat' dir='ltr'><strong>Pontificis</strong></span> <span class='ocrx_word' id='word_1_117' title='bbox 2573 2205 2998 2277; x_wconf 86' lang='lat' dir='ltr'><strong>auctoritate</strong></span> 
     </span>
     <span class='ocr_line' id='line_1_17' title="bbox 867 2321 2999 2418; baseline 0.003 -29"><span class='ocrx_word' id='word_1_118' title='bbox 867 2334 1157 2393; x_wconf 84' lang='lat' dir='ltr'><strong>vocatus</strong></span> <span class='ocrx_word' id='word_1_119' title='bbox 1209 2322 1296 2393; x_wconf 93' lang='lat' dir='ltr'><strong>ad</strong></span> <span class='ocrx_word' id='word_1_120' title='bbox 1347 2322 1816 2395; x_wconf 83' lang='lat' dir='ltr'><strong>dirimendam</strong></span> <span class='ocrx_word' id='word_1_121' title='bbox 1870 2321 2255 2394; x_wconf 84' lang='lat' dir='ltr'><strong>difficillimi</strong></span> <span class='ocrx_word' id='word_1_122' title='bbox 2310 2322 2585 2418; x_wconf 86' lang='lat' dir='ltr'><strong>generis</strong></span> <span class='ocrx_word' id='word_1_123' title='bbox 2622 2322 2999 2417; x_wconf 86' lang='lat' dir='ltr'><strong>quaestio-</strong></span> 
     </span>
     <span class='ocr_line' id='line_1_18' title="bbox 867 2436 2997 2533; baseline 0.002 -26"><span class='ocrx_word' id='word_1_124' title='bbox 867 2456 1034 2507; x_wconf 87' lang='lat' dir='ltr'><strong>nem</strong></span> <span class='ocrx_word' id='word_1_125' title='bbox 1085 2436 1435 2509; x_wconf 85' lang='lat' dir='ltr'><strong>Nolanum</strong></span> <span class='ocrx_word' id='word_1_126' title='bbox 1473 2438 1661 2510; x_wconf 86' lang='lat' dir='ltr'><strong>inter</strong></span> <span class='ocrx_word' id='word_1_127' title='bbox 1695 2436 2125 2533; x_wconf 86' lang='lat' dir='ltr'><strong>Episcopum</strong></span> <span class='ocrx_word' id='word_1_128' title='bbox 2168 2460 2249 2511; x_wconf 89' lang='lat' dir='ltr'><strong>ac</strong></span> <span class='ocrx_word' id='word_1_129' title='bbox 2286 2436 2660 2511; x_wconf 89' lang='lat' dir='ltr'><strong>Procerem</strong></span> <span class='ocrx_word' id='word_1_130' title='bbox 2696 2436 2997 2533; x_wconf 83' lang='lat' dir='ltr'><strong>Neapo—</strong></span> 
     </span>
     <span class='ocr_line' id='line_1_19' title="bbox 815 2552 3003 2651; baseline 0.002 -28"><span class='ocrx_word' id='word_1_131' title='bbox 815 2561 819 2575; x_wconf 90' lang='lat'>&#39;</span> <span class='ocrx_word' id='word_1_132' title='bbox 867 2552 1193 2640; x_wconf 71' lang='lat' dir='ltr'><strong>manum,</strong></span> <span class='ocrx_word' id='word_1_133' title='bbox 1225 2575 1524 2626; x_wconf 89' lang='lat' dir='ltr'><strong>necnon</strong></span> <span class='ocrx_word' id='word_1_134' title='bbox 1580 2555 1669 2625; x_wconf 90' lang='lat' dir='ltr'><strong>ad</strong></span> <span class='ocrx_word' id='word_1_135' title='bbox 1726 2556 2064 2650; x_wconf 88' lang='lat' dir='ltr'><strong>quasdam</strong></span> <span class='ocrx_word' id='word_1_136' title='bbox 2120 2553 2481 2651; x_wconf 87' lang='lat' dir='ltr'><strong>religiosas</strong></span> <span class='ocrx_word' id='word_1_137' title='bbox 2534 2554 2837 2626; x_wconf 81' lang='lat' dir='ltr'><strong>familias</strong></span> <span class='ocrx_word' id='word_1_138' title='bbox 2876 2578 3003 2627; x_wconf 89' lang='lat' dir='ltr'><strong>re-</strong></span> 
     </span>
     <span class='ocr_line' id='line_1_20' title="bbox 861 2668 3000 2768; baseline 0.001 -29"><span class='ocrx_word' id='word_1_139' title='bbox 861 2668 1264 2743; x_wconf 83' lang='lat' dir='ltr'><strong>formandas</strong></span> <span class='ocrx_word' id='word_1_140' title='bbox 1319 2670 1526 2741; x_wconf 88' lang='lat' dir='ltr'><strong>nullis</strong></span> <span class='ocrx_word' id='word_1_141' title='bbox 1579 2692 1810 2766; x_wconf 89' lang='lat' dir='ltr'><strong>neque</strong></span> <span class='ocrx_word' id='word_1_142' title='bbox 1862 2672 2049 2743; x_wconf 86' lang='lat' dir='ltr'><strong>curis</strong></span> <span class='ocrx_word' id='word_1_143' title='bbox 2100 2694 2329 2768; x_wconf 87' lang='lat' dir='ltr'><strong>neque</strong></span> <span class='ocrx_word' id='word_1_144' title='bbox 2382 2671 2727 2745; x_wconf 89' lang='lat' dir='ltr'><strong>molestiis</strong></span> <span class='ocrx_word' id='word_1_145' title='bbox 2804 2672 3000 2765; x_wconf 88' lang='lat' dir='ltr'><strong>peri-</strong></span> 
     </span>
     <span class='ocr_line' id='line_1_21' title="bbox 865 2785 2992 2883; baseline 0 -26"><span class='ocrx_word' id='word_1_146' title='bbox 865 2785 1182 2881; x_wconf 88' lang='lat' dir='ltr'><strong>culisque</strong></span> <span class='ocrx_word' id='word_1_147' title='bbox 1231 2786 1608 2859; x_wconf 86' lang='lat' dir='ltr'><strong>deterritus</strong></span> <span class='ocrx_word' id='word_1_148' title='bbox 1662 2798 1796 2873; x_wconf 88' lang='lat' dir='ltr'><strong>est,</strong></span> <span class='ocrx_word' id='word_1_149' title='bbox 1852 2788 2022 2883; x_wconf 88' lang='lat' dir='ltr'><strong>quin</strong></span> <span class='ocrx_word' id='word_1_150' title='bbox 2077 2786 2457 2863; x_wconf 84' lang='lat' dir='ltr'><strong>commisso</strong></span> <span class='ocrx_word' id='word_1_151' title='bbox 2510 2786 2642 2860; x_wconf 85' lang='lat' dir='ltr'><strong>sibi</strong></span> <span class='ocrx_word' id='word_1_152' title='bbox 2698 2788 2992 2883; x_wconf 85' lang='lat' dir='ltr'><strong>gravis-</strong></span> 
     </span>
     <span class='ocr_line' id='line_1_22' title="bbox 862 2902 2997 2979; baseline 0.001 -4"><span class='ocrx_word' id='word_1_153' title='bbox 862 2902 1045 2975; x_wconf 90' lang='lat' dir='ltr'><strong>simo</strong></span> <span class='ocrx_word' id='word_1_154' title='bbox 1129 2904 1400 2975; x_wconf 87' lang='lat' dir='ltr'><strong>muneri</strong></span> <span class='ocrx_word' id='word_1_155' title='bbox 1489 2903 1845 2977; x_wconf 87' lang='lat' dir='ltr'><strong>cumulate</strong></span> <span class='ocrx_word' id='word_1_156' title='bbox 1906 2902 2367 2979; x_wconf 84' lang='lat' dir='ltr'><strong>satisfaceret.</strong></span> <span class='ocrx_word' id='word_1_157' title='bbox 2448 2903 2709 2978; x_wconf 88' lang='lat' dir='ltr'><strong>Dolens</strong></span> <span class='ocrx_word' id='word_1_158' title='bbox 2778 2904 2997 2977; x_wconf 86' lang='lat' dir='ltr'><strong>rudes</strong></span> 
     </span>
     <span class='ocr_line' id='line_1_23' title="bbox 771 3018 2993 3117; baseline 0.002 -28"><span class='ocrx_word' id='word_1_159' title='bbox 771 3074 778 3081; x_wconf 93' lang='lat'><em>.</em></span> <span class='ocrx_word' id='word_1_160' title='bbox 865 3030 1317 3114; x_wconf 82' lang='lat' dir='ltr'><strong>agrestesque</strong></span> <span class='ocrx_word' id='word_1_161' title='bbox 1381 3018 1705 3093; x_wconf 88' lang='lat' dir='ltr'><strong>homines</strong></span> <span class='ocrx_word' id='word_1_162' title='bbox 1762 3020 1833 3091; x_wconf 90' lang='lat' dir='ltr'><strong>in</strong></span> <span class='ocrx_word' id='word_1_163' title='bbox 1885 3042 2119 3093; x_wconf 86' lang='lat' dir='ltr'><strong>rerum</strong></span> <span class='ocrx_word' id='word_1_164' title='bbox 2174 3020 2495 3094; x_wconf 89' lang='lat' dir='ltr'><strong>omnium</strong></span> <span class='ocrx_word' id='word_1_165' title='bbox 2546 3022 2993 3117; x_wconf 85' lang='lat' dir='ltr'><strong>ignoratione</strong></span> 
     </span>
     <span class='ocr_line' id='line_1_24' title="bbox 863 3137 2989 3232; baseline 0.002 -25"><span class='ocrx_word' id='word_1_166' title='bbox 863 3137 1152 3222; x_wconf 84' lang='lat' dir='ltr'><strong>versari,</strong></span> <span class='ocrx_word' id='word_1_167' title='bbox 1203 3158 1382 3232; x_wconf 86' lang='lat' dir='ltr'><strong>quae</strong></span> <span class='ocrx_word' id='word_1_168' title='bbox 1435 3138 1520 3209; x_wconf 88' lang='lat' dir='ltr'><strong>ad</strong></span> <span class='ocrx_word' id='word_1_169' title='bbox 1575 3137 1973 3210; x_wconf 85' lang='lat' dir='ltr'><strong>animarum</strong></span> <span class='ocrx_word' id='word_1_170' title='bbox 2016 3139 2314 3212; x_wconf 81' lang='lat' dir='ltr'><strong>salutem</strong></span> <span class='ocrx_word' id='word_1_171' title='bbox 2359 3141 2749 3213; x_wconf 85' lang='lat' dir='ltr'><strong>necessaria</strong></span> <span class='ocrx_word' id='word_1_172' title='bbox 2784 3152 2989 3225; x_wconf 86' lang='lat' dir='ltr'><strong>sunt,</strong></span> 
     </span>
     <span class='ocr_line' id='line_1_25' title="bbox 863 3255 2991 3355; baseline 0.002 -28"><span class='ocrx_word' id='word_1_173' title='bbox 863 3255 1288 3350; x_wconf 87' lang='lat' dir='ltr'><strong>peculiarem</strong></span> <span class='ocrx_word' id='word_1_174' title='bbox 1319 3257 1388 3327; x_wconf 89' lang='lat' dir='ltr'><strong>in</strong></span> <span class='ocrx_word' id='word_1_175' title='bbox 1415 3255 1642 3350; x_wconf 86' lang='lat' dir='ltr'><strong>patria</strong></span> <span class='ocrx_word' id='word_1_176' title='bbox 1668 3279 1795 3329; x_wconf 88' lang='lat' dir='ltr'><strong>sua</strong></span> <span class='ocrx_word' id='word_1_177' title='bbox 1832 3257 2273 3331; x_wconf 88' lang='lat' dir='ltr'><strong>sodalitatem</strong></span> <span class='ocrx_word' id='word_1_178' title='bbox 2311 3259 2643 3343; x_wconf 86' lang='lat' dir='ltr'><strong>instituit,</strong></span> <span class='ocrx_word' id='word_1_179' title='bbox 2684 3280 2865 3355; x_wconf 86' lang='lat' dir='ltr'><strong>quae</strong></span> <span class='ocrx_word' id='word_1_180' title='bbox 2904 3282 2991 3331; x_wconf 88' lang='lat' dir='ltr'><strong>eo</strong></span> 
     </span>
     <span class='ocr_line' id='line_1_26' title="bbox 861 3371 2995 3471; baseline 0.002 -28"><span class='ocrx_word' id='word_1_181' title='bbox 861 3394 1062 3443; x_wconf 88' lang='lat' dir='ltr'><strong>curas</strong></span> <span class='ocrx_word' id='word_1_182' title='bbox 1117 3372 1540 3457; x_wconf 88' lang='lat' dir='ltr'><strong>intenderet,</strong></span> <span class='ocrx_word' id='word_1_183' title='bbox 1597 3383 1679 3443; x_wconf 91' lang='lat' dir='ltr'><strong>ut</strong></span> <span class='ocrx_word' id='word_1_184' title='bbox 1728 3371 1888 3445; x_wconf 75' lang='lat' dir='ltr'><strong>fidei</strong></span> <span class='ocrx_word' id='word_1_185' title='bbox 1942 3376 2335 3471; x_wconf 85' lang='lat' dir='ltr'><strong>praeceptis</strong></span> <span class='ocrx_word' id='word_1_186' title='bbox 2372 3378 2709 3471; x_wconf 88' lang='lat' dir='ltr'><strong>populum</strong></span> <span class='ocrx_word' id='word_1_187' title='bbox 2746 3375 2995 3449; x_wconf 87' lang='lat' dir='ltr'><strong>erudi-</strong></span> 
     </span>
     <span class='ocr_line' id='line_1_27' title="bbox 862 3488 2993 3589; baseline 0.004 -28"><span class='ocrx_word' id='word_1_188' title='bbox 862 3500 996 3563; x_wconf 86' lang='lat' dir='ltr'><strong>ret.</strong></span> <span class='ocrx_word' id='word_1_189' title='bbox 1057 3488 1380 3563; x_wconf 77' lang='lat' dir='ltr'><strong>Graviter</strong></span> <span class='ocrx_word' id='word_1_190' title='bbox 1431 3512 1638 3585; x_wconf 87' lang='lat' dir='ltr'><strong>porro</strong></span> <span class='ocrx_word' id='word_1_191' title='bbox 1718 3492 2107 3587; x_wconf 79' lang='lat' dir='ltr'><strong>angebatur</strong></span> <span class='ocrx_word' id='word_1_192' title='bbox 2184 3516 2423 3569; x_wconf 88' lang='lat' dir='ltr'><strong>secum</strong></span> <span class='ocrx_word' id='word_1_193' title='bbox 2478 3496 2717 3569; x_wconf 90' lang='lat' dir='ltr'><strong>animo</strong></span> <span class='ocrx_word' id='word_1_194' title='bbox 2768 3518 2993 3589; x_wconf 88' lang='lat' dir='ltr'><strong>repu-</strong></span> 
     </span>
     <span class='ocr_line' id='line_1_28' title="bbox 867 3607 2991 3706; baseline 0.001 -26"><span class='ocrx_word' id='word_1_195' title='bbox 867 3619 1026 3680; x_wconf 85' lang='lat' dir='ltr'><strong>tans</strong></span> <span class='ocrx_word' id='word_1_196' title='bbox 1080 3618 1228 3680; x_wconf 90' lang='lat' dir='ltr'><strong>tam</strong></span> <span class='ocrx_word' id='word_1_197' title='bbox 1283 3607 1541 3679; x_wconf 90' lang='lat' dir='ltr'><strong>multas</strong></span> <span class='ocrx_word' id='word_1_198' title='bbox 1579 3618 1831 3701; x_wconf 79' lang='lat' dir='ltr'><strong>gentes</strong></span> <span class='ocrx_word' id='word_1_199' title='bbox 1866 3610 2157 3684; x_wconf 86' lang='lat' dir='ltr'><strong>remotis</strong></span> <span class='ocrx_word' id='word_1_200' title='bbox 2195 3612 2265 3681; x_wconf 89' lang='lat' dir='ltr'><strong>in</strong></span> <span class='ocrx_word' id='word_1_201' title='bbox 2304 3610 2702 3706; x_wconf 87' lang='lat' dir='ltr'><strong>regionibus</strong></span> <span class='ocrx_word' id='word_1_202' title='bbox 2738 3610 2991 3685; x_wconf 86' lang='lat' dir='ltr'><strong>Evan-</strong></span> 
     </span>
     <span class='ocr_line' id='line_1_29' title="bbox 861 3727 2987 3825; baseline -0 -24"><span class='ocrx_word' id='word_1_203' title='bbox 861 3728 1022 3824; x_wconf 84' lang='lat' dir='ltr'><strong>gelii</strong></span> <span class='ocrx_word' id='word_1_204' title='bbox 1075 3727 1229 3800; x_wconf 89' lang='lat' dir='ltr'><strong>luce</strong></span> <span class='ocrx_word' id='word_1_205' title='bbox 1283 3738 1602 3799; x_wconf 84' lang='lat' dir='ltr'><strong>carentes</strong></span> <span class='ocrx_word' id='word_1_206' title='bbox 1657 3728 1901 3801; x_wconf 88' lang='lat' dir='ltr'><strong>sedere</strong></span> <span class='ocrx_word' id='word_1_207' title='bbox 1954 3729 2023 3801; x_wconf 86' lang='lat' dir='ltr'><strong>in</strong></span> <span class='ocrx_word' id='word_1_208' title='bbox 2078 3729 2393 3802; x_wconf 88' lang='lat' dir='ltr'><strong>tenebris</strong></span> <span class='ocrx_word' id='word_1_209' title='bbox 2445 3742 2659 3825; x_wconf 84' lang='lat' dir='ltr'><strong>atque</strong></span> <span class='ocrx_word' id='word_1_210' title='bbox 2734 3728 2987 3802; x_wconf 84' lang='lat' dir='ltr'><strong>umbra</strong></span> 
     </span>
     <span class='ocr_line' id='line_1_30' title="bbox 863 3844 2987 3941; baseline 0.001 -24"><span class='ocrx_word' id='word_1_211' title='bbox 863 3844 1144 3933; x_wconf 81' lang='lat' dir='ltr'><strong>mortis3</strong></span> <span class='ocrx_word' id='word_1_212' title='bbox 1197 3856 1630 3941; x_wconf 86' lang='lat' dir='ltr'><strong>quapropter</strong></span> <span class='ocrx_word' id='word_1_213' title='bbox 1680 3846 2252 3920; x_wconf 86' lang='lat' dir='ltr'><strong>inflammabatur</strong></span> <span class='ocrx_word' id='word_1_214' title='bbox 2300 3848 2649 3921; x_wconf 87' lang='lat' dir='ltr'><strong>desiderio</strong></span> <span class='ocrx_word' id='word_1_215' title='bbox 2700 3848 2773 3919; x_wconf 88' lang='lat' dir='ltr'><strong>in</strong></span> <span class='ocrx_word' id='word_1_216' title='bbox 2826 3844 2987 3919; x_wconf 89' lang='lat' dir='ltr'><strong>illas</strong></span> 
     </span>
     <span class='ocr_line' id='line_1_31' title="bbox 861 3960 2987 4057; baseline 0 -21"><span class='ocrx_word' id='word_1_217' title='bbox 861 3982 1024 4036; x_wconf 92' lang='lat' dir='ltr'><strong>oras</strong></span> <span class='ocrx_word' id='word_1_218' title='bbox 1075 3961 1536 4057; x_wconf 85' lang='lat' dir='ltr'><strong>demigrandi,</strong></span> <span class='ocrx_word' id='word_1_219' title='bbox 1578 3973 1658 4033; x_wconf 90' lang='lat' dir='ltr'><strong>ut</strong></span> <span class='ocrx_word' id='word_1_220' title='bbox 1698 3984 1905 4035; x_wconf 81' lang='lat' dir='ltr'><strong>verae</strong></span> <span class='ocrx_word' id='word_1_221' title='bbox 1950 3960 2303 4057; x_wconf 85' lang='lat' dir='ltr'><strong>religionis</strong></span> <span class='ocrx_word' id='word_1_222' title='bbox 2354 3962 2450 4035; x_wconf 88' lang='lat' dir='ltr'><strong>ibi</strong></span> <span class='ocrx_word' id='word_1_223' title='bbox 2486 3963 2727 4037; x_wconf 89' lang='lat' dir='ltr'><strong>lumen</strong></span> <span class='ocrx_word' id='word_1_224' title='bbox 2762 3960 2987 4037; x_wconf 79' lang='lat' dir='ltr'><strong>effun-</strong></span> 
     </span>
     <span class='ocr_line' id='line_1_32' title="bbox 859 4077 2987 4176; baseline 0.003 -27"><span class='ocrx_word' id='word_1_225' title='bbox 859 4078 1063 4150; x_wconf 88' lang='lat' dir='ltr'><strong>deret</strong></span> <span class='ocrx_word' id='word_1_226' title='bbox 1119 4098 1496 4173; x_wconf 85' lang='lat' dir='ltr'><strong>veramque</strong></span> <span class='ocrx_word' id='word_1_227' title='bbox 1531 4077 1745 4149; x_wconf 85' lang='lat' dir='ltr'><strong>fldem</strong></span> <span class='ocrx_word' id='word_1_228' title='bbox 1782 4100 1913 4152; x_wconf 88' lang='lat' dir='ltr'><strong>suo</strong></span> <span class='ocrx_word' id='word_1_229' title='bbox 1948 4082 2287 4176; x_wconf 84' lang='lat' dir='ltr'><strong>sanguine</strong></span> <span class='ocrx_word' id='word_1_230' title='bbox 2322 4082 2796 4157; x_wconf 83' lang='lat' dir='ltr'><strong>confirmaret.</strong></span> <span class='ocrx_word' id='word_1_231' title='bbox 2842 4080 2987 4155; x_wconf 84' lang='lat' dir='ltr'><strong>Ve-</strong></span> 
     </span>
     <span class='ocr_line' id='line_1_33' title="bbox 861 4193 2984 4292; baseline 0.001 -24"><span class='ocrx_word' id='word_1_232' title='bbox 861 4202 1268 4268; x_wconf 84' lang='lat' dir='ltr'><strong>rumtamen</strong></span> <span class='ocrx_word' id='word_1_233' title='bbox 1303 4215 1524 4290; x_wconf 89' lang='lat' dir='ltr'><strong>quum</strong></span> <span class='ocrx_word' id='word_1_234' title='bbox 1553 4217 1592 4265; x_wconf 87' lang='lat' dir='ltr'><strong>a</strong></span> <span class='ocrx_word' id='word_1_235' title='bbox 1629 4194 1704 4267; x_wconf 91' lang='lat' dir='ltr'><strong>S.</strong></span> <span class='ocrx_word' id='word_1_236' title='bbox 1742 4193 2065 4292; x_wconf 88' lang='lat' dir='ltr'><strong>Philippo</strong></span> <span class='ocrx_word' id='word_1_237' title='bbox 2094 4197 2305 4273; x_wconf 88' lang='lat' dir='ltr'><strong>Nerio</strong></span> <span class='ocrx_word' id='word_1_238' title='bbox 2356 4197 2847 4286; x_wconf 80' lang='lat' dir='ltr'><strong>intellexisset,</strong></span> <span class='ocrx_word' id='word_1_239' title='bbox 2902 4222 2984 4271; x_wconf 88' lang='lat' dir='ltr'><strong>se</strong></span> 
     </span>
    </p>
   </div>
  </div>
 </body>
</html>
