3317 5267
879 467 1024 535 676

873 592 1156 656 nostrae
1211 579 1548 652 veritates
1588 628 1613 665 ‚
1694 587 1769 650 et
1820 586 2157 673 augustae
2222 575 2577 672 religionis
2630 578 2959 674 dogmata
2990 629 3014 664 ,

873 700 1270 773 doctrinam
1313 749 1334 783 ,
1407 695 1945 792 praeceptiones
1994 692 2348 780 nuntiare,
2406 696 2711 784 tradere,
2788 697 3017 792 expli-

877 836 1040 886 care
1079 865 1102 900 ,
1193 825 1266 886 et
1355 811 1728 886 inculeare.
1824 807 1923 885 Ac
2012 811 2161 908 pari
2250 815 2709 887 contentione
2800 814 3021 888 iidem

875 930 1246 1004 Sacrorum
1305 929 1679 1004 Antistites
1734 939 2071 1003 tenentur
2104 950 2485 1025 exponere,
2530 943 2607 1004 et
2640 933 3027 1006 ostendere

882 1063 1038 1124 tum
1089 1050 1404 1124 Summis
1460 1048 1930 1144 Principibus,
2008 1059 2163 1122 tum
2230 1045 2603 1124 Guberniis
2674 1049 3027 1125 funestis-

879 1170 1058 1242 sima
1114 1179 1188 1241 et
1243 1188 1604 1264 nunquam
1657 1164 1833 1239 satis
1864 1164 2313 1261 'deploranda
2366 1165 2555 1238 mala
2607 1177 2683 1240 et
2730 1167 3029 1256 damna,

871 1309 1054 1382 quae
1105 1287 1176 1358 in
1231 1284 1530 1382 populos
1577 1293 1654 1356 et
1705 1283 1777 1354 in
1830 1282 2023 1377 ipsos
2080 1279 2444 1378 Principes
2498 1282 2901 1358 redundant
2934 1307 3033 1358 ex

887 1404 1223 1479 hodierno
1275 1403 1632 1499 religionis
1684 1411 2131 1496 contemptu,
2170 1411 2247 1474 et
2296 1401 2813 1477 incredulitatis
2860 1405 3037 1500 spi—

877 1520 1049 1608 ritu,
1125 1521 1244 1618 qui
1317 1519 1452 1594 sub
1523 1517 1749 1592 fallaci
1778 1517 2055 1592 socialis
2108 1539 2521 1613 progressus
2546 1517 2782 1616 speeie
2834 1543 2875 1594 e
2916 1533 3035 1593 te-

879 1638 1116 1712 nebris
1170 1639 1498 1725 emissus,
1573 1651 1739 1710 eu'm
1792 1636 2110 1708 maximo
2162 1635 2613 1724 christianae,
2654 1637 3037 1734 civilisque

881 1753 1304 1851 reipublicae
1358 1755 1787 1828 detrimento
1842 1751 2107 1848 ubique
2160 1753 2397 1848 magis
2452 1754 2525 1825 in
2590 1754 2743 1828 dies
2810 1755 3037 1826 inva-

881 1872 1086 1946 lescit
1134 1895 1216 1946 ac
1265 1872 1697 1958 dominatur,
1752 1882 1827 1945 et
1878 1871 2254 1945 hominum
2292 1883 2571 1946 mentes
2608 1873 3035 1971 animosque

883 1988 1360 2061 miserandum
1415 1989 1490 2060 in
1515 1989 1808 2062 modum
1844 1985 2189 2082 pervertit
2224 1998 2299 2059 et
2324 1991 2745 2085 corrumpit.
2790 1988 3033 2088 Atque

881 2109 1130 2181 iccirco
1181 2105 1664 2202 gratissimum
1718 2103 1932 2181 Nobis
1992 2102 2130 2176 fuit
2162 2126 2543 2198 agnoscere
2630 2103 2773 2180 Vos
2804 2157 2827 2193 ,
2896 2105 3035 2181 Ve-

883 2223 1230 2298 nerabiles
1285 2223 1596 2309 Fratres,
1651 2224 1770 2295 isti
1808 2219 2191 2294 Carissimo
2240 2222 2312 2293 in
2362 2220 2647 2297 Christo
2682 2223 2863 2300 Filio
2894 2224 3033 2300 No-

881 2353 1030 2416 stro
1085 2341 1423 2414 Bavariae
1479 2340 1653 2437 Regi
1710 2338 1969 2413 illustri
2022 2351 2297 2414 vestras
2348 2363 2477 2437 pro
2538 2343 3029 2418 sanctissimae

881 2471 1163 2533 nostrae
1233 2457 1612 2555 Religionis
1666 2459 1965 2555 eiusque
2000 2457 2263 2530 iurium
2300 2455 2711 2532 defensione
2748 2459 3021 2532 misisse

884 2573 1216 2662 Litteras,
1299 2588 1374 2648 et
1441 2597 1522 2648 ea
1593 2597 1722 2670 spe
1778 2575 2077 2647 nitimur
2128 2572 2313 2661 fore,
2366 2586 2453 2647 ut
2504 2574 2693 2648 idem
2718 2574 3025 2649 Ser-enis-

885 2694 1108 2765 simus
1161 2690 1498 2787 Princeps
1551 2714 1679 2788 pro
1734 2690 1953 2764 animi
2008 2691 2131 2764 Sui
2183 2691 2483 2786 pietate,
2558 2692 2855 2777 iustitia,
2892 2713 3023 2764 ae-

883 2813 1157 2908 quitate
1233 2809 1637 2883 iustissimis
1699 2809 1960 2882 vestris
2030 2808 2395 2882 desideriis
2422 2859 2447 2895 ‚
2521 2809 3029 2905 postulationi-

887 2929 1158 3026 busque
1211 2927 1640 3024 perlibenter
1692 2925 2175 3002 obsecundare
2226 2925 2543 3000 studeat.
2584 2926 2835 3026 Neque
2861 2937 3039 3002 vero·

879 3047 1248 3145 ignoratis,
1317 3043 1767 3119 Venerabiles
1832 3045 2145 3130 Fratres,
2200 3067 2359 3118 esse
2431 3057 2755 3142 praetera
2808 3047 3029 3134 aliud,
3088 3053 3099 3062 '

884 3166 1074 3262 quod
1125 3163 1318 3237 Sacri
1370 3161 1701 3236 Pastor-es
1754 3159 2089 3237 omnibus
2119 3162 2379 3235 studiis
2414 3173 2491 3235 et
2546 3164 3037 3238 contentioni-

883 3283 1016 3358 bus
1069 3305 1276 3378 agere
1327 3280 1612 3355 debent.
1682 3279 2045 3376 Siquidem
2100 3291 2411 3377 oportet,
2476 3282 2671 3379 ipsos
2742 3305 3035 3357 summa

883 3400 1284 3474 constantia
1335 3413 1412 3472 et
1469 3397 1885 3472 fortitudine
1966 3395 2347 3475 defendere
2414 3399 2809 3476 catholicae
2890 3403 3045 3478 Ee·-

883 3520 1138 3593 clesiae
1189 3517 1617 3603 libertatem,
1683 3539 1898 3614 quam
1962 3518 2027 3591 ei
2090 3517 2239 3594 Suo
2314 3519 2673 3616 Sanguine
2742 3522 3037 3619 peperit

887 3637 1308 3733 Unigenitus
1364 3633 1491 3708 Dei
1543 3635 1761 3709 Filius
1830 3636 2053 3732 ipsius
2110 3635 2465 3712 Ecclesiae
2516 3657 2821 3734 sponsus
2860 3693 2885 3726 ,
2942 3663 3033 3716 ac

887 3755 1176 3828 viriliter
1229 3775 1671 3850 propugnare
1722 3755 1963 3828 omnia
2016 3756 2419 3828 veneranda
2472 3755 2694 3852 ipsius
2770 3753 3041 3832 Eccle-

885 3878 1032 3950 siae
1089 3877 1238 3949 iura
1290 3875 1354 3948 ei
1408 3873 1745 3947 divinitus
1800 3874 2090 3947 tributa.
2146 3871 2343 3972 Opus
2394 3895 2681 3973 quoque
2740 3889 2888 3964 est,
2944 3891 3038 3953 ut

887 3994 1220 4091 Episcopi
1273 4015 1633 4091 nunquam
1688 4006 1968 4070 cessent
2018 4017 2159 4092 qua
2210 4017 2383 4069 voce
2430 4017 2573 4093 qua
2600 3997 2889 4094 scriptis
2938 3999 3038 4074 ad

891 4117 1209 4189 omnium
1251 4113 1668 4188 memoriam
1706 4132 2063 4200 revocare,
2105 4109 2491 4187 Ecclesiam
2546 4121 2773 4210 ipsam
2830 4137 3035 4188 sem-

888 4253 1016 4327 per
1069 4230 1314 4319 fuisse,
1371 4243 1445 4305 et
1495 4253 1652 4305 esse
1706 4231 1995 4306 salutari
2050 4255 2178 4304 sua
2231 4231 2547 4306 doctrina
2584 4244 2657 4306 et
2684 4233 2755 4306 vi
2790 4256 2877 4308 ac
2911 4258 3041 4307 sa·-
