3317 5267
911 485 1052 554 708

905 601 1340 685 eximuntur3
1393 599 1576 673 hauc
1641 621 1811 673 vero
1844 597 2375 695 abrogationem
2426 599 2741 694 postulat
2792 601 3017 675 civilis

903 737 1336 811 progressuS,
1365 715 1679 788 maxime
1730 715 1803 786 in
1852 717 2191 789 societate
2242 715 2333 789 ad
2382 713 2683 788 formam
2734 714 3019 792 liberio-

903 833 1000 904 ris
1051 831 1412 926 regiminis
1463 830 1882 906 constituta.

1107 947 1314 1034 Epist.
1366 945 1447 1012 ad
1499 945 1719 1034 Episc.
1773 945 2221 1032 Montisregal.
2260 944 2637 1032 Singularis
2684 947 3001 1036 Nobi-sque

929 1053 1016 1119 29
1063 1061 1230 1138 sept.
1287 1048 1490 1120 1864.

1058 1157 1378 1232 xxxin.
1435 1159 1588 1234 Non
1659 1161 1969 1255 pertinet
2024 1160 2225 1231 unice
2306 1159 2389 1232 ad
2466 1159 3019 1236 ecclesiasticam

899 1280 1396 1354 iurisdictionis
1453 1290 1883 1376 potestatem
1937 1278 2221 1374 proprio
2274 1301 2355 1352 ac
2410 1280 2649 1354 nativo
2700 1281 2851 1354 iure
2902 1283 3025 1356 di·-

899 1399 1123 1491 rigere
1181 1395 1759 1494 theologicarum,
1790 1417 2027 1469 rerum
2081 1396 2505 1469 doctrinam.

1104 1514 1316 1601 Epist.
1367 1511 1448 1580 ad
1492 1508 1807 1600 Archiep.
1860 1511 2145 1601 Frising.
2196 1515 2371 1580 Tuas
2414 1509 2683 1580 libenter
2728 1512 2809 1580 21
2863 1513 2985 1580 de-

925 1617 1210 1688 cambris
1247 1617 1449 1686 1863.

1053 1722 1372 1796 XXXIV.
1433 1722 1771 1798 Doctrina
1797 1725 2361 1819 comparantium
2392 1723 2789 1800 Romanum
2821 1724 3020 1801 Pon-

897 1843 1153 1916 tificem
1197 1841 1501 1938 Principi
1537 1842 1757 1938 libero
1808 1857 1883 1914 et
1906 1841 2142 1938 agenti
2195 1841 2267 1913 in
2302 1843 2631 1917 universa
2664 1843 3015 1932 Ecclesia,

897 1962 1210 2036 doctrina
1265 1971 1375 2034 est
1427 1983 1610 2058 quae
1664 1962 1897 2035 medio
1950 1982 2125 2033 aevo
2180 1961 2595 2054 praevaluit.

1099 2093 1257 2158 Liu.
1309 2086 1542 2179 Apost.
1594 2092 1699 2157 Aa
1746 2090 2131 2176 apostolicae
2178 2088 2267 2156 22
2314 2092 2579 2178 augusti
2628 2088 2827 2158 1851.

1046 2196 1335 2270 XXXV.
1393 2197 1581 2272 Nihil
1653 2207 1877 2284 vetat,
1944 2197 2234 2270 alicuius
2307 2193 2595 2270 Concilii
2666 2201 3015 2294 generalis

891 2301 1238 2402 sententia
1267 2327 1390 2389 aut
1421 2317 1917 2389 universorum
1944 2315 2365 2410 populorum
2400 2313 2613 2402 facto,
2644 2339 3011 2392 summum

893 2433 1394 2510 Pontificatum
1453 2431 1542 2504 ab
1613 2452 1907 2504 romano
1960 2429 2313 2528 Episcopo
2367 2443 2613 2527 atque,
2654 2432 2843 2506 Urbe
2912 2436 3003 2506 ad

889 2553 1106 2626 alium
1161 2549 1598 2647 Episcopum
1651 2550 2001 2645 aliamque
2038 2549 2399 2622 civitatem
2458 2549 2839 2624 transferri.

1093 2680 1256 2745 Litt.
1309 2679 1536 2767 Apost.
1589 2680 1693 2745 Aa
1738 2680 2138 2765 Apostolicae
2183 2678 2271 2744 22
2310 2681 2573 2768 augusti
2634 2679 2827 2747 1851.

1041 2781 1364 2858 XXXVI.
1422 2783 1816 2858 Nationalis
1852 2785 2127 2859 concilii
2162 2783 2471 2858 definitio
2499 2785 2763 2860 nullam
2789 2785 3007 2858 aliam

890 2906 1204 2980 admittit
1240 2905 1829 3002 disputationem,
1868 2903 2235 2999 civilisque
2268 2905 2787 2980 administratio
2846 2927 3007 2979 rem

885 3025 976 3100 ad
1027 3026 1240 3101 hosce
1306 3025 1652 3098 terminos
1720 3024 1999 3118 exigere
2062 3035 2325 3118 potest.

1092 3155 1252 3220 Litt.
1303 3149 1532 3240 Apost.
1592 3154 1697 3220 Aa
1752 3152 2131 3238 apostolicae
2176 3153 2267 3220 22
2326 3155 2589 3242 augusti
2640 3152 2847 3222 1851.

1040 3257 1394 3334 XXXVII.
1475 3260 1757 3333 Institui
1820 3271 2121 3355 possunt
2182 3261 2571 3336 nationales
2631 3261 3011 3338 Ecclesiae

885 3379 975 3452 ab
1009 3380 1428 3454 auctoritate
1484 3377 1787 3454 Romani
1840 3375 2197 3452 pontificis
2232 3377 2613 3453 subductae
2648 3379 3021 3480 planeque

889 3496 1303 3680 ὼνιὸῗὴοο.
1355 3615 1587 3682 Multis
1633 3611 2065 3699 qravibusque
2115 3609 2199 3680 17
2259 3610 2623 3681 decembris
2676 3610 2879 3683 1860.

1089 3727 1301 3798 ΑΙΙοο.
1355 3731 1745 3796 Iamdudum
1794 3735 2114 3798 cernimus
2163 3729 2247 3798 18
2295 3726 2513 3798 martii
2574 3729 2769 3798 1861.

1036 3835 1423 3914 XXXVlll.
1468 3835 1807 3912 Divisioni
1843 3835 2198 3912 Ecclesiae
2234 3839 2306 3910 in
2342 3839 2757 3912 orientalem
2784 3851 3028 3938 atque

883 3957 1388 4031 occidentalem
1429 3955 1646 4030 nimia
1688 3954 2171 4030 Romanorum
2224 3953 2643 4030 Pontificum
2707 3956 3022 4033 arbitria

878 4074 1354 4152 contulerunt.

1085 4205 1234 4273 Lm.
1276 4204 1500 4296 Apost.
1539 4206 1642 4273 Ad
1679 4206 2079 4293 Apostolicae
2108 4205 2197 4272 22
2228 4205 2491 4295 augusti
2530 4200 2721 4270 1851.
