3317 5267
605 1621 667 1827 {s

951 518 1138 599 perio,
1185 516 1259 580 de
1301 516 1815 590 Conchinchinae‚
1884 533 1957 580 ac
1996 515 2287 580 Tonchini
2348 517 2693 597 regionibus
2724 567 2743 593 ,
2786 521 2845 582 in

948 617 1164 699 quibus
1201 616 1572 681 ethnicorum
1613 615 1955 680 immanitas
1996 615 2316 680 recruduit.
2444 662 2459 678 .
2628 664 2647 679 .
2684 641 2693 648 ·
2811 641 2843 678 ι
2884 621 2997 683 2⁰6

869 716 1125 782 Litterae
1164 715 1550 797 Apostolicae
1612 714 1689 779 ad
1718 714 2243 796 Archiepiscopum
2302 713 2788 780 Camberiensem
2818 767 2835 793 ‚
2874 769 2884 779 .

947 817 1194 898 eiusque
1233 815 1648 896 suffraganeos
1692 823 1753 878 et
1792 813 1867 878 ad
1906 813 2267 895 Episcopum
2286 813 2625 880 Niciensem
2651 849 2676 862 ·
2698 815 2843 880 ΠΜ·-

945 916 1108 978 cerai
1144 913 1450 978 Dominici
1484 913 1691 996 φορῶ
1730 947 1763 958 -
1804 911 1874 974 31
1910 910 2210 976 decembr.
2253 911 2565 976 Adiunctis
2602 913 2833 978 Gallico

947 1010 1200 1094 Imperio
1239 1011 1576 1075 sabaudiae
1603 1019 1667 1073 et
1696 1010 1955 1074 Nicaeae
1984 1007 2311 1073 Provinciis
2337 1009 2676 1075 conventio
2698 1029 2835 1075 cum

946 1113 1250 1176 Gubernio
1265 1111 1476 1174 eodem
1495 1110 1574 1174 15
1595 1106 1721 1174 iulii
1763 1109 1910 1174 1801
1942 1108 2019 1173 ad
2040 1125 2145 1174 eas
2170 1109 2835 1192 protenditur-‚exceptis

947 1211 1228 1276 articulis
1289 1211 1614 1296 omnini-3,
1675 1210 1809 1291 lege
1848 1209 2125 1285 dejcivili
2156 1211 2550 1285 matrimonio,
2596 1223 2659 1276 et
2714 1213 2829 1278 alia

944 1315 1158 1398 quavis
1195 1313 1594 1393 dispositione
1623 1329 1779 1395 quae
1818 1311 2123 1377 Ecclesiae
2163 1310 2477 1378 doetrinae
2514 1322 2577 1378 et
2604 1313 2829 1378 iuribus

2422 1443 2459 1458 ·
2622 1457 2639 1472 .
2804 1432 2835 1469 ι
2878 1410 3001 1472 216

943 1409 1316 1474 adversatur.
1519 1455 1534 1470 .
1707 1455 1722 1471 .
1888 1453 1905 1469 .
2066 1455 2083 1473 .
2250 1457 2265 1472 .

625 1445 1153 1740 χβῄΙοοιιιὶο
1221 1508 1421 1573 habita
1487 1509 1546 1571 in
1607 1505 1975 1572 Consistorio
2048 1519 2285 1574 secreto
2348 1509 2449 1574 die
2508 1509 2587 1574 18
2656 1518 2837 1573 mart.

1003 1608 1368 1674 Iamdudum
1403 1609 1771 1671 cernimus·
1814 1607 2099 1690 Loquitur
2125 1607 2201 1672 de
2230 1607 2400 1672 falsis
2424 1609 2743 1691 principiis
2772 1611 2831 1673 in

941 1707 1100 1772 civili
1143 1708 1432 1776 societate
1475 1706 1769 1781 excitatis,
1802 1708 2021 1788 quibus
2062 1707 2397 1787 postulatur
2436 1716 2503 1771 ut
2528 1707 2835 1772 Romanus

939 1807 1210 1871 Pontifex
1249 1825 1384 1872 cum
1430 1807 1768 1888 Proyressu
1832 1825 1970 1869 cum
2008 1805 2416 1882 liberamine,
2475 1824 2545 1871 ac
2610 1810 2835 1872 receuti

937 1903 1224 1970 civilitate
1252 1923 1319 1969 se
1361 1905 1723 1969 reconciliet.
1754 1903 1995 1984 Detegit
2020 1921 2229 1968 verum
2254 1905 2665 1986 usurpationis
2694 1923 2832 1968 mo-

935 2005 1269 2070 deratorum
1315 2007 1492 2069 linem
1533 2021 1608 2068 eo
1635 2012 1929 2085 spectare,
1964 2012 2029 2066 ut
2050 2021 2224 2068 omne
2256 2004 2635 2068 auctoritatis
2652 2005 2835 2088 prin-

935 2106 1174 2186 cipium,
1207 2123 1384 2169 omne
1424 2105 1729 2186 religionis
1772 2105 2021 2180 frenum,
2081 2106 2391 2186 omnisque
2450 2105 2599 2168 iuris
2658 2105 2830 2170 iusti·-

936 2202 1171 2284 tiaeque
1211 2203 1416 2284 regula
1457 2203 1532 2267 de
1551 2199 1747 2266 medio
1777 2199 2037 2265 tollatur.
2065 2199 2335 2265 Collocat
2378 2203 2435 2264 in
2474 2201 2599 2266 Deo
2662 2221 2831 2285 spem

937 2317 1006 2362 ac
1033 2300 1327 2378 fiduciam3
1373 2311 1436 2366 et
1455 2319 1867 2384 quaecumque
1909 2300 2029 2364 siut
2074 2301 2520 2382 investigabilia
2584 2301 2829 2366 divinae

931 2402 1345 2484 providentiae
1385 2402 1634 2467 consilia
1702 2403 1999 2466 Christum
2042 2403 2233 2468 lesum
2304 2401 2609 2469 Ecclesiae
2680 2423 2827 2470 suae

862 2560 871 2569 ,
931 2495 1170 2560 nomine
1211 2505 1400 2578 rogat,
1431 2505 1496 2560 ut
1523 2498 1737 2564 vicarii
1768 2499 1858 2562 aui
1888 2513 2123 2562 causam
2148 2497 2392 2573 iudicet,
2432 2517 2689 2581 eumque
2716 2499 2825 2564 de-

931 2593 1150 2697 Qdat,
1197 2605 1258 2660 et
1288 2596 1538 2661 victoria
1569 2607 1843 2661 exornet.
2060 2647 2073 2660 .
2244 2645 2259 2659 .
2430 2645 2442 2658 .
2610 2645 2625 2660 .
2786 2621 2819 2658 ι
2862 2601 2991 2662 22⁰

1031 2691 2111 2865 &nuceum

847 2993 1104 3059 Litterae
1145 2992 1528 3078 Apostolicae
1595 2996 1707 3061 sub
1751 2997 1991 3079 plumbo
2030 3033 2059 3047 —
2106 3001 2405 3083 Suprema
2432 3001 2823 3064 auctoritas-

927 3091 1002 3156 xl
1031 3093 1344 3175 Kal.·apr.
1387 3112 1570 3175 super
1612 3095 2483 3178 provisione-metropolitanae
2514 3095 2823 3160 Ecclesiae

925 3193 1190 3268 Gonane,
1219 3203 1520 3259 reservata
1553 3195 1931 3277 Apostolicae
1958 3197 2095 3261 Sedi
2138 3197 2418 3262 facultate
2442 3215 2660 3262 novam
2691 3195 2815 3261 Ec-

927 3294 1166 3358 clesiam
1209 3293 1618 3378 Episcopalem
1667 3296 1725 3358 in
1748 3295 2049 3359 territorio
2074 3299 2289 3362 Goano
2316 3299 2619 3380 erigendi.
2784 3317 2815 3356 ι
2858 3295 2975 3359 231

843 3395 1104 3460 Litterae
1172 3396 1548 3478 Apostolicae
1587 3429 1619 3444 -
1668 3396 1765 3459 Ad
1816 3399 2167 3478 reparanda
2226 3399 2451 3462 damna
2498 3433 2535 3448 -
2576 3397 2675 3463 die
2742 3398 2819 3460 22

925 3503 1097 3558 mart.
1143 3496 1216 3559 ad
1258 3495 1787 3578 Archiepiscopum
1830 3497 2126 3574 Gonnum,
2170 3497 2387 3580 quibus
2426 3498 2557 3580 ipse
2590 3515 2819 3563 renun-

925 3599 1118 3662 ciatur
1135 3596 1208 3661 ad
1230 3595 1578 3659 sexennium
1603 3595 1926 3676 Delegatus
1954 3597 2329 3678 Apostolicus
2368 3613 2501 3662 cum
2522 3597 2819 3661 facultati-

919 3696 1052 3773 bus,
1097 3705 1162 3759 ut
1205 3697 1444 3758 nomine
1483 3695 1544 3757 S.
1591 3693 1765 3758 Sedis
1808 3695 1985 3757 etiam
2035 3713 2145 3776 per
2188 3695 2632 3761 ecclesiasticos
2658 3695 2821 3762 viros

925 3798 1002 3863 ab
1044 3815 1116 3861 eo
1145 3793 1619 3876 subdelegandos
1649 3794 2027 3878 spiritualem
2052 3793 2524 3862 iurisdictionem
2544 3805 2821 3862 exerceat

918 3899 980 3961 in
1022 3895 1254 3979 singula
1279 3896 1430 3969 loca,
1465 3913 1620 3976 quae
1678 3913 1712 3958 a
1758 3895 2120 3960 vicariorum
2186 3897 2661 3979 Apostolicorum
2706 3915 2815 3962 au·-

919 3995 1196 4059 ctoritate
1237 4003 1372 4057 actu
1415 3993 1855 4057 conventionis
1885 3993 2067 4058 initae
2090 4011 2223 4058 cum
2260 3995 2425 4076 Rege
2448 3995 2815 4059 Fidelissima

924 4097 1376 4179 reperiebantur
1414 4101 1747 4175 segregata.
1868 4143 1881 4156 .
2050 4143 2062 4156 .
2236 4141 2251 4156 .
2417 4117 2433 4132 ·
2600 4143 2614 4156 .
2782 4117 2811 4154 t
2854 4093 2971 4158 238

837 4193 1103 4276 Epistola
1144 4196 1221 4260 ad
1289 4193 1827 4278 Archiepiscopum
1897 4191 2355 4260 Varsaviensem
2398 4227 2420 4242 ·
2486 4192 2632 4257 Cum
2670 4193 2815 4275 pri-
