3317 5267
2264 419 2411 490 547

273 541 362 615 de
413 539 564 614 iure
640 535 962 636 quaesito
1013 555 1158 610 non
1210 533 1518 612 tollendo
1544 537 1576 622 ,“
1623 535 1915 636 aliisque
1994 533 2273 611 Nostris
2325 546 2405 609 et

276 651 748 730 Cancellariae
801 649 1244 748 Apostolicae
1296 649 1582 747 regulis»,
1636 653 1931 752 aliisque
2008 652 2409 752 quibusque

277 769 924 848 Constitutionibus
949 779 1026 845 et
1079 767 1658 846 ordinationibus
1712 769 2161 869 Apostolicis,
2190 773 2409 846 etiam

277 889 570 987 speciali
595 901 672 962 et
721 888 1080 963 individua
1133 887 1496 964 mentione
1535 911 1618 963 ac
1668 888 2121 986 derogatione
2152 889 2409 988 dignis.

275 1004 552 1098 Quibus
605 1005 964 1092 omnibus,
1021 1016 1098 1080 et
1149 1005 1444 1103 singulis
1497 1005 1774 1080 illorum
1857 1018 2139 1082 tenores
2190 1004 2432 1104 prae—'

279 1123 602 1199 sentibus
652 1145 780 1221 pro
831 1121 1038 1219 plene
1089 1133 1166 1197 et
1215 1123 1640 1198 sufficienter
1722 1124 2078 1220 expressis
2107 1176 2129 1212 ,
2185 1148 2269 1200 ac
2317 1124 2409 1200 de

278 1239 496 1318 verbo
546 1241 636 1314 ad
689 1238 990 1314 verbum
1041 1239 1326 1314 insertis
1377 1239 1753 1330 habentes,
1795 1241 1933 1314 illis
1986 1241 2063 1314 in
2114 1263 2245 1316 suo
2296 1264 2417 1317 ro—

275 1358 448 1436 bore
497 1357 672 1432 alias
720 1357 1203 1454 permansuris
1233 1407 1256 1444 ‚
1307 1358 1396 1431 ad
1447 1359 2003 1455 praemissorum
2082 1356 2415 1434 effectum

281 1475 666 1550 dumtaxat
715 1472 1088 1560 latissime,
1143 1471 1576 1570 plenissime,
1607 1497 1694 1549 ac
1716 1474 2115 1572 specialiter
2166 1487 2242 1549 et
2291 1497 2423 1548 ex-

279 1613 522 1689 presse
576 1591 1024 1687 derogamus,
1079 1589 1480 1688 ceterisque
1529 1591 1749 1664 etiam
1803 1611 2143 1687 expressa
2172 1643 2194 1678 ,
2250 1611 2418 1687 spe-

279 1708 502 1796 cifica,
555 1719 632 1782 et
682 1707 1044 1782 individua
1095 1707 1484 1797 mentione,
1539 1731 1624 1784 ac
1674 1707 2144 1806 derogatione..
2186 1710 2419 1807 dignis

281 1827 656 1904 contrariis
707 1823 1297 1922 quibuscumque.
2337 1810 2345 1819 ’

445 1942 632 2018 Nulli
683 1965 852 2037 ergo
910 1941 1284 2018 hominum
1333 1941 1546 2018 liceat
1623 1943 1809 2020 hanc
1861 1943 2193 2042 paginam
2270 1943 2418 2020 No·-

289 2073 594 2138 strar-um
647 2060 1132 2147 ordinationis,
1197 2059 1673 2158 abrogationis
1704 2113 1729 2150 ,
1780 2063 2060 2151 statuti,
2120 2062 2415 2149 decreti,

284 2201 370 2254 ac
421 2177 804 2256 voluntatis
855 2175 1236 2273 infringere
1263 2230 1286 2262 ‚
1321 2177 1434 2252 vel
1484 2177 1552 2254 ei
1601 2201 1783 2254 ausu
1832 2180 2213 2254 temerario
2246 2202 2421 2255 con-

286 2295 530 2372 traire.
613 2293 688 2368 Si
735 2293 896 2390 quis
947 2303 1190 2368 autem
1244 2292 1382 2368 hoc
1429 2305 1787 2370 attentare
1839 2293 2420 2391 praesumpserit,-

287 2411 844 2510 indignationem
877 2409 1184 2509 Omnipo
1193 2412 1408 2486 tentis
1459 2409 1588 2486 Dei
1596 2464 1624 2500 ,,
1655 2435 1739 2488 ac
1792 2411 2177 2489 Beatorum
2225 2406 2421 2486 Petri

290 2541 366 2606 et
419 2527 618 2604 Pauli
673 2526 1174 2625 Apostolorum
1248 2527 1423 2604 Eius
1473 2551 1554 2603 se
1605 2531 1889 2606 noverit
1946 2519 2424 2607 incursurum.

445 2644 714 2720 Datum
769 2643 1042 2720 Romae
1095 2647 1284 2742 apud
1335 2645 1412 2720 S.
1469 2643 1764 2720 Petrum
1844 2669 2033 2724 anno
2092 2646 2426 2722 lucarna-

294 2763 506 2840 tionis
559 2760 966 2840 Dominicae
1017 2763 1398 2840 millesimo
1477 2764 2069 2862 octingentesimo
2129 2785 2429 2860 sexage-

293 2881 476 2955 simo
525 2881 834 2956 secundo
881 2879 1209 2956 Kalendis
1259 2878 1679 2954 decembris.

449 2995 908 3074 Pontificatus
957 2997 1212 3076 Nostri
1247 3019 1436 3074 anno
1485 2996 2096 3094 decimoseptimo.

296 3157 392 3233 M.
451 3155 663 3232 Cano.
692 3155 968 3232 ΜΔττει
1019 3153 1545 3233 Ρκο-ΒΑτΑκινε
1571 3193 1667 3212 -
1700 3153 1783 3228 Β.
1818 3152 2030 3229 Cano.
2059 3151 2427 3228 Bursam

1295 3315 1465 3392 Visa
1516 3315 1605 3390 de
1667 3313 1895 3394 Curia
1947 3313 2033 3388 D.
2072 3315 2275 3390 Bruti

454 3429 641 3511 Loco
695 3439 792 3534 ᾖ
849 3431 1126 3510 Plumbi

1752 3553 1807 3626 l.
1868 3549 2277 3652 Cugnonius
2324 3651 2333 3662 ι
