<?xml version="1.0" encoding="UTF-8"?>
<!DOCTYPE html PUBLIC "-//W3C//DTD XHTML 1.0 Transitional//EN"
    "http://www.w3.org/TR/xhtml1/DTD/xhtml1-transitional.dtd">
<html xmlns="http://www.w3.org/1999/xhtml" xml:lang="en" lang="en">
 <head>
  <title>
</title>
<meta http-equiv="Content-Type" content="text/html;charset=utf-8" />
  <meta name='ocr-system' content='tesseract 3.04.00' />
  <meta name='ocr-capabilities' content='ocr_page ocr_carea ocr_par ocr_line ocrx_word'/>
</head>
<body>
  <div class='ocr_page' id='page_1' title='image "./piiixpontificis00ixgoog_0066.png"; bbox 0 0 3317 5267; ppageno 0'>
   <div class='ocr_carea' id='block_1_1' title="bbox 821 462 3034 4314">
    <p class='ocr_par' dir='ltr' id='par_1_1' title="bbox 859 462 3034 1608">
     <span class='ocr_line' id='line_1_1' title="bbox 871 462 964 534; baseline 0.032 -3"><span class='ocrx_word' id='word_1_1' title='bbox 871 462 964 534; x_wconf 70' lang='lat'><strong>56</strong></span> 
     </span>
     <span class='ocr_line' id='line_1_2' title="bbox 863 571 2997 671; baseline -0 -20"><span class='ocrx_word' id='word_1_2' title='bbox 863 578 954 651; x_wconf 90' lang='lat' dir='ltr'><strong>de</strong></span> <span class='ocrx_word' id='word_1_3' title='bbox 1005 574 1274 661; x_wconf 86' lang='lat' dir='ltr'><strong>Mocoa,</strong></span> <span class='ocrx_word' id='word_1_4' title='bbox 1330 573 1442 647; x_wconf 87' lang='lat' dir='ltr'><strong>vel</strong></span> <span class='ocrx_word' id='word_1_5' title='bbox 1497 571 1815 671; x_wconf 72' lang='lat' dir='ltr'><strong>Coqueta</strong></span> <span class='ocrx_word' id='word_1_6' title='bbox 1850 583 2363 669; x_wconf 87' lang='lat' dir='ltr'><strong>nuncupatum,</strong></span> <span class='ocrx_word' id='word_1_7' title='bbox 2420 573 2520 647; x_wconf 89' lang='lat' dir='ltr'><strong>ita</strong></span> <span class='ocrx_word' id='word_1_8' title='bbox 2572 586 2656 649; x_wconf 89' lang='lat' dir='ltr'><strong>ut</strong></span> <span class='ocrx_word' id='word_1_9' title='bbox 2708 574 2997 649; x_wconf 85' lang='lat' dir='ltr'><strong>insimul</strong></span> 
     </span>
     <span class='ocr_line' id='line_1_3' title="bbox 866 688 3034 787; baseline 0 -23"><span class='ocrx_word' id='word_1_10' title='bbox 866 692 1198 787; x_wconf 81' lang='lat' dir='ltr'><strong>adempta</strong></span> <span class='ocrx_word' id='word_1_11' title='bbox 1275 702 1492 786; x_wconf 89' lang='lat' dir='ltr'><strong>atque</strong></span> <span class='ocrx_word' id='word_1_12' title='bbox 1553 688 2077 763; x_wconf 81' lang='lat' dir='ltr'><strong>dismembrata</strong></span> <span class='ocrx_word' id='word_1_13' title='bbox 2130 689 2295 764; x_wconf 73' lang='lat' dir='ltr'><strong>sint*</strong></span> <span class='ocrx_word' id='word_1_14' title='bbox 2326 700 2680 787; x_wconf 78' lang='lat' dir='ltr'><strong>quotquot</strong></span> <span class='ocrx_word' id='word_1_15' title='bbox 2732 710 2861 787; x_wconf 87' lang='lat' dir='ltr'><strong>per</strong></span> <span class='ocrx_word' id='word_1_16' title='bbox 2910 694 3034 765; x_wconf 68' lang='lat' dir='ltr'><strong>ea(</strong></span> 
     </span>
     <span class='ocr_line' id='line_1_4' title="bbox 865 808 2999 906; baseline 0 -23"><span class='ocrx_word' id='word_1_17' title='bbox 865 812 1016 884; x_wconf 88' lang='lat' dir='ltr'><strong>loca</strong></span> <span class='ocrx_word' id='word_1_18' title='bbox 1069 812 1600 906; x_wconf 86' lang='lat' dir='ltr'><strong>comperiuntur</strong></span> <span class='ocrx_word' id='word_1_19' title='bbox 1676 809 1950 883; x_wconf 88' lang='lat' dir='ltr'><strong>consita</strong></span> <span class='ocrx_word' id='word_1_20' title='bbox 2000 808 2257 906; x_wconf 89' lang='lat' dir='ltr'><strong>oppida</strong></span> <span class='ocrx_word' id='word_1_21' title='bbox 2298 860 2318 895; x_wconf 91' lang='lat'>‚</span> <span class='ocrx_word' id='word_1_22' title='bbox 2378 809 2485 881; x_wconf 89' lang='lat' dir='ltr'><strong>vel</strong></span> <span class='ocrx_word' id='word_1_23' title='bbox 2536 811 2759 901; x_wconf 83' lang='lat' dir='ltr'><strong>etiam</strong></span> <span class='ocrx_word' id='word_1_24' title='bbox 2816 810 2999 883; x_wconf 84' lang='lat' dir='ltr'><strong>civi-</strong></span> 
     </span>
     <span class='ocr_line' id='line_1_5' title="bbox 859 924 2999 1024; baseline 0 -24"><span class='ocrx_word' id='word_1_25' title='bbox 859 939 1046 1001; x_wconf 81' lang='lat' dir='ltr'><strong>tates</strong></span> <span class='ocrx_word' id='word_1_26' title='bbox 1097 928 1284 1024; x_wconf 85' lang='lat' dir='ltr'><strong>pagi‚</strong></span> <span class='ocrx_word' id='word_1_27' title='bbox 1337 948 1526 1013; x_wconf 86' lang='lat' dir='ltr'><strong>rura,</strong></span> <span class='ocrx_word' id='word_1_28' title='bbox 1558 926 1946 1022; x_wconf 77' lang='lat' dir='ltr'>paroeciae,</span> <span class='ocrx_word' id='word_1_29' title='bbox 1976 948 2119 998; x_wconf 89' lang='lat' dir='ltr'><strong>una</strong></span> <span class='ocrx_word' id='word_1_30' title='bbox 2170 924 2495 999; x_wconf 87' lang='lat' dir='ltr'><strong>videlicet</strong></span> <span class='ocrx_word' id='word_1_31' title='bbox 2542 948 2707 999; x_wconf 90' lang='lat' dir='ltr'><strong>cum</strong></span> <span class='ocrx_word' id='word_1_32' title='bbox 2762 927 2999 1002; x_wconf 77' lang='lat' dir='ltr'><strong>omni-</strong></span> 
     </span>
     <span class='ocr_line' id='line_1_6' title="bbox 862 1030 2997 1140; baseline 0.001 -25"><span class='ocrx_word' id='word_1_33' title='bbox 862 1042 996 1117; x_wconf 88' lang='lat' dir='ltr'><strong>bus</strong></span> <span class='ocrx_word' id='word_1_34' title='bbox 1047 1054 1124 1117; x_wconf 90' lang='lat' dir='ltr'><strong>et</strong></span> <span class='ocrx_word' id='word_1_35' title='bbox 1173 1042 1464 1140; x_wconf 88' lang='lat' dir='ltr'><strong>singulis</strong></span> <span class='ocrx_word' id='word_1_36' title='bbox 1515 1042 1911 1140; x_wconf 81' lang='lat' dir='ltr'><strong>quibusque</strong></span> <span class='ocrx_word' id='word_1_37' title='bbox 1964 1041 2304 1128; x_wconf 88' lang='lat' dir='ltr'><strong>ecclesiis,</strong></span> <span class='ocrx_word' id='word_1_38' title='bbox 2360 1043 2713 1130; x_wconf 88' lang='lat' dir='ltr'><strong>oratoriis,</strong></span> <span class='ocrx_word' id='word_1_39' title='bbox 2770 1030 2997 1117; x_wconf 75' lang='lat' dir='ltr'><strong>bene-</strong></span> 
     </span>
     <span class='ocr_line' id='line_1_7' title="bbox 860 1159 2999 1259; baseline 0.001 -26"><span class='ocrx_word' id='word_1_40' title='bbox 860 1160 1037 1235; x_wconf 85' lang='lat' dir='ltr'><strong>fleiis</strong></span> <span class='ocrx_word' id='word_1_41' title='bbox 1064 1160 1578 1248; x_wconf 86' lang='lat' dir='ltr'><strong>ecclesiasticis,</strong></span> <span class='ocrx_word' id='word_1_42' title='bbox 1619 1161 1893 1257; x_wconf 81' lang='lat' dir='ltr'><strong>piisque</strong></span> <span class='ocrx_word' id='word_1_43' title='bbox 1930 1159 2303 1246; x_wconf 89' lang='lat' dir='ltr'><strong>institutis,</strong></span> <span class='ocrx_word' id='word_1_44' title='bbox 2336 1171 2411 1233; x_wconf 87' lang='lat' dir='ltr'><strong>et</strong></span> <span class='ocrx_word' id='word_1_45' title='bbox 2435 1164 2797 1234; x_wconf 87' lang='lat' dir='ltr'><strong>consuetis</strong></span> <span class='ocrx_word' id='word_1_46' title='bbox 2830 1162 2999 1259; x_wconf 90' lang='lat' dir='ltr'><strong>qui-</strong></span> 
     </span>
     <span class='ocr_line' id='line_1_8' title="bbox 861 1274 2997 1375; baseline 0.001 -25"><span class='ocrx_word' id='word_1_47' title='bbox 861 1276 1137 1375; x_wconf 86' lang='lat' dir='ltr'><strong>busque</strong></span> <span class='ocrx_word' id='word_1_48' title='bbox 1169 1277 1602 1363; x_wconf 86' lang='lat' dir='ltr'><strong>accessoriis,</strong></span> <span class='ocrx_word' id='word_1_49' title='bbox 1633 1278 1948 1374; x_wconf 84' lang='lat' dir='ltr'><strong>itemque</strong></span> <span class='ocrx_word' id='word_1_50' title='bbox 1983 1274 2315 1353; x_wconf 87' lang='lat' dir='ltr'><strong>omnihus</strong></span> <span class='ocrx_word' id='word_1_51' title='bbox 2366 1289 2443 1350; x_wconf 89' lang='lat' dir='ltr'><strong>et</strong></span> <span class='ocrx_word' id='word_1_52' title='bbox 2466 1278 2761 1374; x_wconf 87' lang='lat' dir='ltr'><strong>singulis</strong></span> <span class='ocrx_word' id='word_1_53' title='bbox 2812 1280 2997 1353; x_wconf 84' lang='lat' dir='ltr'><strong>utri-</strong></span> 
     </span>
     <span class='ocr_line' id='line_1_9' title="bbox 865 1393 2995 1492; baseline 0.002 -25"><span class='ocrx_word' id='word_1_54' title='bbox 865 1418 1089 1491; x_wconf 88' lang='lat' dir='ltr'><strong>usque</strong></span> <span class='ocrx_word' id='word_1_55' title='bbox 1141 1418 1353 1469; x_wconf 82' lang='lat' dir='ltr'><strong>sexus</strong></span> <span class='ocrx_word' id='word_1_56' title='bbox 1405 1393 1677 1483; x_wconf 88' lang='lat' dir='ltr'><strong>incolis,</strong></span> <span class='ocrx_word' id='word_1_57' title='bbox 1732 1396 2116 1471; x_wconf 90' lang='lat' dir='ltr'><strong>dummodo</strong></span> <span class='ocrx_word' id='word_1_58' title='bbox 2168 1394 2477 1492; x_wconf 90' lang='lat' dir='ltr'><strong>alioquin</strong></span> <span class='ocrx_word' id='word_1_59' title='bbox 2530 1418 2673 1471; x_wconf 89' lang='lat' dir='ltr'><strong>non</strong></span> <span class='ocrx_word' id='word_1_60' title='bbox 2726 1395 2995 1471; x_wconf 82' lang='lat' dir='ltr'><strong>fuerint</strong></span> 
     </span>
     <span class='ocr_line' id='line_1_10' title="bbox 864 1511 2979 1608; baseline -0.001 -23"><span class='ocrx_word' id='word_1_61' title='bbox 864 1511 1194 1607; x_wconf 80' lang='lat' dir='ltr'><strong>peculiari</strong></span> <span class='ocrx_word' id='word_1_62' title='bbox 1248 1512 1460 1585; x_wconf 89' lang='lat' dir='ltr'><strong>modo</strong></span> <span class='ocrx_word' id='word_1_63' title='bbox 1511 1512 1857 1608; x_wconf 84' lang='lat' dir='ltr'><strong>exempti.</strong></span> <span class='ocrx_word' id='word_1_64' title='bbox 2964 1578 2979 1592; x_wconf 85' lang='grc'><strong><em>,</em></strong></span> 
     </span>
    </p>

    <p class='ocr_par' dir='ltr' id='par_1_2' title="bbox 821 1624 2997 3722">
     <span class='ocr_line' id='line_1_11' title="bbox 1015 1624 2995 1726; baseline 0.001 -24"><span class='ocrx_word' id='word_1_65' title='bbox 1015 1624 1362 1717; x_wconf 79' lang='lat' dir='ltr'><strong>Quoniam</strong></span> <span class='ocrx_word' id='word_1_66' title='bbox 1421 1650 1586 1701; x_wconf 89' lang='lat' dir='ltr'><strong>vero</strong></span> <span class='ocrx_word' id='word_1_67' title='bbox 1638 1628 1941 1702; x_wconf 89' lang='lat' dir='ltr'><strong>civicum</strong></span> <span class='ocrx_word' id='word_1_68' title='bbox 2014 1628 2239 1700; x_wconf 85' lang='lat' dir='ltr'><strong>sancti</strong></span> <span class='ocrx_word' id='word_1_69' title='bbox 2298 1626 2575 1702; x_wconf 89' lang='lat' dir='ltr'><strong>loannis</strong></span> <span class='ocrx_word' id='word_1_70' title='bbox 2628 1626 2995 1726; x_wconf 80' lang='lat' dir='ltr'><strong>Baptistae</strong></span> 
     </span>
     <span class='ocr_line' id='line_1_12' title="bbox 861 1744 2993 1844; baseline 0.001 -25"><span class='ocrx_word' id='word_1_71' title='bbox 861 1746 1227 1841; x_wconf 90' lang='lat' dir='ltr'><strong>oppidum,</strong></span> <span class='ocrx_word' id='word_1_72' title='bbox 1267 1744 1478 1841; x_wconf 83' lang='lat' dir='ltr'><strong>vulgo</strong></span> <span class='ocrx_word' id='word_1_73' title='bbox 1525 1744 1767 1831; x_wconf 86' lang='lat' dir='ltr'><strong>Pasto,</strong></span> <span class='ocrx_word' id='word_1_74' title='bbox 1807 1767 1975 1841; x_wconf 89' lang='lat' dir='ltr'><strong>prae</strong></span> <span class='ocrx_word' id='word_1_75' title='bbox 2040 1744 2295 1817; x_wconf 88' lang='lat' dir='ltr'><strong>ceteris</strong></span> <span class='ocrx_word' id='word_1_76' title='bbox 2348 1745 2770 1821; x_wconf 76' lang='lat' dir='ltr'><strong>circumsitis</strong></span> <span class='ocrx_word' id='word_1_77' title='bbox 2824 1770 2993 1844; x_wconf 87' lang='lat' dir='ltr'><strong>per-</strong></span> 
     </span>
     <span class='ocr_line' id='line_1_13' title="bbox 863 1860 2995 1957; baseline 0.001 -24"><span class='ocrx_word' id='word_1_78' title='bbox 863 1860 1190 1935; x_wconf 86' lang='lat' dir='ltr'><strong>hibeatur</strong></span> <span class='ocrx_word' id='word_1_79' title='bbox 1238 1860 1632 1957; x_wconf 88' lang='lat' dir='ltr'><strong>potioribus</strong></span> <span class='ocrx_word' id='word_1_80' title='bbox 1685 1860 1972 1957; x_wconf 91' lang='lat' dir='ltr'><strong>quidem</strong></span> <span class='ocrx_word' id='word_1_81' title='bbox 2012 1860 2553 1957; x_wconf 77' lang='lat' dir='ltr'><strong>praerogativis,</strong></span> <span class='ocrx_word' id='word_1_82' title='bbox 2584 1874 2661 1935; x_wconf 91' lang='lat' dir='ltr'><strong>et</strong></span> <span class='ocrx_word' id='word_1_83' title='bbox 2700 1863 2789 1936; x_wconf 88' lang='lat' dir='ltr'><strong>ad</strong></span> <span class='ocrx_word' id='word_1_84' title='bbox 2841 1884 2995 1937; x_wconf 86' lang='lat' dir='ltr'><strong>rem</strong></span> 
     </span>
     <span class='ocr_line' id='line_1_14' title="bbox 861 1976 2997 2075; baseline -0 -22"><span class='ocrx_word' id='word_1_85' title='bbox 861 1976 1484 2075; x_wconf 74' lang='lat' dir='ltr'><strong>opportunioribus</strong></span> <span class='ocrx_word' id='word_1_86' title='bbox 1535 1978 1879 2053; x_wconf 82' lang='lat' dir='ltr'><strong>excellere</strong></span> <span class='ocrx_word' id='word_1_87' title='bbox 1934 1977 2383 2052; x_wconf 87' lang='lat' dir='ltr'><strong>adminiculis</strong></span> <span class='ocrx_word' id='word_1_88' title='bbox 2422 2030 2445 2066; x_wconf 92' lang='lat'>‚</span> <span class='ocrx_word' id='word_1_89' title='bbox 2500 1978 2669 2053; x_wconf 89' lang='lat' dir='ltr'><strong>illud</strong></span> <span class='ocrx_word' id='word_1_90' title='bbox 2732 1981 2821 2055; x_wconf 86' lang='lat' dir='ltr'><strong>ad</strong></span> <span class='ocrx_word' id='word_1_91' title='bbox 2870 1980 2997 2053; x_wconf 89' lang='lat' dir='ltr'><strong>ci-</strong></span> 
     </span>
     <span class='ocr_line' id='line_1_15' title="bbox 863 2092 2995 2194; baseline 0.002 -28"><span class='ocrx_word' id='word_1_92' title='bbox 863 2095 1105 2167; x_wconf 88' lang='lat' dir='ltr'><strong>vitatis</strong></span> <span class='ocrx_word' id='word_1_93' title='bbox 1157 2094 1373 2169; x_wconf 89' lang='lat' dir='ltr'><strong>etiam</strong></span> <span class='ocrx_word' id='word_1_94' title='bbox 1425 2095 1847 2169; x_wconf 88' lang='lat' dir='ltr'><strong>cathedralis</strong></span> <span class='ocrx_word' id='word_1_95' title='bbox 1882 2092 2247 2191; x_wconf 74' lang='lat' dir='ltr'><strong>fastigium</strong></span> <span class='ocrx_word' id='word_1_96' title='bbox 2308 2095 2727 2181; x_wconf 88' lang='lat' dir='ltr'><strong>attollimus,</strong></span> <span class='ocrx_word' id='word_1_97' title='bbox 2766 2119 2995 2194; x_wconf 87' lang='lat' dir='ltr'><strong>eoque</strong></span> 
     </span>
     <span class='ocr_line' id='line_1_16' title="bbox 821 2212 2995 2310; baseline -0.001 -22"><span class='ocrx_word' id='word_1_98' title='bbox 821 2260 826 2288; x_wconf 85' lang='grc'><em>.</em></span> <span class='ocrx_word' id='word_1_99' title='bbox 862 2213 1158 2309; x_wconf 76' lang='lat' dir='ltr'><strong>digniori</strong></span> <span class='ocrx_word' id='word_1_100' title='bbox 1215 2212 1422 2287; x_wconf 85' lang='lat' dir='ltr'><strong>titulo</strong></span> <span class='ocrx_word' id='word_1_101' title='bbox 1465 2214 1705 2310; x_wconf 78' lang='lat' dir='ltr'><strong>augeri</strong></span> <span class='ocrx_word' id='word_1_102' title='bbox 1758 2214 2210 2300; x_wconf 88' lang='lat' dir='ltr'><strong>mandamus,</strong></span> <span class='ocrx_word' id='word_1_103' title='bbox 2242 2212 2573 2287; x_wconf 86' lang='lat' dir='ltr'><strong>omnibus</strong></span> <span class='ocrx_word' id='word_1_104' title='bbox 2608 2224 2685 2287; x_wconf 90' lang='lat' dir='ltr'><strong>et</strong></span> <span class='ocrx_word' id='word_1_105' title='bbox 2734 2214 2995 2310; x_wconf 87' lang='lat' dir='ltr'><strong>singu-</strong></span> 
     </span>
     <span class='ocr_line' id='line_1_17' title="bbox 861 2329 2995 2429; baseline 0.003 -28"><span class='ocrx_word' id='word_1_106' title='bbox 861 2329 948 2402; x_wconf 88' lang='lat' dir='ltr'><strong>lis</strong></span> <span class='ocrx_word' id='word_1_107' title='bbox 984 2330 1394 2415; x_wconf 88' lang='lat' dir='ltr'><strong>honoribus,</strong></span> <span class='ocrx_word' id='word_1_108' title='bbox 1419 2331 1721 2429; x_wconf 82' lang='lat' dir='ltr'><strong>juribus,</strong></span> <span class='ocrx_word' id='word_1_109' title='bbox 1752 2332 2023 2426; x_wconf 84' lang='lat' dir='ltr'><strong>gratiis,</strong></span> <span class='ocrx_word' id='word_1_110' title='bbox 2054 2329 2465 2427; x_wconf 84' lang='lat' dir='ltr'><strong>privilegiis,</strong></span> <span class='ocrx_word' id='word_1_111' title='bbox 2494 2330 2855 2407; x_wconf 83' lang='lat' dir='ltr'><strong>favoribus</strong></span> <span class='ocrx_word' id='word_1_112' title='bbox 2880 2345 2995 2407; x_wconf 85' lang='lat' dir='ltr'><strong>at-</strong></span> 
     </span>
     <span class='ocr_line' id='line_1_18' title="bbox 863 2445 2996 2547; baseline 0.001 -28"><span class='ocrx_word' id='word_1_113' title='bbox 863 2468 1004 2544; x_wconf 90' lang='lat' dir='ltr'><strong>que</strong></span> <span class='ocrx_word' id='word_1_114' title='bbox 1055 2445 1344 2520; x_wconf 84' lang='lat' dir='ltr'><strong>indultis</strong></span> <span class='ocrx_word' id='word_1_115' title='bbox 1395 2446 1775 2521; x_wconf 87' lang='lat' dir='ltr'><strong>fruiturum</strong></span> <span class='ocrx_word' id='word_1_116' title='bbox 1820 2499 1841 2534; x_wconf 89' lang='lat'><strong>,</strong></span> <span class='ocrx_word' id='word_1_117' title='bbox 1915 2446 2171 2542; x_wconf 85' lang='lat' dir='ltr'><strong>quibus</strong></span> <span class='ocrx_word' id='word_1_118' title='bbox 2222 2448 2436 2522; x_wconf 89' lang='lat' dir='ltr'><strong>modo</strong></span> <span class='ocrx_word' id='word_1_119' title='bbox 2500 2461 2777 2523; x_wconf 85' lang='lat' dir='ltr'><strong>ceterae</strong></span> <span class='ocrx_word' id='word_1_120' title='bbox 2838 2451 2996 2547; x_wconf 86' lang='lat' dir='ltr'><strong>epi-</strong></span> 
     </span>
     <span class='ocr_line' id='line_1_19' title="bbox 865 2564 2995 2665; baseline 0 -26"><span class='ocrx_word' id='word_1_121' title='bbox 865 2564 1126 2660; x_wconf 84' lang='lat' dir='ltr'><strong>scopali</strong></span> <span class='ocrx_word' id='word_1_122' title='bbox 1157 2565 1534 2640; x_wconf 84' lang='lat' dir='ltr'><strong>residentia</strong></span> <span class='ocrx_word' id='word_1_123' title='bbox 1585 2566 1913 2639; x_wconf 87' lang='lat' dir='ltr'><strong>civitates</strong></span> <span class='ocrx_word' id='word_1_124' title='bbox 1940 2578 2325 2641; x_wconf 83' lang='lat' dir='ltr'><strong>exornatae</strong></span> <span class='ocrx_word' id='word_1_125' title='bbox 2362 2567 2435 2639; x_wconf 89' lang='lat' dir='ltr'><strong>in</strong></span> <span class='ocrx_word' id='word_1_126' title='bbox 2490 2590 2573 2641; x_wconf 89' lang='lat' dir='ltr'><strong>ea</strong></span> <span class='ocrx_word' id='word_1_127' title='bbox 2630 2566 2995 2665; x_wconf 85' lang='lat' dir='ltr'><strong>Reipubli-</strong></span> 
     </span>
     <span class='ocr_line' id='line_1_20' title="bbox 859 2682 2991 2783; baseline 0.002 -26"><span class='ocrx_word' id='word_1_128' title='bbox 859 2706 986 2757; x_wconf 86' lang='lat' dir='ltr'><strong>cae</strong></span> <span class='ocrx_word' id='word_1_129' title='bbox 1039 2682 1626 2781; x_wconf 80' lang='lat' dir='ltr'><strong>Neogranatensis</strong></span> <span class='ocrx_word' id='word_1_130' title='bbox 1703 2684 1969 2759; x_wconf 88' lang='lat' dir='ltr'><strong>ditione</strong></span> <span class='ocrx_word' id='word_1_131' title='bbox 2048 2686 2398 2760; x_wconf 85' lang='lat' dir='ltr'><strong>ordinario</strong></span> <span class='ocrx_word' id='word_1_132' title='bbox 2470 2687 2629 2783; x_wconf 83' lang='lat' dir='ltr'><strong>jure</strong></span> <span class='ocrx_word' id='word_1_133' title='bbox 2682 2688 2991 2782; x_wconf 80' lang='lat' dir='ltr'><strong>gaudent</strong></span> 
     </span>
     <span class='ocr_line' id='line_1_21' title="bbox 862 2798 2995 2899; baseline 0.002 -27"><span class='ocrx_word' id='word_1_134' title='bbox 862 2812 1077 2898; x_wconf 86' lang='lat' dir='ltr'><strong>atque</strong></span> <span class='ocrx_word' id='word_1_135' title='bbox 1129 2798 1481 2875; x_wconf 81' lang='lat' dir='ltr'><strong>fruuntur.</strong></span> <span class='ocrx_word' id='word_1_136' title='bbox 1517 2801 1621 2874; x_wconf 80' lang='lat' dir='ltr'><strong>Ad</strong></span> <span class='ocrx_word' id='word_1_137' title='bbox 1672 2802 2093 2877; x_wconf 89' lang='lat' dir='ltr'><strong>cathedralis</strong></span> <span class='ocrx_word' id='word_1_138' title='bbox 2145 2824 2427 2899; x_wconf 90' lang='lat' dir='ltr'><strong>quoque</strong></span> <span class='ocrx_word' id='word_1_139' title='bbox 2463 2801 2825 2898; x_wconf 80' lang='lat' dir='ltr'><strong>fastigium</strong></span> <span class='ocrx_word' id='word_1_140' title='bbox 2878 2817 2995 2877; x_wconf 78' lang='lat' dir='ltr'><strong>at-</strong></span> 
     </span>
     <span class='ocr_line' id='line_1_22' title="bbox 862 2916 2995 3014; baseline 0.001 -24"><span class='ocrx_word' id='word_1_141' title='bbox 862 2938 1000 3014; x_wconf 91' lang='lat' dir='ltr'><strong>que</strong></span> <span class='ocrx_word' id='word_1_142' title='bbox 1050 2916 1395 2991; x_wconf 90' lang='lat' dir='ltr'><strong>honorem</strong></span> <span class='ocrx_word' id='word_1_143' title='bbox 1448 2918 1817 2991; x_wconf 86' lang='lat' dir='ltr'><strong>evehimus</strong></span> <span class='ocrx_word' id='word_1_144' title='bbox 1856 2917 2045 2991; x_wconf 90' lang='lat' dir='ltr'><strong>illam</strong></span> <span class='ocrx_word' id='word_1_145' title='bbox 2099 2919 2569 3013; x_wconf 87' lang='lat' dir='ltr'><strong>parochialem</strong></span> <span class='ocrx_word' id='word_1_146' title='bbox 2624 2932 2699 2991; x_wconf 87' lang='lat' dir='ltr'><strong>et</strong></span> <span class='ocrx_word' id='word_1_147' title='bbox 2754 2920 2995 2992; x_wconf 86' lang='lat' dir='ltr'><strong>matri-</strong></span> 
     </span>
     <span class='ocr_line' id='line_1_23' title="bbox 861 3032 2993 3141; baseline 0.003 -36"><span class='ocrx_word' id='word_1_148' title='bbox 861 3052 1016 3141; x_wconf 60' lang='lat' dir='ltr'><strong>cem</strong></span> <span class='ocrx_word' id='word_1_149' title='bbox 1069 3032 1468 3121; x_wconf 90' lang='lat' dir='ltr'><strong>ecclesiam,</strong></span> <span class='ocrx_word' id='word_1_150' title='bbox 1508 3056 1689 3130; x_wconf 88' lang='lat' dir='ltr'><strong>quae</strong></span> <span class='ocrx_word' id='word_1_151' title='bbox 1742 3036 1927 3109; x_wconf 90' lang='lat' dir='ltr'><strong>inter</strong></span> <span class='ocrx_word' id='word_1_152' title='bbox 1980 3035 2151 3108; x_wconf 87' lang='lat' dir='ltr'><strong>alias</strong></span> <span class='ocrx_word' id='word_1_153' title='bbox 2204 3034 2301 3109; x_wconf 89' lang='lat' dir='ltr'><strong>ibi</strong></span> <span class='ocrx_word' id='word_1_154' title='bbox 2353 3036 2622 3109; x_wconf 90' lang='lat' dir='ltr'><strong>eminet</strong></span> <span class='ocrx_word' id='word_1_155' title='bbox 2674 3046 2829 3109; x_wconf 90' lang='lat' dir='ltr'><strong>tum</strong></span> <span class='ocrx_word' id='word_1_156' title='bbox 2866 3058 2993 3111; x_wconf 90' lang='lat' dir='ltr'><strong>ae-</strong></span> 
     </span>
     <span class='ocr_line' id='line_1_24' title="bbox 861 3142 2990 3251; baseline 0.001 -26"><span class='ocrx_word' id='word_1_157' title='bbox 861 3142 1068 3225; x_wconf 85' lang='lat' dir='ltr'><strong>dificii</strong></span> <span class='ocrx_word' id='word_1_158' title='bbox 1095 3152 1559 3247; x_wconf 85' lang='lat' dir='ltr'><strong>amplitudine</strong></span> <span class='ocrx_word' id='word_1_159' title='bbox 1585 3164 1663 3227; x_wconf 88' lang='lat' dir='ltr'><strong>et</strong></span> <span class='ocrx_word' id='word_1_160' title='bbox 1708 3152 2087 3238; x_wconf 83' lang='lat' dir='ltr'><strong>soliditate,</strong></span> <span class='ocrx_word' id='word_1_161' title='bbox 2123 3164 2273 3226; x_wconf 90' lang='lat' dir='ltr'><strong>tum</strong></span> <span class='ocrx_word' id='word_1_162' title='bbox 2326 3176 2523 3228; x_wconf 88' lang='lat' dir='ltr'><strong>sacra</strong></span> <span class='ocrx_word' id='word_1_163' title='bbox 2574 3154 2990 3251; x_wconf 87' lang='lat' dir='ltr'><strong>supellectili</strong></span> 
     </span>
     <span class='ocr_line' id='line_1_25' title="bbox 861 3270 2993 3370; baseline 0.001 -26"><span class='ocrx_word' id='word_1_164' title='bbox 861 3270 950 3345; x_wconf 89' lang='lat' dir='ltr'><strong>ad</strong></span> <span class='ocrx_word' id='word_1_165' title='bbox 1003 3270 1427 3369; x_wconf 87' lang='lat' dir='ltr'><strong>pontificalia</strong></span> <span class='ocrx_word' id='word_1_166' title='bbox 1498 3296 1781 3370; x_wconf 90' lang='lat' dir='ltr'><strong>quoque</strong></span> <span class='ocrx_word' id='word_1_167' title='bbox 1856 3274 2279 3369; x_wconf 85' lang='lat' dir='ltr'><strong>peragenda,</strong></span> <span class='ocrx_word' id='word_1_168' title='bbox 2334 3275 2769 3369; x_wconf 85' lang='lat' dir='ltr'><strong>primaevam</strong></span> <span class='ocrx_word' id='word_1_169' title='bbox 2834 3298 2993 3349; x_wconf 81' lang='lat' dir='ltr'><strong>ser-</strong></span> 
     </span>
     <span class='ocr_line' id='line_1_26' title="bbox 865 3391 2991 3490; baseline 0.004 -29"><span class='ocrx_word' id='word_1_170' title='bbox 865 3402 1192 3465; x_wconf 84' lang='lat' dir='ltr'><strong>vaturam</strong></span> <span class='ocrx_word' id='word_1_171' title='bbox 1245 3391 1355 3465; x_wconf 80' lang='lat' dir='ltr'><strong>sui</strong></span> <span class='ocrx_word' id='word_1_172' title='bbox 1411 3393 1594 3471; x_wconf 80' lang='lat' dir='ltr'><strong>tituli</strong></span> <span class='ocrx_word' id='word_1_173' title='bbox 1674 3394 2222 3477; x_wconf 87' lang='lat' dir='ltr'><strong>invocationem,</strong></span> <span class='ocrx_word' id='word_1_174' title='bbox 2280 3403 2497 3490; x_wconf 87' lang='lat' dir='ltr'><strong>atque</strong></span> <span class='ocrx_word' id='word_1_175' title='bbox 2550 3394 2725 3469; x_wconf 89' lang='lat' dir='ltr'><strong>adeo</strong></span> <span class='ocrx_word' id='word_1_176' title='bbox 2774 3416 2991 3490; x_wconf 86' lang='lat' dir='ltr'><strong>paro-</strong></span> 
     </span>
     <span class='ocr_line' id='line_1_27' title="bbox 860 3504 2989 3609; baseline 0.002 -30"><span class='ocrx_word' id='word_1_177' title='bbox 860 3504 1293 3582; x_wconf 86' lang='lat' dir='ltr'><strong>chialitatem</strong></span> <span class='ocrx_word' id='word_1_178' title='bbox 1345 3532 1510 3583; x_wconf 89' lang='lat' dir='ltr'><strong>cum</strong></span> <span class='ocrx_word' id='word_1_179' title='bbox 1563 3511 1811 3585; x_wconf 86' lang='lat' dir='ltr'><strong>eadem</strong></span> <span class='ocrx_word' id='word_1_180' title='bbox 1865 3512 2263 3583; x_wconf 86' lang='lat' dir='ltr'><strong>animarum</strong></span> <span class='ocrx_word' id='word_1_181' title='bbox 2308 3532 2503 3596; x_wconf 87' lang='lat' dir='ltr'><strong>cura,</strong></span> <span class='ocrx_word' id='word_1_182' title='bbox 2544 3534 2727 3609; x_wconf 87' lang='lat' dir='ltr'><strong>quae</strong></span> <span class='ocrx_word' id='word_1_183' title='bbox 2780 3534 2989 3608; x_wconf 81' lang='lat' dir='ltr'><strong>pror-</strong></span> 
     </span>
     <span class='ocr_line' id='line_1_28' title="bbox 859 3624 2149 3722; baseline 0.002 -27"><span class='ocrx_word' id='word_1_184' title='bbox 859 3644 983 3696; x_wconf 86' lang='lat' dir='ltr'><strong>sus</strong></span> <span class='ocrx_word' id='word_1_185' title='bbox 1036 3635 1118 3697; x_wconf 94' lang='lat' dir='ltr'><strong>ut</strong></span> <span class='ocrx_word' id='word_1_186' title='bbox 1169 3638 1378 3698; x_wconf 90' lang='lat' dir='ltr'><strong>antea</strong></span> <span class='ocrx_word' id='word_1_187' title='bbox 1431 3624 1525 3699; x_wconf 87' lang='lat' dir='ltr'><strong>ibi</strong></span> <span class='ocrx_word' id='word_1_188' title='bbox 1585 3638 1829 3722; x_wconf 85' lang='lat' dir='ltr'><strong>pergat</strong></span> <span class='ocrx_word' id='word_1_189' title='bbox 1880 3627 2149 3698; x_wconf 85' lang='lat' dir='ltr'><strong>navari.</strong></span> 
     </span>
    </p>

    <p class='ocr_par' dir='ltr' id='par_1_3' title="bbox 857 3740 2989 4314">
     <span class='ocr_line' id='line_1_29' title="bbox 1013 3740 2987 3843; baseline 0.003 -28"><span class='ocrx_word' id='word_1_190' title='bbox 1013 3740 1158 3818; x_wconf 89' lang='lat' dir='ltr'><strong>lllic</strong></span> <span class='ocrx_word' id='word_1_191' title='bbox 1211 3744 1424 3841; x_wconf 83' lang='lat' dir='ltr'><strong>igitur</strong></span> <span class='ocrx_word' id='word_1_192' title='bbox 1477 3746 1787 3841; x_wconf 81' lang='lat' dir='ltr'><strong>erigatur</strong></span> <span class='ocrx_word' id='word_1_193' title='bbox 1823 3757 2302 3843; x_wconf 83' lang='lat' dir='ltr'><strong>perpetuoque</strong></span> <span class='ocrx_word' id='word_1_194' title='bbox 2330 3744 2803 3820; x_wconf 87' lang='lat' dir='ltr'><strong>constituatur</strong></span> <span class='ocrx_word' id='word_1_195' title='bbox 2852 3746 2987 3820; x_wconf 89' lang='lat' dir='ltr'><strong>Se-</strong></span> 
     </span>
     <span class='ocr_line' id='line_1_30' title="bbox 857 3860 2987 3961; baseline 0.001 -26"><span class='ocrx_word' id='word_1_196' title='bbox 857 3860 1009 3949; x_wconf 85' lang='lat' dir='ltr'><strong>des,</strong></span> <span class='ocrx_word' id='word_1_197' title='bbox 1051 3860 1400 3937; x_wconf 81' lang='lat' dir='ltr'><strong>Cathedra</strong></span> <span class='ocrx_word' id='word_1_198' title='bbox 1435 3874 1510 3937; x_wconf 87' lang='lat' dir='ltr'><strong>et</strong></span> <span class='ocrx_word' id='word_1_199' title='bbox 1544 3860 1865 3961; x_wconf 84' lang='lat' dir='ltr'><strong>Dignitas</strong></span> <span class='ocrx_word' id='word_1_200' title='bbox 1890 3862 2327 3961; x_wconf 84' lang='lat' dir='ltr'><strong>Episcopalis</strong></span> <span class='ocrx_word' id='word_1_201' title='bbox 2356 3888 2483 3960; x_wconf 88' lang='lat' dir='ltr'><strong>pro</strong></span> <span class='ocrx_word' id='word_1_202' title='bbox 2512 3887 2653 3939; x_wconf 91' lang='lat' dir='ltr'><strong>uno</strong></span> <span class='ocrx_word' id='word_1_203' title='bbox 2688 3864 2987 3961; x_wconf 86' lang='lat' dir='ltr'><strong>posthac</strong></span> 
     </span>
     <span class='ocr_line' id='line_1_31' title="bbox 861 3976 2989 4079; baseline 0.002 -29"><span class='ocrx_word' id='word_1_204' title='bbox 861 3977 1214 4075; x_wconf 87' lang='lat' dir='ltr'><strong>Episcopo</strong></span> <span class='ocrx_word' id='word_1_205' title='bbox 1251 3976 1779 4076; x_wconf 87' lang='lat' dir='ltr'><strong>Pastopolitano</strong></span> <span class='ocrx_word' id='word_1_206' title='bbox 1830 3982 2325 4078; x_wconf 89' lang='lat' dir='ltr'><strong>nuncupando,</strong></span> <span class='ocrx_word' id='word_1_207' title='bbox 2381 3982 2502 4079; x_wconf 89' lang='lat' dir='ltr'><strong>qui</strong></span> <span class='ocrx_word' id='word_1_208' title='bbox 2556 3982 2783 4056; x_wconf 91' lang='lat' dir='ltr'><strong>eidem</strong></span> <span class='ocrx_word' id='word_1_209' title='bbox 2846 3980 2989 4055; x_wconf 88' lang='lat' dir='ltr'><strong>Ca·-</strong></span> 
     </span>
     <span class='ocr_line' id='line_1_32' title="bbox 866 4094 2989 4197; baseline 0.001 -29"><span class='ocrx_word' id='word_1_210' title='bbox 866 4094 1163 4171; x_wconf 83' lang='lat' dir='ltr'><strong>thedrali</strong></span> <span class='ocrx_word' id='word_1_211' title='bbox 1217 4096 1596 4186; x_wconf 86' lang='lat' dir='ltr'><strong>Ecclesiae,</strong></span> <span class='ocrx_word' id='word_1_212' title='bbox 1627 4097 1940 4173; x_wconf 68' lang='lat' dir='ltr'><strong>‘Civitati</strong></span> <span class='ocrx_word' id='word_1_213' title='bbox 1966 4122 2050 4174; x_wconf 88' lang='lat' dir='ltr'><strong>ac</strong></span> <span class='ocrx_word' id='word_1_214' title='bbox 2085 4098 2430 4188; x_wconf 88' lang='lat' dir='ltr'><strong>Dioecesi,</strong></span> <span class='ocrx_word' id='word_1_215' title='bbox 2460 4098 2773 4197; x_wconf 90' lang='lat' dir='ltr'><strong>adeoque</strong></span> <span class='ocrx_word' id='word_1_216' title='bbox 2826 4099 2989 4173; x_wconf 89' lang='lat' dir='ltr'><strong>uni-</strong></span> 
     </span>
     <span class='ocr_line' id='line_1_33' title="bbox 859 4212 2981 4314; baseline 0.001 -29"><span class='ocrx_word' id='word_1_217' title='bbox 859 4235 1068 4287; x_wconf 85' lang='lat' dir='ltr'><strong>verso</strong></span> <span class='ocrx_word' id='word_1_218' title='bbox 1121 4212 1304 4289; x_wconf 87' lang='lat' dir='ltr'><strong>illius</strong></span> <span class='ocrx_word' id='word_1_219' title='bbox 1383 4212 1588 4291; x_wconf 83' lang='lat' dir='ltr'><strong>Clero</strong></span> <span class='ocrx_word' id='word_1_220' title='bbox 1664 4229 1741 4291; x_wconf 87' lang='lat' dir='ltr'><strong>et</strong></span> <span class='ocrx_word' id='word_1_221' title='bbox 1800 4217 2059 4314; x_wconf 89' lang='lat' dir='ltr'><strong>populo</strong></span> <span class='ocrx_word' id='word_1_222' title='bbox 2132 4216 2203 4289; x_wconf 86' lang='lat' dir='ltr'><strong>in</strong></span> <span class='ocrx_word' id='word_1_223' title='bbox 2284 4213 2589 4293; x_wconf 88' lang='lat' dir='ltr'><strong>Domino</strong></span> <span class='ocrx_word' id='word_1_224' title='bbox 2665 4217 2933 4311; x_wconf 85' lang='lat' dir='ltr'><strong>praesit</strong></span> <span class='ocrx_word' id='word_1_225' title='bbox 2960 4267 2981 4302; x_wconf 98' lang='lat'><strong>,</strong></span> 
     </span>
    </p>
   </div>
   <div class='ocr_carea' id='block_1_2' title="bbox 3296 326 3300 1013">
    <p class='ocr_par' dir='ltr' id='par_1_4' title="bbox 3296 326 3300 1013">
     <span class='ocr_line' id='line_1_34' title="bbox 3296 326 3300 1013; baseline 0 0"><span class='ocrx_word' id='word_1_226' title='bbox 3296 326 3300 1013; x_wconf 95' lang='lat' dir='ltr'><strong> </strong></span> 
     </span>
    </p>
   </div>
   <div class='ocr_carea' id='block_1_3' title="bbox 3294 1320 3302 2575">
    <p class='ocr_par' dir='ltr' id='par_1_5' title="bbox 3294 1320 3302 2575">
     <span class='ocr_line' id='line_1_35' title="bbox 3294 1320 3302 2575; baseline 0 0"><span class='ocrx_word' id='word_1_227' title='bbox 3294 1320 3302 2575; x_wconf 95' lang='lat' dir='ltr'><strong> </strong></span> 
     </span>
    </p>
   </div>
   <div class='ocr_carea' id='block_1_4' title="bbox 3292 2874 3302 4653">
    <p class='ocr_par' dir='ltr' id='par_1_6' title="bbox 3292 2874 3302 4653">
     <span class='ocr_line' id='line_1_36' title="bbox 3292 2874 3302 4653; baseline 0 0"><span class='ocrx_word' id='word_1_228' title='bbox 3292 2874 3302 4653; x_wconf 95' lang='lat' dir='ltr'><strong> </strong></span> 
     </span>
    </p>
   </div>
  </div>
 </body>
</html>
