3317 5267
892 445 1034 513 482

885 557 1368 654 proximorum
1423 551 1815 628 ministerio
1870 551 2341 648 mancipatuS,
2380 552 2643 626 mirum
2692 561 2802 626 est
2858 573 3013 648 qna

882 676 1240 750 alacritate
1269 672 1499 747 nullis
1551 671 1819 744 fractus
1868 668 2223 745 laboribus
2260 669 2614 767 nullisque
2666 669 3013 766 periculis

881 794 1258 867 deterritus
1297 791 1384 865 ad
1409 809 1825 886 supremum
1861 811 2084 884 usque
2112 788 2443 883 spiritum
2468 785 3009 862 franciscalibus

881 932 1076 982 sacra
1127 904 1630 1005 peragentibus
1686 905 2106 978 inservierit.

1033 1029 1096 1122 ς).
1158 1031 1280 1099 2¹.
1339 1025 1650 1101 {oachim
1688 1024 2017 1120 Saquijor
2046 1024 2311 1098 Usacae
2348 1025 2419 1098 in
2448 1023 2749 1119 Japonia
2782 1036 3009 1096 natus

878 1145 1302 1220 nosocomiis
1351 1142 1654 1216 fratrum
1693 1140 2043 1216 Minox-um
2094 1143 2273 1216 escis
2308 1141 2633 1238 parandis
2660 1141 3009 1214 inservie-

873 1262 1022 1334 bat.
1083 1259 1479 1336 Christiana
1511 1281 1695 1334 uxor
1728 1259 1960 1332 virum
2014 1260 2209 1354 gravi
2246 1257 2495 1334 morbo
2548 1257 2999 1332 laborantem

873 1380 1136 1455 accitos
1172 1376 1622 1452 franciscales
1657 1376 1977 1472 rogabat,
2004 1389 2089 1449 ut
2136 1375 2563 1473 baptismate
2589 1374 2991 1449 abluerent.

868 1496 958 1569 Hi
997 1521 1166 1572 vero
1195 1515 1358 1570 cum
1397 1497 1826 1582 renuissent,
1856 1495 2101 1568 aberat
2134 1496 2323 1568 enim
2362 1496 2743 1568 imminens
2786 1515 3025 1566 mor--

875 1617 960 1687 tis
993 1613 1408 1710 periculum,
1465 1612 1897 1686 catechistae
1926 1612 2361 1686 tradiderunt
2400 1611 2559 1686 fidei
2588 1609 2995 1707 praeceptis

869 1731 1355 1804 erudiendum.
1393 1728 1470 1800 ln
1506 1729 1761 1802 mortis
1800 1749 2025 1823 agone
2052 1727 2315 1801 iterum
2367 1737 2690 1801 versatus
2740 1739 2821 1800 et
2852 1725 2993 1798 ba-

867 1849 1210 1944 ptismate
1265 1847 1544 1921 ablutus
1575 1869 1831 1943 magno
1858 1848 2123 1921 exarsit
2146 1847 2571 1920 christianae
2596 1843 2987 1943 perfectio-

866 1966 976 2036 nis
1032 1987 1298 2038 amore.
1341 1961 1517 2037 Cum
1559 1963 2054 2050 convaluisset,
2110 1962 2409 2058 conjuge
2460 1962 2727 2048 relicta,
2768 1961 2987 2036 tertio

863 2083 1090 2155 sancti
1145 2081 1494 2154 Francisci
1546 2078 1789 2184 Ordini
1842 2080 2233 2175 adscriptus
2276 2092 2413 2152 est.

1013 2201 1080 2292 §,
1142 2204 1266 2270 22.
1311 2198 1805 2272 Bonaventura
1833 2209 1957 2271 aut
1996 2196 2309 2271 Ventura
2360 2195 2781 2292 Japonensis
2818 2217 2981 2268 ma-

867 2327 1052 2387 trem
1089 2314 1474 2400 ethnicam,
1505 2329 1781 2410 patrem
1812 2335 1977 2386 vero
2012 2313 2473 2387 christianum
2500 2314 2796 2388 sortitus
2832 2324 2975 2396 est,

856 2432 978 2527 qui
1032 2451 1332 2526 puerum
1397 2433 1616 2504 sacris
1671 2431 1877 2504 undis
1930 2452 2345 2526 regenerare
2396 2431 2643 2504 voluit.
2708 2427 2975 2525 Viginti

855 2569 1202 2618 annorum
1257 2547 1512 2642 spatio,
1569 2547 1735 2620 lieet
1768 2547 2235 2620 conscientiae
2288 2545 2593 2619 stimulis
2646 2547 2975 2642 exagita-

859 2676 1001 2749 tus,
1057 2663 1479 2758 flagitiosam
1510 2666 1730 2740 vitam
1786 2668 2037 2762 degere
2087 2667 2275 2739 haud
2315 2665 2589 2761 puduit.
2622 2662 2760 2737 Ubi
2800 2687 2973 2738 vero

853 2803 892 2851 a
947 2778 1281 2854 fratribus
1319 2779 1705 2855 Minoribus
1742 2784 1965 2858 officia
2016 2783 2308 2868 audivit,
2346 2780 2605 2878 quibus
2656 2803 2733 2855 se
2790 2779 2971 2854 sub-

841 2897 1117 2994 jecerat
1169 2920 1332 2972 cum
1385 2921 1584 2973 sacro
1621 2899 2047 2995 baptismate
2084 2898 2367 2973 ablutus
2422 2897 2674 2985 fuerat,
2734 2897 2971 2972 uber-

847 3016 1030 3090 rimo
1075 3015 1570 3110 lacrymarum
1646 3015 1871 3090 imbre
1943 3014 2268 3113 perfusus
2318 3038 2587 3090 novum
2666 3014 2963 3090 induere

845 3133 1210 3207 hominem
1261 3132 1452 3206 illico
1503 3133 1757 3205 statuit
1786 3185 1807 3220 ,
1887 3133 2301 3228 veniamque
2352 3133 2443 3206 ab
2495 3132 2581 3204 iis
2632 3153 2956 3217 exorare,

843 3271 1022 3344 quos
1074 3260 1284 3322 antea
1323 3246 1564 3344 pravis
1593 3246 1907 3322 moribus
1932 3245 2341 3322 offenderat.
2385 3245 2510 3320 Die
2563 3245 2749 3322 festo
2800 3269 2965 3319 ma-

845 3387 982 3459 gna
1033 3365 1274 3460 populi
1327 3365 1723 3460 frequentia
1776 3389 1979 3440 sacco
2030 3377 2105 3438 et
2154 3367 2377 3439 cilicio
2422 3365 2709 3438 indutus
2764 3377 3001 3468 tem--

841 3483 1040 3578 pium
1091 3482 1342 3557 beatae
1395 3481 1655 3557 Mariae
1714 3483 2015 3580 Virginis
2052 3483 2480 3580 Angelorum
2533 3477 2814 3580 reginae
2850 3484 2959 3555 in-

841 3621 1124 3696 gressus
1201 3613 1566 3676 anteactae
1647 3602 1837 3674 vitae
1889 3603 2183 3675 crimina
2270 3603 2633 3676 detestans
2702 3602 2953 3676 multis

837 3719 1162 3810 precibus
1199 3743 1240 3791 a
1277 3729 1476 3816 patre
1531 3719 1745 3792 Petro
1781 3721 2098 3818 Baptista
2151 3721 2541 3817 poenitenti
2584 3733 2779 3794 veste
2832 3745 2953 3796 se-

830 3837 1100 3933 raphici
1129 3835 1355 3911 Patris
1383 3838 1576 3910 indui
1603 3839 2031 3934 imploravit.
2061 3837 2415 3913 Ecclesiae
2462 3839 2949 3914 communioni

831 3953 1200 4029 restitutus
1247 3974 1635 4050 ’nunquam
1718 3977 1795 4028 se
1846 3977 1886 4026 a
1941 3953 2235 4030 fratrum
2312 3954 2663 4030 Minorum
2714 3954 2941 4030 latere

828 4071 1045 4148 dividi
1097 4093 1346 4171 passus
1399 4081 1533 4146 eet.
1595 4069 2043 4146 Postremum
2096 4097 2173 4148 se
2226 4073 2546 4148 omnium
2602 4083 2941 4171 reputans
