3317 5267
895 440 988 510 88

884 550 1351 649 perduellium
1401 552 1848 627 subditorum
1887 574 2129 640 ausus,
2169 566 2494 641 conatus,
2533 552 2810 650 illisque
2874 554 3026 629 for-

890 672 1061 745 titer
1112 670 1483 747 obsistere.
2483 746 2490 751 .

1046 790 1293 887 ltaque
1346 802 1726 888 postquam
1777 813 1906 886 per
1959 788 2533 865 reclamationem
2569 788 2808 865 Nostri
2843 788 3028 863 Car—

886 908 1142 983 dinalis
1194 907 1565 983 secretarii
1618 908 1863 982 Status
1901 909 2197 981 missam
2234 908 2320 983 ad
2359 930 2608 983 omnes
2645 906 3022 995 OratoreS,

884 1025 1246 1100 Ministros
1330 1036 1406 1099 et
1455 1025 1905 1121 negotiorum
1983 1024 2320 1101 Gestores
2401 1036 2806 1101 exterarum
2887 1052 3026 1101 na-

876 1144 1168 1219 ·tionum
1246 1144 1434 1240 apud
1509 1141 1655 1218 Nos
1696 1195 1717 1230 ‚
1799 1154 1876 1216 et
1949 1144 2136 1217 hanc
2219 1144 2295 1217 S.
2375 1143 2632 1218 Sedem
2713 1144 3024 1220 nefarios
3143 1154 3152 1163 ’

881 1260 1289 1337 huiusmodi
1368 1261 1736 1337 rebellium
1817 1285 2032 1337 ausus
2111 1261 2650 1361 reprobavimus
2729 1287 2812 1337 ac
2889 1265 3028 1338 de·-

890 1380 1135 1453 testati
1212 1402 1461 1455 sumus
1490 1433 1511 1468 ,
1593 1402 1784 1453 nunc
1865 1380 1938 1452 in
2017 1379 2465 1477 amplissimo
2545 1378 2680 1456 hoc
2767 1380 3024 1455 Vestro

890 1494 1247 1573 Consessu
1275 1551 1296 1586 ‚
1355 1496 1806 1573 Venerabiles
1861 1496 2144 1573 Fratres
2177 1552 2198 1586 ,
2271 1499 2604 1574 Nostram
2684 1498 3024 1572 attollen-

892 1627 1004 1691 tes
1056 1636 1335 1704 vocem‚
1390 1616 1639 1691 maiori
1675 1636 1816 1711 qua
1852 1636 2240 1709 possumus
2291 1616 2517 1690 animi
2553 1614 2798 1691 Nostri
2851 1638 3034 1690 con-

888 1734 1236 1820 tentione,
1284 1744 1766 1830 protestamur
1814 1744 2064 1810 contra
2117 1754 2204 1805 ea
2256 1733 2496 1807 omnia
2536 1784 2558 1820 ,
2615 1753 2800 1829 quae
2851 1754 3024 1828 per-

886 1851 1155 1926 duelles
1231 1852 1303 1925 in
1388 1852 1963 1929 commemoratis
2041 1849 2216 1925 locis
2299 1872 2510 1947 agere
2564 1852 2716 1925 ausi
2771 1863 2944 1923 sunt
2979 1900 3006 1937 ‚

886 1984 963 2047 et
1014 1994 1347 2070 suprema
1424 1971 1680 2048 Nostra
1731 1971 2153 2047 auctoritate
2232 1970 2657 2045 damnamus
2686 2022 2707 2057 ‚
2767 1958 3020 2067 repro-

888 2088 1143 2165 bamus
1182 2142 1203 2177 ,
1284 2088 1748 2164 rescindimus
1779 2142 1801 2179 ‚
1859 2087 2228 2164 abolemus
2297 2109 2550 2160 omnes
2611 2098 2690 2161 et
2767 2087 3022 2183 singu-

887 2208 995 2283 los
1072 2220 1275 2283 actus
1350 2220 1508 2283 tum
1584 2206 1940 2283 Bononiae
1982 2257 2003 2291 ,
2084 2215 2241 2278 tum
2323 2204 2708 2279 Ravennae
2752 2255 2775 2292 ,
2857 2215 3018 2277 tum

890 2326 1222 2403 Perusiae
1250 2380 1271 2416 ‚
1347 2339 1503 2402 tum
1572 2326 1740 2400 alibi
1809 2324 1900 2399 ab
1971 2325 2144 2422 ipsis
2217 2324 2696 2422 perduellibus
2765 2334 3018 2398 contra

886 2464 1167 2517 sacrum
1230 2442 1767 2539 legitimumque
1837 2441 2174 2519 Nostrum
2207 2496 2228 2531 ,
2303 2455 2378 2516 et
2451 2442 2662 2517 huius
2729 2442 2802 2516 S.
2879 2440 3020 2515 Se-

883 2559 995 2633 dis
1046 2559 1531 2657 Principatum
1585 2562 1838 2658 quovis
1893 2562 2105 2637 modo
2159 2560 2396 2634 factos
2439 2571 2514 2633 et
2565 2559 2960 2657 appellatos
2990 2612 3015 2647 ,

882 2687 961 2750 et
1012 2676 1299 2752 eosdem
1352 2688 1553 2751 actus
1605 2678 1844 2752 irritos
1897 2678 2216 2764 omnino,
2276 2677 2711 2772 illegitimos,
2769 2688 2846 2750 et
2893 2700 3010 2750 sa·-

884 2793 1181 2891 crilegos
1250 2815 1407 2867 esse
1479 2794 1920 2868 declaramus
1950 2846 1972 2882 ,
2048 2804 2265 2893 atque
2339 2794 2815 2867 decernimus.
2890 2792 3018 2867 ln-

884 2934 1099 3008 super
1148 2912 1221 2985 in
1292 2914 1613 2988 omnium
1684 2913 2102 2989 memoriam
2175 2936 2592 2989 revocamus
2663 2914 3010 2987 maiorem

880 3032 1692 3107 excommunicationem
1731 3086 1752 3121 ,
1835 3034 2147 3131 aliasque
2229 3031 2740 3106 ecclesiasticas
2816 3056 3002 3128 poe-

884 3171 1013 3223 nas
1090 3161 1166 3223 et
1234 3172 1569 3225 censuras
1646 3174 1690 3225 a
1760 3152 1979 3227 sacris
2053 3150 2462 3226 Canonihus
2501 3203 2522 3238 ,
2607 3150 3010 3247 apostolicis

886 3264 1529 3345 constitutionibus
1562 3322 1583 3357 ,
1640 3282 1716 3344 et
1767 3266 2221 3345 Generalium
2273 3266 2750 3345 Conciliorum
2786 3320 2808 3356 ,
2849 3267 3012 3342 Tri-

882 3384 1157 3460 dentini
1208 3387 1627 3484 praesertim
1681 3384 1903 3487 (Sess.
1961 3392 2056 3460 22
2108 3411 2269 3485 cap.
2337 3390 2458 3475 ¹1,
2511 3386 2602 3461 de
2655 3382 3010 3485 Reform.)

883 3504 1185 3579 decretis
1236 3504 1561 3595 inflictaS,
1616 3518 1693 3581 et
1745 3506 1884 3581 ulla
1937 3505 2206 3603 absque
2258 3506 2734 3581 declaratione
2773 3503 3014 3577 incur-

884 3624 1139 3699 rendas
1190 3624 1281 3699 ab
1332 3626 1417 3699 iis
1470 3626 1800 3701 omnibus
1831 3678 1852 3713 ‚
1907 3626 2028 3722 qui
2079 3624 2334 3722 quovis
2373 3624 2586 3699 modo
2639 3634 3010 3717 tempora-

878 3740 1021 3817 lem
1106 3742 1412 3817 Romani
1491 3742 1850 3819 Pontificis
1932 3754 2368 3840 potestatem
2457 3743 2805 3839 impetere
2876 3764 3009 3814 au·

878 3860 1121 3933 deant:
1179 3863 1251 3933 in
1302 3884 1481 3959 quas
1533 3862 1834 3959 proinde
1885 3884 2009 3936 eos
2067 3884 2319 3937 omnes
2357 3860 2618 3935 misere
2671 3857 3006 3932 incidisse

881 3977 1317 4053 declaramus
1370 3980 1491 4077 qui
1544 3978 1900 4055 Bononiae
1931 4031 1952 4069 ,
2009 3960 2419 4067 Ravennae,
2486 3974 2820 4051 Perusiae
2849 4027 2872 4061 ,
2927 3988 3006 4049 et

878 4096 1043 4169 alibi
1096 4098 1373 4172 civilem
1428 4098 1764 4175 Nostram
1795 4152 1817 4188 ,
1871 4110 1948 4174 et
1996 4098 2210 4174 huius
2263 4097 2568 4198 Sanctae
2620 4096 2822 4171 Sedis
2873 4118 3009 4191 po—

887 4228 1224 4291 testatem
1256 4270 1275 4303 ,
1332 4229 1407 4291 et
1458 4218 2010 4294 iurisdictionem
2045 4271 2064 4306 ,
2123 4240 2218 4291 ac
2253 4210 2456 4291 Beati
2533 4212 2728 4289 Petri
2781 4216 3010 4312 patri-
