3317 5267
274 549 434 623 alias
463 563 602 642 per
637 543 1126 640 quoscumque
1155 543 1428 638 judices
1463 544 1852 619 ordinarios
1899 542 2011 617 vel
2036 542 2403 640 delegatos

277 665 528 765 quavis
577 660 998 735 auctoritate
1051 659 1402 757 fulgentes
1439 663 1658 735 etiam
1708 682 2095 735 causarum
2150 657 2401 735 Palatii

279 783 656 881 Apostolici
711 780 1086 855 Auditores
1147 805 1228 854 ac
1281 782 1356 855 S.
1419 782 1508 855 R.
1566 780 1927 855 Ecclesiae
1991 779 2407 855 Cardinales

281 902 490 974 etiam
543 900 630 972 de
679 898 900 971 latere
954 895 1281 993 Legatos,
1327 896 1767 995 Vico-legato
1786 921 1821 970 s
1858 908 1935 971 et
1963 895 2409 993 Apostolicae

279 1017 472 1091 Sedis
531 1015 864 1102 NuncioS,
912 1037 994 1089 ac
1041 1015 1214 1089 alios
1265 1036 1755 1111 quoscumque
1834 1015 2089 1111 quavis
2142 1026 2404 1089 aucto-
2462 1004 2467 1009 ’

278 1133 513 1218 ritate,
569 1144 954 1229 potestate,
993 1134 1510 1231 praerogativa,
1551 1132 1953 1230 privilegio,
1987 1132 2285 1219 honore,
2328 1142 2403 1205 et

282 1251 832 1347 praeeminentia
869 1248 1261 1349 fulgentes,
1318 1250 1596 1325 sublata
1631 1252 1737 1324 eis
1770 1262 1849 1325 et
1900 1272 2143 1325 eorum
2196 1248 2401 1323 cuili-

272 1367 392 1441 bet
439 1366 690 1464 quavis
767 1365 970 1441 aliter
1042 1366 1400 1464 judicandi
1445 1379 1528 1443 et
1580 1366 2103 1463 interpretandi
2179 1365 2403 1439 facul-

273 1494 414 1557 tate
449 1495 526 1555 et
555 1482 1006 1583 auctoritate,
1039 1480 1338 1576 judicari
1367 1492 1442 1557 et
1467 1483 1746 1557 definiri
1778 1481 2067 1569 debere,
2092 1492 2169 1557 et
2196 1481 2404 1579 quid·-

277 1599 439 1697 quid
491 1620 696 1671 secus
749 1618 962 1691 super
1011 1596 1124 1671 his
1172 1621 1213 1670 a
1261 1620 1620 1696 quoquam
1676 1598 1927 1695 quavis
1980 1598 2407 1673 auctoritate

274 1716 574 1789 scienter
627 1714 742 1786 vel
794 1714 1198 1809 ignoranter
1272 1716 1655 1814 contigerit
1734 1716 2075 1791 attentari
2126 1716 2407 1791 irritum

275 1843 348 1906 et
401 1833 612 1905 inane
664 1830 1134 1906 decernimus.

422 1946 577 2036 Quo
605 1948 788 2021 circa
817 1946 1084 2023 Dilecto
1111 1949 1286 2025 Filio
1314 1949 1638 2026 Praesuli
1672 1950 1973 2027 Martiali
2001 1948 2261 2025 Mariae
2274 1950 2405 2023 Te-

273 2066 472 2139 stard
521 2065 620 2139 du
671 2062 986 2164 Cosquer
1041 2065 1488 2163 Apostolicae
1529 2068 1731 2143 Sedis
1784 2065 2277 2143 Protonotario
2328 2077 2406 2141 et

275 2182 462 2277 apud
497 2182 862 2257 laudatum
913 2179 1258 2259 Haitanae
1307 2185 1760 2280 Reipublicae
1812 2183 2253 2261 Gubernium
2316 2186 2401 2261 ad

271 2298 562 2373 interim
587 2298 909 2396 delegato
938 2298 1340 2396 Apostolico
1377 2324 1504 2397 per
1537 2302 1729 2399 ipsos
1770 2314 2179 2398 praesentes
2214 2324 2404 2377 com-

273 2414 628 2489 mittimus
681 2425 758 2487 et
812 2416 1254 2505 mandamuS,
1293 2429 1644 2515 quatenus
1708 2419 1797 2495 ad
1848 2418 2402 2515 exequutionem

275 2532 828 2625 praemissorum
856 2533 1172 2606 omnium
1204 2536 1564 2631 procedat,
1595 2537 2025 2611 necessarias
2052 2546 2129 2609 et
2156 2556 2407 2632 oppor-

277 2658 482 2720 tunas
509 2647 596 2719 iis
621 2647 1090 2744 impertiendo
1118 2648 1519 2740 facultates,
1547 2652 1807 2751 quibus
1832 2652 1893 2727 is
1922 2652 2011 2725 ad
2037 2651 2107 2725 id
2134 2650 2405 2749 negotii

279 2763 577 2837 alteram
631 2766 952 2840 idoneam
1006 2767 1446 2865 probamque
1495 2790 1871 2867 personam
1926 2770 1999 2841 in
2037 2766 2399 2865 Dignitate

267 2876 764 2955 Ecclesiastica
813 2883 1278 2957 constitutam
1329 2884 1788 2981 subdelegare
1840 2883 2107 2973 valeat3
2143 2886 2247 2958 ita
2284 2897 2399 2957 ta·-

267 3018 435 3071 men
491 3010 572 3071 ut
623 2997 814 3071 idem
865 2997 1154 3073 Praesul
1207 2998 1546 3075 Martialis
1599 3000 1819 3075 Maria
1874 3000 1981 3074 vel
2026 3001 2181 3098 ejus
2216 3000 2402 3077 sub.-

268 3113 634 3212 delegatus
687 3136 772 3189 ea
823 3127 1076 3189 cuncta
1129 3117 1354 3212 possit
1407 3126 1482 3190 et
1531 3126 1809 3213 satagat
1842 3116 2227 3204 declarare,
2270 3140 2398 3191 cu·

271 3254 462 3320 rare,
493 3256 575 3308 ac
602 3233 816 3307 etiam
843 3232 1230 3319 definitive,
1259 3234 1452 3307 omni
1483 3234 1959 3330 appellatione
1980 3256 2193 3331 super
2220 3257 2399 3333 qua·-

261 3373 572 3449 cumque
625 3352 1240 3427 animadversione
1292 3351 1823 3448 quomodolibet
1858 3350 2097 3428 forsan
2132 3354 2401 3430 oritura

266 3471 556 3565 penitus
607 3482 906 3557 remota,
961 3472 1336 3545 decernere
1387 3486 1572 3566 quae
1607 3471 2010 3547 conducant
2052 3470 2139 3548 ad
2192 3493 2401 3568 prae-

264 3589 488 3663 missa
539 3591 782 3667 omnia
829 3588 1050 3685 probe
1097 3588 1536 3686 feliciterque
1588 3588 2037 3685 perficienda.
2100 3630 2107 3637 ·

401 3705 556 3781 Non
583 3705 1030 3784 obstantibus
1057 3705 1328 3784 Nostris
1355 3716 1430 3779 et
1455 3703 1923 3781 Cancellariae
1954 3704 2396 3801 Apostolioae

262 3824 532 3920 regulis
553 3824 778 3899 etiam
801 3824 1034 3922 quoad
1061 3824 1324 3920 gratias
1349 3846 1492 3899 non
1524 3822 2006 3922 concedendas
2030 3823 2119 3901 ad
2146 3823 2401 3909 instar,

262 3964 356 4017 ae
373 3940 742 4038 quibusvis
760 3943 978 4016 etiam
997 3942 1068 4016 in
1083 3940 1576 4039 Synodalibus,
1592 3937 2403 4027 Provincialibus,Gene-

255 4058 532 4133 ralibus
561 4070 636 4133 et
647 4058 1174 4133 Universalibus
1187 4055 1514 4135 Conciliis
1541 4058 1775 4146 editis,
1794 4055 1909 4132 vel
1934 4057 2223 4146 edendis
2245 4080 2403 4153 spe-

261 4178 566 4255 cialibus
592 4180 703 4255 vel
731 4179 1174 4275 generalibus
1203 4174 1829 4255 constitutionibus
1868 4176 1983 4251 vel
2016 4176 2399 4258 ordinatio-

1831 4294 1927 4365 20
