3317 5267
888 456 1033 641 Ξίῗθ
1070 565 1392 642 velimus.
1432 565 1613 643 Hinc
1638 570 2090 665 septuaginta
2119 532 2252 643 *sex
2291 570 2728 649 venerabiles
2765 570 3028 649 fratroe

892 683 1157 757 Galliae
1234 704 1595 759 sacrorum
1677 683 2052 759 Antistites
2101 708 2268 761 suas
2319 688 2406 761 ad
2475 712 2606 763 nos
2680 690 3036 764 dederunt
3175 712 3192 735 ·

895 799 1228 888 Litteras,
1284 799 1541 897 quibus
1594 802 1900 897 idipsum
1957 826 1998 875 a
2041 800 2245 878 nobis
2295 804 2504 879 enixe
2541 806 3023 901 postularunt.

890 918 1037 995 Nos
1086 919 1301 1015 igitur
1350 920 1523 993 dum
1586 922 2060 1016 amplissimas
2139 920 2408 997 eisdem
2491 920 3032 999 venerabilibus

892 1034 1282 1125 Fratribus,
1324 1058 1407 1111 ac
1444 1038 1720 1113 dilectis
1758 1039 1950 1115 Filiis
1987 1038 2230 1115 laudes
2266 1040 2680 1131 deferimus,
2715 1043 2842 1140 qui
2889 1044 3036 1118 hoc

892 1153 1082 1231 facto
1133 1155 1525 1231 luculenter
1574 1159 1986 1247 ostendunt,
2041 1182 2125 1233 ac
2177 1171 2534 1235 testantur
2584 1183 2728 1258 quo
2779 1162 3038 1259 singu-

888 1270 1015 1345 lari
1072 1294 1313 1351 amore
1344 1326 1365 1362 ‚
1420 1274 1760 1374 obsequio
1797 1298 1880 1351 ac
1916 1280 2369 1353 veneratione
2410 1278 2808 1353 Romanam
2859 1302 3040 1375 pro-

892 1401 1281 1487 sequantur
1332 1392 1750 1482 Ecclesiam,
1811 1404 1886 1469 et
1933 1416 2154 1492 quam
2217 1395 2680 1473 vehementer
2733 1396 2870 1491 ipsi
2915 1420 3038 1471 cu-

892 1506 1092 1603 piant
1141 1532 1307 1583 suos
1362 1508 1696 1598 elericos,
1746 1522 1822 1583 et
1873 1510 2287 1587 Sacerdotes
2335 1512 2556 1587 sacris
2607 1512 3076 1607 praesertim,

894 1626 1283 1722 disciplinis
1356 1640 1683 1703 accurate
1723 1680 1746 1717 ,
1803 1633 2230 1727 penitusque
2307 1627 2534 1704 imbui
2579 1639 2657 1703 et
2707 1629 2972 1703 erudiri
3013 1680 3036 1717 ,

896 1746 1193 1843 illosque
1246 1746 1319 1819 in
1371 1746 1621 1821 iisdem
1674 1748 1894 1823 sacris
1945 1748 2332 1845 disciplinis
2369 1748 2680 1823 doctoris
2713 1745 3038 1821 lauream

892 1864 966 1937 in
1018 1862 1153 1937 hac
1191 1861 1381 1937 Urbe
1416 1865 1782 1961 consequi,
1821 1867 2237 1943 eorumdem
2279 1863 2804 1941 venerabilium
2857 1864 3042 1939 Fra-

896 1992 1115 2069 trum,
1156 2003 1239 2054 ac
1264 1980 1688 2055 dilectorum
1723 1980 2061 2057 Filiorum
2099 1983 2428 2081 precibus
2457 1983 2786 2079 votisque
2811 2004 3036 2079 quam

891 2097 1359 2202 libentissime
1413 2099 1872 2173 annuendum
1923 2122 2082 2174 esse
2135 2100 2545 2175 censuimus
2575 2151 2598 2186 ‚
2653 2120 2740 2173 ea
2791 2099 3042 2195 poth-

890 2215 1156 2288 simum
1220 2238 1351 2311 spe
1400 2213 1565 2289 freti
1614 2213 1792 2303 fore,
1847 2228 1932 2290 ut
1967 2216 2116 2295 Deo
2149 2219 2334 2293 bene
2366 2218 2666 2314 juvante
2717 2218 3043 2291 maxima

896 2354 989 2406 ex
1040 2332 1447 2429 huiusmodi
1524 2333 1922 2411 Seminario
1974 2336 2048 2408 in
2099 2358 2254 2410 rem
2305 2335 2730 2410 catholicam
2769 2386 2792 2421 ,
2831 2346 2908 2408 et
2959 2336 3038 2409 in

892 2447 1159 2523 Galliae
1210 2454 1635 2547 praesertim
1663 2451 2016 2528 Ecclesias
2067 2452 2256 2529 bona
2307 2454 2730 2527 redundent.
2759 2448 3044 2541 Quam·-

896 2570 1142 2645 obrcm
1192 2570 1387 2647 hisce
1440 2568 1734 2647 Litteris
1795 2583 2439 2649 commemoratum
2503 2568 2852 2645 Gallicum
2915 2570 3045 2646 Se-

894 2687 1275 2761 minarium
1326 2710 1367 2761 a
1420 2688 1776 2784 praedicta
1841 2686 2404 2787 Congregatione
2443 2688 2688 2764 Sancti
2727 2687 3046 2785 Spiritus

905 2816 982 2881 et
1033 2805 1477 2879 Immaculati
1510 2803 1758 2883 Cordis
1791 2806 2052 2883 Mariae
2083 2806 2202 2881 hic
2263 2806 2338 2881 in
2411 2806 2596 2881 Urbe
2629 2805 3036 2896 fundatum,

892 2925 1189 3021 ejusque
1240 2924 1516 3021 regulas
1547 2976 1568 3011 ,
1624 2948 1754 2999 seu
1806 2925 1998 3022 leges
2051 2928 2478 3001 auctoritate
2532 2924 2792 2999 Nostra
2847 2924 3046 3021 Apo-

893 3040 1143 3117 stolica
1192 3042 1718 3131 confirmamus,
1775 3064 2036 3140 easque
2089 3043 2466 3141 diligenter
2515 3041 2786 3117 servari
2839 3064 3046 3138 prae-

896 3161 1225 3255 cipimus.
1290 3160 1477 3236 Sunt
1536 3174 1776 3236 autem
1853 3184 1980 3236 eae
2057 3161 2250 3258 leges
2312 3160 2718 3259 hujusmodi
2761 3210 2786 3248 ,
2840 3161 3048 3236 vide-

898 3279 1071 3354 licet
1108 3303 1125 3350 ε

1048 3398 1273 3495 Hujus
1326 3397 1567 3473 Gallici
1621 3400 1994 3474 Seminarii
2053 3400 2338 3475 Alumni
2391 3399 2710 3496 publicas
2749 3394 3046 3493 Collegii

897 3514 1199 3592 Romani
1250 3516 1527 3589 scholas
1563 3517 1755 3591 adire
1790 3514 2081 3604 debent,
2121 3530 2202 3591 ut
2255 3516 2904 3612 philosophicarum
2958 3535 3044 3585 ac

898 3632 1448 3730 theologicarum
1502 3654 1769 3718 rerum,
1827 3632 2264 3730 aliarumque
2317 3654 2678 3707 sacrarum
2735 3627 3048 3725 discipli-

898 3772 1148 3822 narum
1200 3750 1597 3835 scientiam,
1638 3762 1714 3821 et
1765 3750 2146 3825 orientales
2179 3748 2454 3843 linguas
2481 3748 2872 3825 addiscant.
2935 3744 3048 3821 Ad

900 3868 1413 3965 assequendam
1450 3889 1618 3940 vero
1656 3867 1972 3943 canonici
1996 3866 2178 3962 juris
2203 3864 2690 3961 cognitionem
2715 3862 3043 3959 frequen·

891 3994 1059 4056 ‘tare
1093 3983 1357 4057 debent
1389 3982 1664 4058 scholas
1701 3983 2070 4057 Seminarii
2109 3980 2410 4057 Romani
2447 3982 2536 4055 ad
2563 3981 2772 4057 aedes
2799 3978 3044 4053 Sancti

907 4097 1349 4194 Apollinaris.
1410 4098 1505 4171 Ut
1558 4112 1798 4175 autem
1835 4100 2051 4175 iidem
2095 4098 2376 4175 Alumni
2414 4099 2720 4195 majores
2759 4098 2832 4169 in
2883 4108 3046 4169 stu-

902 4214 1039 4289 diis
1092 4239 1503 4311 progressus
1555 4216 1784 4291 facere
1837 4228 2104 4316 queant
2135 4268 2155 4304 ‚
2213 4216 2283 4292 in
2339 4218 2592 4291 eodem
2647 4213 3044 4291 Seminario
