3317 5267
2309 459 2475 531 ,605

344 584 419 649 et
482 573 809 650 omnium
880 571 1229 650 bonorum
1288 571 1497 648 luctu
1568 573 1641 646 in
1715 572 1974 649 infelici
2050 575 2472 669 praesertim

346 687 545 764 ltalia
608 714 1016 789 oppugnare
1076 714 1243 768 non.
1284 689 1643 766 desinant.
1714 689 1990 766 Nostris
2043 691 2338 790 quidem
2401 695 2478 768 in

348 807 537 884 votis
593 819 737 896 est,
802 818 885 884 ut
946 807 1207 906 ubique
1237 805 1519 882 'sedulo
1582 830 1665 882 ac
1723 809 2044 906 religiose
2103 823 2480 885 serventur

342 942 533 1020 quae
588 945 629 996 a
654 934 1133 1000 sacrosancta
1188 923 1601 1000 Tridentini!
1632 923 1922 1022 Synodo
1961 925 2479 1020 sapientissime

346 1041 635 1116 definita
688 1065 771 1118 ac
822 1055 1093 1118 statuta
1166 1040 1388 1132 fuere,
1463 1066 1627 1118 cum
1701 1043 2058 1116 maximae
2117 1067 2218 1120 ex
2279 1047 2479 1143 ejus—

346 1159 513 1233 dem
587 1158 876 1236 Concilii
944 1161 1249 1236 decretis
1325 1171 1405 1242 et
1470 1159 2094 1236 constitutionibus
2164 1162 2236 1234 in
2323 1185 2478 1238 rem

346 1275 795 1364 catholicam,
851 1290 926 1351 et
979 1277 1048 1350 in
1114 1277 1514 1352 animarum
1577 1276 1887 1350 salutem
1949 1276 2295 1353 utilitates
2353 1302 2486 1352 re-

349 1393 690 1469 dundent.
752 1395 985 1493 Atque
1038 1418 1123 1469 ea
1174 1418 1390 1492 porro
1442 1417 1571 1492 spe
1623 1405 2110 1470 sustentamur
2157 1393 2336 1484 fore,
2401 1410 2486 1471 ut

352 1509 775 1588 Carissimus
824 1514 897 1586 in
950 1511 1235 1588 Christo
1294 1511 1509 1586 Filius
1572 1511 1830 1589 Noster
1891 1513 2306 1588 Franciscus
2366 1512 2483 1590 lo·-

352 1627 617 1726 sephus
672 1629 995 1704 Austriae
1049 1629 1444 1726 Imperator
1490 1639 1565 1704 et
1627 1627 1784 1702 Rex
1849 1628 2292 1728 Apostolicus
2353 1654 2482 1728 pro

352 1748 617 1821 eximia
690 1769 819 1820 sua
888 1745 1225 1844 religione
1295 1769 1547 1822 omnes
1618 1770 1966 1843 superans
2036 1748 2484 1825 difficultates

351 1867 623 1944 efficere
678 1865 877 1955 velit,
935 1876 1017 1940 ut
1066 1865 1142 1940 in
1195 1865 1527 1940 omnibus
1582 1865 1984 1962 regionibus
2047 1865 2179 1940 sibi
2241 1867 2482 1964 subje-

348 1988 483 2061 ctis
536 1983 931 2062 Concilium
985 1985 1173 2060 idem
1229 1987 1491 2082 vigeat,
1550 1997 1627 2059 et
1677 2009 1760 2060 ea
1820 1987 2086 2074 omnia,
2151 2010 2333 2085 quae
2395 1985 2486 2060 ab

354 2107 507 2204 ipso
559 2115 827 2180 statuta
898 2113 1069 2179 sunt
1138 2101 1513 2200 diligenter
1572 2101 2064 2178 observentur.
2131 2103 2485 2202 Optamus

351 2233 623 2310 autem,
688 2233 771 2296 ut
837 2245 880 2295 a
945 2221 1075 2308 Te,
1157 2221 1451 2318 aliisque
1525 2217 2060 2296 venerabilibus
2121 2220 2486 2296 Fratribus

352 2337 426 2411 in
505 2337 870 2412 Austriaca
940 2335 1226 2412 Ditione
1312 2336 1690 2412 Sacrorum
1779 2335 2234 2414 Antistitibus
2321 2339 2488 2414 huic

352 2453 771 2554 praesertim
825 2453 1263 2530 solemnitati
1315 2453 1762 2528 adstantibus
1815 2479 2034 2554 penes
2073 2458 2306 2554 ipsum
2344 2455 2484 2530 Ca-

355 2570 719 2645 rissimum
782 2569 853 2644 in
895 2569 1177 2648 Christo
1238 2570 1493 2644 Filium
1566 2569 1901 2646 Nostrum
1963 2573 2203 2648 omnia
2270 2573 2490 2650 adhi-

352 2689 659 2766 beantur
710 2691 969 2780 studia,
1025 2703 1107 2765 ut
1161 2692 1231 2764 in
1286 2715 1415 2766 suo
1468 2688 1775 2788 Imperio
1829 2691 2174 2768 catholica
2236 2692 2486 2768 Eccle-

354 2809 459 2883 sia
520 2809 715 2884 omni
778 2831 905 2884 sua
965 2809 1293 2884 libertate
1359 2807 1697 2905 perfecte,
1761 2810 2108 2906 pleneque
2185 2809 2484 2900 fruatur,

357 2939 433 3000 et
482 2925 953 3000 ecclesiastica
1004 2926 1373 3023 disciplina
1425 2926 1742 3023 quotidie
1796 2927 2020 3023 magis
2074 2933 2346 3022 integra
2411 2938 2485 3002 et

361 3045 698 3122 inviolata
750 3058 1099 3120 servetur.
1157 3045 1392 3119 Tuum
1446 3067 1614 3120 vero
1669 3045 1830 3132 erit,
1887 3045 2015 3117 has
2052 3044 2343 3120 Nostras
2379 3045 2490 3120 lit·-

366 3176 551 3240 teras
603 3187 769 3238 cum
822 3165 1093 3238 eisdem
1156 3161 1686 3238 venerabilibus
1742 3163 1796 3236 F
1800 3161 2130 3250 ratribuS,
2170 3165 2293 3260 qui
2335 3165 2496 3240 istic

359 3295 595 3371 erunt,
670 3284 1222 3370 communicare,
1298 3279 1593 3380 illosque
1665 3280 1755 3354 de
1825 3279 2158 3376 singulari
2230 3279 2486 3356 Nostra

363 3400 436 3472 in
490 3422 611 3473 eos
664 3397 1185 3487 benevolentia,
1240 3398 1467 3494 deque
1524 3394 1925 3494 Apostolica
1961 3395 2488 3486 Benedictione,

361 3539 575 3616 quam
608 3518 777 3615 ipsis
815 3519 1303 3594 amantissime
1343 3519 1818 3615 impertimur,
1855 3516 2191 3592 certiores
2228 3516 2484 3594 facere.

362 3635 685 3734 Denique
748 3635 930 3711 hanc
1004 3637 1223 3711 etiam
1286 3635 1728 3710 occasionem
1791 3633 2257 3708 libentissime
2317 3657 2490 3708 am-

363 3756 769 3855 plectimur,
825 3769 909 3832 ut
956 3756 1219 3832 iterum
1274 3769 1621 3830 testemur
1655 3765 1732 3828 et
1763 3751 2266 3830 confirmemus
2293 3777 2492 3852 prae-

360 3875 670 3972 cipuam,
727 3898 867 3974 qua
924 3874 1024 3951 Te
1061 3873 1579 3973 prosequimur,
1618 3872 2014 3946 caritatem.
2057 3869 2274 3968 Cujus
2309 3895 2496 3970 quo-

360 4017 500 4090 que
552 3993 1025 4068 certissimum
1080 3995 1335 4091 pignus
1397 4015 1553 4066 esse
1618 3991 1944 4066 volumus
2015 3989 2486 4087 Apostolicam

368 4108 973 4198 Benedictionem,
1044 4133 1261 4208 quam
1335 4133 1425 4184 ex
1498 4107 1752 4182 intimo
1821 4107 2028 4182 corde
2101 4106 2490 4206 profectam
