3317 5267
387 641 628 708 tholicis
667 643 816 708 viris
855 639 1154 708 Monachii
1193 637 1400 706 habito
1446 641 1520 705 de
1557 638 1747 706 variis
1787 641 2159 720 argumentis
2196 640 2273 706 ad

381 740 754 820 theologicas
791 740 1142 823 praesertim
1188 746 1249 802 et
1279 735 1733 820 philosophicas
1760 734 2111 818 disciplinas
2134 755 2275 820 per-

390 840 739 904 tinentibus.
785 837 1086 905 Nonnulla
1129 846 1334 902 monet
1373 838 1528 902 circa
1561 855 1797 903 errores
1816 837 1875 902 in
1904 838 2277 920 assequenda

385 937 634 1004 scientia
675 938 981 1014 vitandos,
1027 939 1208 1022 eique
1235 937 1615 1002 commendat
1653 945 1725 1000 ut
1752 924 1901 1000 haec
1924 935 2123 1001 omnia
2150 935 2273 1000 sin·

387 1038 542 1120 gulis
581 1038 730 1104 viris
773 1039 834 1103 in
881 1039 1094 1105 eodem
1134 1039 1450 1103 conventu
1493 1037 1879 1120 congregatis
1918 1036 2271 1118 significet.»
2314 1037 2429 1100 636

1141 1239 1589 1307 ‘uncchxtv

261 1443 526 1527 Epistola
549 1443 624 1509 ad
655 1445 1028 1510 Cardinalem
1047 1445 1572 1528 Arcbiepiscopum
1601 1445 2054 1527 Lugdunensem
2078 1482 2105 1497 -
2124 1447 2265 1515 Non

377 1547 666 1612 mediocri
685 1584 709 1596 -
728 1549 802 1612 17
828 1549 1044 1612 martii.
1081 1549 1254 1614 Dolet
1283 1547 1606 1616 nonnullos
1633 1547 2060 1629 Lugdunenses
2086 1549 2272 1614 Paro-

377 1649 521 1712 chos
561 1647 853 1713 obsistere
914 1657 982 1712 ut
1049 1667 1291 1714 romana
1359 1649 1620 1730 Liturgia
1676 1648 2033 1713 instituatur
2098 1666 2169 1713 ea
2208 1649 2271 1713 in

374 1749 662 1826 dioecesi;
707 1767 894 1832 quare
933 1751 1226 1832 praecipit
1265 1761 1334 1815 nt
1376 1750 1520 1814 inibi
1563 1767 1871 1815 romanum
1930 1749 2177 1816 Missale
2216 1759 2279 1814 et

377 1847 742 1914 Breviarinm
787 1851 1004 1915 sensim
1050 1850 1406 1926 inducatur;
1451 1849 1726 1915 concedit
1782 1858 1981 1914 autem
2044 1859 2109 1915 ut
2162 1867 2272 1914 an-

371 1945 535 2029 tiqua
576 1948 986 2029 Lugdunensis
1002 1948 1310 2013 Ecclesiae
1333 1949 1594 2030 Liturgia
1619 1948 1696 2013 ad
1714 1950 1993 2014 omnibus
2019 1951 2265 2014 novita-

378 2039 537 2104 tibus
577 2042 939 2115 emendata
989 2051 1050 2106 et
1094 2041 1170 2106 ab
1213 2043 1325 2106 hac
1365 2043 1426 2106 S.
1477 2042 1634 2108 Sede
1678 2043 2011 2126 approbata
2053 2043 2267 2110 futuris

374 2137 742 2218 temporibus
784 2137 976 2220 possit
1016 2139 1514 2202 servari..
1868 2189 1885 2207 .
2236 2176 2265 2205 ι
2306 2145 2423 2209 646

258 2233 476 2299 Similis
495 2235 570 2299 ad
593 2237 1118 2321 Archiepiscopum
1140 2239 1638 2320 Friburgensem
1620 2261 1681 2307 ιιι
1708 2243 2055 2324 Brisgovia·
2076 2243 2268 2321 Quum

375 2349 494 2396 non
531 2333 822 2398 sine-14
853 2335 1002 2398 iulii.
1025 2335 1263 2400 Laudat
1289 2338 1739 2422 Arobiepiscopi
1774 2341 2218 2406 fortitudinem
2204 2359 2267 2408 in

378 2431 674 2515 explendo
715 2451 826 2499 suo
865 2435 1196 2518 episcopali
1241 2437 1593 2504 ministerio.
1643 2440 1861 2506 Narrat
1912 2441 2267 2524 gravissima

377 2529 537 2595 mala
579 2531 796 2612 quibus
847 2531 1124 2615 publicae
1190 2536 1588 2620 privataeque
1643 2539 1889 2603 scholae
1954 2539 2259 2604 obnoxiae

374 2638 514 2694 sunt
555 2629 632 2694 ab
675 2629 984 2695 ecclesiast
998 2633 1088 2696 ica
1130 2640 1440 2715 potestate
1479 2645 1739 2702 amotae.
1784 2636 1993 2702 Eidem
2018 2639 2267 2702 Archis-

379 2729 625 2813 piscopo
669 2730 898 2796 animos
937 2730 1126 2808 addit,
1171 2741 1238 2798 ut
1279 2749 1400 2816 ope
1440 2733 1620 2799 etiam
1662 2735 1819 2800 Cleri
1856 2745 2069 2818 pergat
2096 2736 2257 2800 omni

375 2827 572 2892 studio
615 2846 896 2895 amovere
939 2831 1016 2895 ab
1063 2830 1546 2897 adolescentium
1567 2832 1939 2899 insututione
1964 2833 2255 2917 quidquid

385 2926 544 2988 illam
587 2925 783 3008 possit
823 2927 1508 2994 contaminare..
2228 2959 2257 2988 ι
2304 2931 2435 3023 650,

299 3020 526 3086 Similis
567 3021 642 3085 ad
683 3021 1182 3105 Archiepiscopos
1224 3029 1284 3086 et
1324 3022 1654 3108 Episcopus
1697 3025 1981 3092 Poloniae
2010 3027 2177 3108 regni
2202 3036 2265 3092 et

377 3125 610 3190 Russici
641 3123 946 3207 Imperii·
915 3123 1087 3190 -Ubt‘
1135 3123 1533 3190 Urbaniano·
1572 3125 1671 3190 die
1687 3127 1925 3190 3tliulii.
1974 3128 2259 3211 Deplorat

379 3225 736 3291 acerbitates
775 3222 1060 3290 Gubernii
1102 3224 1312 3290 russici
1351 3234 1561 3291 contra
1616 3227 1971 3292 catholicam
2037 3227 2261 3292 Eccle-
2294 3303 2300 3311 ι

379 3327 525 3391 siam
569 3326 630 3391 in
671 3325 953 3390 Poloniae
997 3335 1284 3408 regnoxet
1327 3327 1383 3390 in
1426 3325 1558 3390 aliis
1602 3325 1839 3410 Imperii
1871 3327 2026 3393 illius
2050 3327 2259 3409 regio-

381 3425 578 3502 nibus3
622 3423 908 3488 Gubernii
953 3431 1084 3488 acta
1127 3432 1333 3488 contra
1372 3422 1697 3487 Ecclesiam
1736 3424 2001 3490 damnat.
2034 3429 2262 3509 Appi-o-

377 3525 521 3591 bare
561 3525 734 3590 abest
773 3525 924 3588 male
963 3525 1266 3589 consultos
1307 3534 1500 3590 motus
1543 3525 1603 3589 in
1647 3525 1899 3590 Polonia
1941 3527 2259 3590 excitatos.

379 3628 586 3692 Monet
625 3645 937 3711 supremos
981 3626 1290 3709 Principes
1327 3675 1343 3702 ,
1383 3627 1741 3710 populorum
1784 3626 2183 3692 obedientiam
2226 3645 2262 3692 a

385 3725 714 3790 catholicae
756 3723 892 3788 fidei
937 3724 1306 3807 professione
1347 3725 1629 3807 pendere.
1674 3724 1903 3790 Laudat
1933 3725 2264 3808 Episcopo-

380 3843 509 3888 rum
551 3823 764 3906 agendi
807 3824 1119 3900 rationem,
1153 3842 1378 3907 eosque
1399 3825 1724 3890 inflammat
1764 3826 1838 3889 ad
1868 3823 2027 3889 illam
2056 3843 2263 3908 perse-

385 3919 959 4001 quendam..
1310 3967 1326 3984 .
1681 3967 1697 3984 .
2225 3953 2259 3984 „
2302 3919 2415 3984 667

169 4101 184 4108 ,
305 4022 563 4088 Litterae
593 4021 1055 4105 Apostolicae-
1075 4023 1192 4102 Qm·
1230 4028 1442 4086 contra
1469 4023 1871 4088 Ecclesiam·
1894 4024 2048 4089 diei
2076 4040 2261 4105 augn-

383 4125 481 4203 sti;
525 4126 740 4209 quibus
781 4126 931 4193 Ven.
967 4125 1073 4191 Dei
1114 4127 1334 4191 Servus
1361 4126 1570 4190 Petrus
1601 4125 1875 4191 canisius
1904 4127 2096 4192 eSoc.
2130 4126 2259 4192 lesu

387 4225 446 4289 in
486 4224 801 4290 Beatorum
848 4227 1044 4290 album
1093 4225 1364 4290 refertur.
1501 4273 1514 4290 .
1682 4271 1697 4290 .
1868 4273 1883 4289 .
2050 4275 2067 4290 .
2232 4251 2259 4282 ι
2303 4228 2418 4293 665

303 4323 574 4407 Epistola
617 4326 691 4392 ad
734 4325 1230 4410 Archiepiscopos
1273 4332 1336 4392 et
1373 4323 1705 4410 Episcopos
1746 4325 2033 4393 Bavariae
2058 4363 2083 4376 ·
