3317 5267
2324 430 2466 506 677

341 546 800 643 pientissimis
869 545 1016 621 suis
1085 543 1354 642 legibus
1427 558 1502 618 et
1571 546 1921 620 institutis
1998 567 2141 620 non
2234 549 2463 622 solum

341 665 684 738 virtutum
749 663 1068 736 omnium
1123 672 1427 736 matrem
1481 674 1556 733 et
1607 662 2050 757 magistram,
2107 665 2479 737 omnium*-

340 805 478 877 que
519 782 854 856 vitiorum
907 779 1400 877 expultricem,
1479 801 1729 852 verum
1800 780 2014 850 etiam
2100 803 2307 852 verae
2386 806 2472 856 o·-

346 899 624 972 mnium
675 899 996 994 gentium
1049 896 1544 981 humanitatis,
1585 894 2005 982 honestatis,
2082 897 2467 984 civilitatiS,

339 1013 710 1102 libertatis,
751 1039 1220 1112 -Wogressus,
1259 1014 1774 1109 prosperitatis,
1808 1014 2473 1111 tranquillitatisque

340 1135 800 1209 conditricem
853 1157 936 1208 ae
997 1133 1592 1218 moderatricem,
1623 1141 1701 1206 et
1736 1132 1963 1228 ipsam
2002 1132 2225 1206 solam
2262 1157 2473 1228 posse

337 1249 636 1324 firmiter
681 1248 1134 1326 constabilire
1185 1259 1260 1320 et
1319 1270 1605 1322 servare
1678 1247 2039 1344 publicum
2120 1248 2473 1322 humanae

341 1371 702 1445 societatis
751 1370 1098 1452 ordinem,
1151 1367 1667 1466 quigimpietate
1722 1378 1797 1440 et
1853 1365 2227 1440 rebellione
2278 1367 2471 1442 hisce

339 1486 586 1561 diebus
640 1485 904 1583 ubique
959 1495 1108 1558 tam
1163 1485 1624 1559 vehementer
1657 1482 2139 1586 perturbatur.
2182 1481 2473 1556 Debitas

340 1615 580 1676 autem
631 1603 1062 1697 meritasque
1117 1600 1354 1675 laudes
1411 1599 1626 1676 Vobis
1687 1598 2091 1686 tribuimus,
2162 1595 2477 1672 Venera-

341 1720 518 1796 biles
570 1719 878 1808 Fratres,
936 1719 1126 1817 quod
1181 1721 1439 1794 vestris
1493 1717 1781 1793 Litteris
1838 1720 1924 1792 ad
1964 1719 2155 1792 istud
2208 1715 2485 1791 Guber-

344 1843 538 1914 nium
595 1839 876 1936 scriptis
935 1839 1024 1914 de
1075 1841 1518 1937 popularium
1555 1839 1959 1915 scholarum
2014 1839 2202 1912 bono
2253 1850 2331 1910 et
2362 1861 2480 1910 re-

341 1959 608 2055 gimine
669 1957 980 2033 maxime
1031 1957 1310 2032 solliciti
1363 1957 1751 2032 catholicae
1779 1956 2135 2030 Ecclesiae
2186 1953 2322 2028 hac
2354 1979 2479 2028 su·-

343 2101 476 2174 per
527 2101 602 2152 re
658 2076 1086 2161 doctrinam,
1158 2077 1655 2150 auctoritatem
1748 2090 1825 2149 et
1887 2078 2037 2148 iura
2090 2073 2287 2149 omni
2350 2097 2481 2146 ra·-

345 2196 622 2268 tionum
687 2215 946 2290 genere
1001 2195 1176 2266 scite
1215 2217 1298 2268 ae
1321 2206 1608 2267 strenue
1664 2194 2167 2290 propugnastis
2204 2215 2289 2266 eo
2326 2215 2485 2264 sen·

345 2335 432 2386 su
462 2363 484 2398 ,
537 2335 678 2409 quo
743 2312 888 2386 Nos
955 2313 1029 2383 in
1090 2310 1348 2385 Nostra
1434 2311 1751 2407 Epistola
1832 2312 1918 2384 ad
1994 2305 2483 2383 venerabilem

346 2429 673 2503 Fratrem
727 2427 1209 2502 Herm-annum
1269 2426 1899 2525 Archiepiscopur'n
1940 2427 2484 2521 Friburgensem

347 2549 420 2620 in
477 2547 840 2642 Brisgovia
894 2547 1006 2622 die
1067 2553 1156 2618 14
1214 2548 1361 2620 iulii
1445 2549 1654 2622 huius
1708 2547 1877 2622 anni
1968 2548 2183 2620 missa
2262 2547 2486 2620 coacti

341 2663 608 2738 fuimus
658 2664 973 2738 eiusdem
1029 2663 1384 2738 Ecclesiae
1440 2665 1594 2737 iura
1643 2666 1721 2738 in
1760 2663 1941 2738 tanti
1970 2663 2321 2738 momenti
2360 2685 2490 2736 ne·-

348 2782 540 2876 gotio
593 2791 780 2852 sarta
847 2791 1036 2853 tecta
1089 2782 1270 2854 tueri
1299 2794 1376 2854 et
1443 2779 1795 2855 vindicare
1830 2795 2077 2857 contra
2134 2779 2488 2854 Ecclesiae

347 2895 662 2972 hostium
715 2909 1036 2976 conatus,
1103 2909 1178 2970 et
1227 2897 1658 2984 molitiones,
1717 2899 1839 2992 qui
1894 2899 1969 2968 in
2020 2895 2273 2990 Magno
2346 2895 2487 2968 Ba-

347 3015 548 3088 densi
603 3013 878 3088 Ducatu
927 3035 1014 3090 eo
1091 3015 1243 3086 iam
1301 2998 1787 3109 pervenerunt
1816 3064 1839 3100 ,
1896 3025 1975 3087 ut
2008 3012 2197 3109 leges
2227 3035 2486 3108 propo-

353 3142 712 3216 net-entur,
783 3149 966 3228 quae
1000 3129 1453 3203 christianam
1495 3129 1897 3204 scholarum
1940 3128 2247 3203 indolem
2274 3129 2483 3223 plane

357 3248 758 3334 destruunt,
811 3269 894 3321 ac
943 3247 1204 3321 delent.
1235 3245 1418 3322 -Etsi
1477 3271 1644 3322 vero
1683 3247 1755 3320 in
1808 3250 2035 3345 pretio
2096 3246 2490 3321 habeamus·

345 3383 619 3451 causas,
677 3363 962 3460 quibus,
1035 3361 1486 3438 venerabiles
1553 3363 1867 3449 Fratres,
1934 3362 2294 3437 Ecclesiae
2336 3365 2485 3436 iura

349 3482 576 3578 quoad
631 3481 1004 3577 populares
1041 3489 1319 3556 tantum
1371 3481 1648 3555 scholas
1702 3503 1889 3554 nune
1976 3481 2485 3576 propugnanda

351 3600 676 3686 curastis,
741 3611 980 3672 tamen
1034 3598 1218 3672 haud
1277 3621 1677 3694 possumus,
1722 3597 1897 3693 quin
1937 3595 2071 3671 hac
2124 3597 2487 3672 occasione

349 3719 702 3814 egregiam
759 3729 1066 3790 vestram
1120 3717 1592 3812 episcopalem
1670 3713 2233 3788 sollicitudinem·
2269 3713 2487 3787 etiam

343 3845 578 3928 atque.
607 3833 826 3905 etiam
874 3832 1328 3918 excitemus,
1395 3847 1476 3904 ut
1563 3829 1897 3910 sedulam,
1978 3843 2489 3925 strenuamque

351 3971 640 4046 operam
689 3951 874 4024 detis
909 3974 1050 4046 quo
1101 3951 1348 4024 eadem
1387 3949 1745 4024 Ecclesiae
1777 3949 1949 4044 jura.
1972 3971 2492 4046 recognoscam·

354 4057 470 4142 tur
514 4091 798 4166 quoque
851 4091 931 4141 ac
977 4079 1350 4143 serventur
1401 4069 1583 4142 circa
1619 4068 2022 4164 superiores
2052 4067 2481 4152 litterarum
