3317 5267
2313 365 2458 439 453

344 478 809 557 audacissime
860 481 1207 579 denegare
1264 501 1407 556 non
1460 492 1810 555 metuant.
1867 482 2228 580 Siquidem
2267 486 2456 561 haud

344 596 771 675 erubescunt
822 606 1165 685 asserere,
1222 598 1864 696 philosophicarum
1919 621 2156 677 rerum
2187 654 2208 687 ,
2282 625 2460 677 mo·-

342 738 645 813 rumque
696 716 1095 803 scientiam,
1150 718 1467 813 itemque
1526 715 1768 791 civiles
1849 717 2046 815 leges
2123 744 2334 817 posse
2387 730 2464 795 et

340 834 597 909 debere
650 858 695 907 a
746 835 983 909 divina
1024 834 1481 919 revelatione,
1520 846 1595 907 et
1632 830 1990 909 Ecclesiae
2037 840 2460 914 auctoritate

344 939 721 1041 declinare,
750 968 823 1027 et
858 953 1249 1029 Ecclesiam
1292 974 1433 1027 non
1472 973 1628 1027 esse
1658 976 1906 1027 veram
1931 955 2462 1055 perfectamque

340 1072 757 1147 societatem
810 1071 1017 1166 plane
1067 1070 1391 1156 liberam,
1447 1094 1579 1145 nec
1632 1070 1898 1165 pollere
1949 1077 2095 1147 suis
2159 1078 2459 1171 propriis

348 1200 424 1262 et
474 1186 963 1263 constantibus
1016 1186 1285 1261 iuribus
1334 1187 1467 1261 sibi
1507 1210 1549 1259 a
1600 1186 1841 1263 divino
1867 1206 2008 1263 suo
2059 1188 2458 1267 Fundatore

338 1303 639 1391 cellatis,
670 1303 819 1377 sed
872 1303 1101 1377 civilis
1154 1306 1533 1400 potestatis
1558 1326 1718 1377 esse
1745 1304 2063 1393 delinire,
2105 1330 2288 1403 quae
2323 1308 2466 1381 sint

341 1421 693 1497 Ecclesiae
747 1421 901 1495 iura
953 1432 1028 1494 et
1078 1420 1344 1495 limites
1384 1472 1407 1507 ,
1464 1422 1649 1493 intra
1727 1446 1908 1518 quos
1988 1424 2236 1497 eadem
2315 1424 2467 1498 iura

340 1562 671 1615 exercere
724 1550 969 1635 queat.
1026 1536 1209 1611 Hinc
1258 1562 1591 1634 perverse
1644 1541 2309 1629 comminiscuntur,
2363 1542 2469 1615 ci·-

348 1654 563 1730 vilem
616 1665 1051 1752 potestatem
1104 1678 1311 1751 posse
1364 1680 1441 1729 se
1496 1656 1896 1731 immiscere
1949 1657 2164 1733 rebus
2196 1710 2218 1745 ,
2283 1682 2465 1755 quae

342 1773 431 1848 ad
468 1774 911 1869 religionem,
952 1796 1185 1849 mores
1212 1780 1287 1847 et
1323 1776 1639 1870 regimen
1677 1776 2048 1871 spirituale
2079 1778 2466 1872 pertinent,

340 1906 557 1991 atque
607 1893 831 1965 etiam
882 1893 1253 1989 impedire,
1310 1894 1692 1989 quominus
1746 1893 2120 1969 Sacrorum
2163 1896 2468 1971 Antisti-

338 2022 449 2085 tes
502 2021 577 2085 et
624 2008 865 2087 fideles
916 2012 1157 2108 populi
1212 2034 1378 2087 cum
1434 2013 1784 2089 Romano·
1823 2010 2160 2089 Pontiflce
2199 2037 2466 2113 supra-.-

338 2152 461 2205 mo
514 2130 731 2205 totius
782 2128 1139 2205 Ecclesiae
1196 2128 1489 2205 Pastore
1536 2132 1882 2205 divinitus
1935 2132 2332 2208 constituto
2379 2133 2468 2206 li·-

344 2248 513 2323 bere
568 2272 653 2323 ac
702 2259 957 2326 mutuo
1006 2250 1563 2337 communicent,
1622 2260 1704 2323 ut
1756 2251 1964 2346 plane
2041 2252 2468 2331 dissolvatur

340 2366 735 2441 necessaria
788 2377 863 2439 et
912 2366 1311 2441 arctissima
1363 2367 1481 2439 illa
1534 2368 1964 2455 coniunctio,
2019 2392 2202 2465 quae
2281 2369 2469 2445 inter

348 2482 677 2559 membra
726 2485 1009 2581 mystici
1059 2485 1373 2581 corporis
1438 2482 1753 2572 Christi,
1839 2497 1916 2559 et
1991 2485 2469 2583 adspectahile

338 2624 549 2677 snum
602 2598 833 2697 Caput
888 2624 1001 2675 ex·
1030 2602 1269 2675 divina
1324 2603 1545 2699 ipsius
1600 2601 1864 2677 Christi
1919 2600 2206 2679 Domini
2259 2604 2467 2679 insti-

345 2720 619 2795 tutione
668 2742 827 2793 esse
880 2720 1175 2795 omnino
1228 2718 1463 2793 dehet.
1522 2719 1712 2793 Nihil
1751 2743 1922 2794 vero
1975 2720 2236 2795 timent
2271 2722 2466 2795 omni

342 2836 613 2911 fallacia
664 2858 749 2910 ac
800 2835 963 2911 dolo
1014 2836 1087 2909 in
1142 2836 1395 2932 vulgus
1434 2835 1798 2932 proferres
1817 2860 2056 2913 sacros
2107 2836 2466 2913 Ecclesiae

346 2957 732 3040 ministros,
792 2952 1335 3049 Romanumque
1389 2949 1808 3025 Pontificem
1837 2952 1928 3023 ab
1981 2954 2178 3027 omni
2231 2976 2464 3027 rerum

348 3070 841 3168 temporalium
898 3070 1045 3143 iure
1100 3090 1181 3142 ac
1234 3068 1555 3143 dominio
1632 3090 1790 3141 esse
1855 3071 2146 3142 omnino
2223 3069 2468 3143 exclu-

342 3190 637 3265 dendos.
1707 3206 1718 3217 ·

504 3305 799 3384 Summa
852 3316 1221 3403 praeterea
1276 3305 1723 3401 impudentia
1779 3307 2096 3381 asserere
2157 3328 2300 3379 non
2351 3306 2473 3379 du·-

257 3436 263 3441 '
341 3431 603 3518 bitem,
660 3428 975 3503 divinam
1026 3425 1535 3499 revelationem
1594 3448 1737 3499 non
1789 3424 2022 3498 solum
2075 3423 2250 3501 nihil
2285 3449 2470 3522 pro-

346 3550 579 3635 desse,
660 3568 907 3623 verum
989 3550 1217 3621 etiam
1298 3568 1563 3619 nocere·
1603 3543 1916 3617 hominis
1993 3542 2468 3640 perfectioni,

342 3667 711 3762 ipsamque
762 3662 1077 3738 divinam
1128 3662 1637 3737 revelationem
1693 3684 1860 3735 esse
1945 3660 2468 3757 imperfectam,

342 3794 420 3857 et
468 3783 717 3858 iccirco
744 3781 1131 3857 subiectam
1156 3781 1491 3855 continuo
1516 3791 1593 3853 et
1616 3778 2008 3876 indefinito
2045 3778 2468 3875 progressui,

344 3899 463 3995 qui
516 3899 869 3973 humanae
920 3900 1213 3974 rationis
1268 3896 1740 3995 progressioni
1801 3896 2260 3993 respondeat.
2329 3892 2473 3967 Nec

346 4026 681 4090 verentur
734 4016 1023 4113 proinde
1074 4018 1361 4101 iactare,
1416 4013 1830 4111 prophetias
1887 4026 1966 4087 et
2019 4012 2360 4115 miracula
2397 4014 2468 4085 in

342 4134 561 4207 sacris
612 4130 903 4208 Litteris
980 4134 1303 4229 exposita
1358 4142 1435 4205 et
1484 4141 1770 4205 narrata
1857 4154 2014 4205 esse
2093 4142 2466 4226 poetarum
