3317 5267
835 410 980 486 204

830 535 1119 620 paratus
1172 518 1522 593 exercitus
1572 517 1738 598 lieet
1794 526 2088 607 numero
2140 522 2467 613 exiguus,
2552 516 2652 591 sic
2724 528 2977 595 tamon
3090 520 3099 524 ’

835 654 990 713 crat
1043 638 1280 711 animo
1335 636 1422 708 ad
1461 633 1765 709 officium
1804 657 2014 708 suum
2054 636 2397 709 tuendum
2434 636 2961 732 paratissimus,

833 771 916 829 ut
969 757 1119 851 ipse
1155 754 1565 849 subalpinus
1600 752 1854 837 hostiS‚
1895 754 2016 849 qui
2052 752 2261 848 longe
2299 753 2651 848 superiori
2683 754 2961 850 pollens

837 872 1202 970 copiarum
1240 878 1540 975 numero
1577 870 1959 965 provinciis
1996 864 2275 943 Nos'tri's
2310 866 2760 957 imminebat,
2800 894 2969 945 eas-

838 992 1142 1088 demque
1182 990 1616 1087 propositam
1664 988 1878 1061 veluti
1916 988 2247 1083 praedam
2286 988 2693 1063 avidissime
2730 990 2972 1063 inhia-

705 1190 712 1197 ·
836 1108 986 1195 hat,
1043 1130 1194 1181 rem
1249 1106 1382 1179 sihi
1438 1106 1731 1177 minime
1784 1116 2069 1202 putaret
2118 1106 2301 1179 bene
2342 1130 2425 1180 ac
2459 1106 2760 1183 feliciter
2794 1134 2969 1185 suo-

837 1244 1278 1313 csssur4m·.'.
1335 1224 1478 1301 nisi
1525 1232 1778 1303 contra
1820 1221 1939 1318 jus
1979 1275 1999 1310 ‚
2075 1222 2327 1319 fasque
2406 1224 2721 1321 qualibet
2792 1224 2976 1303 belli

838 1344 1378 1433 denunciatione
1430 1340 1937 1437 praetermissa
1988 1343 2387 1438 provincias
2462 1344 2659 1439 ipsas
2728 1344 2975 1421 subita

837 1460 1675 1547 inmmionfladoriretur.
1708 1457 1921 1556 Atqui
1950 1459 2023 1533 in
2059 1460 2431 1556 repentino
2468 1462 2585 1535 illo
2622 1462 2971 1559 ingruen-

839 1580 1018 1665 tium
1071 1589 1468 1677 turmarum
1523 1576 1799 1671 impetu
1848 1576 2243 1649 luculenter
2275 1574 2671 1670 probarunt
2706 1578 2971 1655 catho-

838 1694 954 1775 lici
1004 1694 1300 1787 milites,·
1352 1693 1520 1789 quid
1576 1693 1648 1764 in
1700 1692 2072 1766 hominum
2124 1693 2382 1765 animis
2436 1714 2605 1767 vera
2654 1694 2831 1769 fides
2884 1719 2969 1771 ac

838 1813 1082 1908 religio
1133 1813 1387 1907 possit3
1439 1812 1825 1899 commisso
1878 1832 2185 1907 namque
2238 1811 2627 1885 certamine
2672 1812 2773 1887 sic
2811 1814 2973 1887 ani·-

841 1954 1038 2023 mose
1091 1958 1171 2010 ao
1225 1930 1502 2021 fortiter
1536 1930 1987 2017 dimicarunt,
2030 1942 2111 2003 ut
2147 1942 2516 2037 cruentam
2553 1930 2763 2027 plane
2800 1934 2973 2007 reli-

837 2052 1124 2147 quei-int
1173 2051 1364 2125 hosti
1417 2050 1785 2125 victoriam
1820 2100 1840 2134 ,
1898 2058 1995 2125 et,
2025 2049 2266 2145 potius
2318 2046 2553 2123 obruti
2620 2047 2973 2125 multitu-

838 2168 1001 2245 dine
1053 2168 1328 2243 dicendi
1381 2168 1524 2241 sint
1557 2216 1575 2253 ,
1633 2188 1849 2263 quam
1910 2166 2173 2239 virtute
2206 2216 2229 2251 ‚
2268 2176 2343 2239 et
2396 2167 2753 2261 pugnandi
2809 2166 2971 2265 glo-

837 2287 944 2363 ria
993 2287 1330 2382 superati.
1389 2285 1594 2373 Quod
1647 2285 1933 2381 quidem
1990 2284 2263 2361 illustre
2316 2283 2591 2361 facinus
2632 2336 2653 2373 ‚
2726 2296 2812 2359 ut
2872 2288 2969 2361 ad

839 2426 1126 2479 omnem
1181 2404 1680 2499 posteritatem
1739 2414 2170 2499 propagetur
2240 2424 2531 2477 aereum
2600 2404 2966 2477 numisma

809 2514 1132 2618 'argento
1168 2519 1556 2597 obductum
1591 2521 1753 2595 cudi
1792 2521 2315 2608 mandavimus,
2344 2522 2537 2617 quod
2568 2522 2640 2593 in
2668 2522 2969 2597 adversa

831 2650 1034 2736 parte
1088 2638 1160 2714 in
1217 2640 1632 2715 memoriam
1692 2638 2005 2736 Mar-tyrii
2064 2638 2569 2736 Apostolorum
2628 2640 2969 2739 principis

833 2755 1134 2843 Crucem
1187 2756 1540 2833 inversam
1595 2754 1973 2852 praeferat,
2030 2756 2215 2832 cirea
2266 2779 2483 2853 quam
2524 2758 2858 2833 sinuatus-
2894 2760 2971 2831 in

833 2876 1079 2961 orbem
1115 2895 1406 2972 serpens
1441 2895 1823 2971 expressus
1862 2876 1957 2951 sit
1998 2886 2363 2972 tamquam
2404 2875 2815 2972 symbolum
2850 2898 2976 2951 ae-

836 2996 1190 3077 ternitatis
1227 3014 1368 3070 una
1403 3018 1568 3069 cum
1607 2994 2067 3091 inscriptione
2098 3034 2139 3049 -
2172 2992 2323 3069 Pro
2358 2993 2564 3069 Petri
2604 2990 2787 3069 Sede
2822 2992 2965 3069 Pio

835 3108 940 3189 IX
985 3110 1198 3188 Pone
1255 3110 1472 3207 Max..
1508 3108 1721 3185 Anno
1776 3109 1928 3185 XV.
1984 3150 2027 3165 -·
2076 3111 2151 3183 in
2188 3134 2437 3185 aversa
2473 3122 2717 3187 autem
2756 3126 2965 3209 parte

831 3229 1168 3325 inscripta
1220 3228 1394 3311 haee
1413 3228 1666 3306 ..verba
1717 3226 2053 3304 exhibeat
2100 3267 2143 3283 -
2201 3225 2515 3303 Victoria
2564 3252 2751 3328 quae
2800 3230 2973 3305 vin-

829 3346 1332 3429 cit-*mundum
1387 3346 1562 3443 fides
1603 3362 1889 3426 nostra,
1945 3388 1987 3401 -
2022 3346 2353 3423 Jamvero
2392 3348 2671 3425 Nostris
2706 3360 2789 3423 ut
2824 3350 2969 3423 mi-

827 3468 1088 3551 litibus·
1119 3467 1460 3565 probatae
1510 3468 1866 3545 fidelitatis
1920 3468 2324 3565 praemium
2376 3468 2774 3542 tribuamus
2822 3470 2971 3543 eis-

832 3589 996 3665 dem
1047 3588 1526 3675 concedimus,
1565 3598 1673 3661 .ut
1718 3598 2197 3661 memoratum
2248 3587 2631 3661 numisma.
2675 3610 2969 3663 aereum

834 3718 1124 3801 argento
1193 3704 1578 3781 obductum
1617 3704 1940 3780 sinistro
2016 3704 2325 3801 pectoris
2397 3704 2621 3779 latere
2675 3716 2969 3800 gestare

833 3835 1098 3919 queant
1122 3875 1147 3909 ‚
1209 3821 1398 3919 quod
1457 3821 1689 3895 taenia
1746 3822 1971 3895 serica
2034 3818 2389 3896 coloribus
2454 3818 2615 3895 albo
2642 3870 2665 3907 ‚
2720 3820 2908 3898 flavo
2942 3874 2965 3907 ,

831 3940 1184 4039 rubroque
1223 3940 1566 4015 distincta
1617 3960 2017 4036 appensum
2070 3941 2191 4013 sit.
2250 3937 2391 4029 Qui
2446 3962 2615 4014 vero
2674 3940 2965 4015 eosdem

835 4061 1024 4133 inter
1047 4059 1308 4134 milites
1333 4061 1408 4133 in
1437 4060 1717 4133 tuendis
1746 4058 2047 4133 Sanctae
2074 4060 2279 4134 Sedis
2307 4058 2583 4155 juribus
2620 4058 2968 4156 singulari

835 4178 1130 4251 virtute·
1150 4178 1630 4273 praestiterint
1680 4175 2089 4251 facultatem
2144 4178 2317 4273 ipsis
2352 4178 2837 4273 impertimur,
2886 4192 2967 4254 ut
