3317 5267
886 446 981 515 94

878 560 1060 648 luce,
1115 576 1505 654 eorumque
1538 555 1829 652 spiritus
1865 556 2104 630 divino
2139 558 2448 654 quodam
2499 558 2840 637 alimento
2892 586 3021 639 ve-

880 676 1013 750 luti
1064 686 1426 773 percepto,
1484 685 1635 749 tota
1688 674 1801 747 die
1851 674 2378 770 quodammodo
2457 679 2814 755 nutriatur
2844 734 2866 769 ‚
2949 694 3028 757 et

884 797 1321 892 pinguescat.
1380 790 1644 867 Omnes
1703 790 1988 866 Alumni
2023 844 2044 880 ,
2098 804 2380 890 praeter
2429 795 2848 873 Sacerdotes
2901 802 3032 897 qui

880 913 1099 989 sacris
1148 923 1554 1009 operantur,
1607 910 1972 986 debebunt
2012 910 2326 1008 quotidie
2353 912 2724 991 incruento
2767 916 3032 994 Missae

882 1030 1231 1107 Sacrificio
1306 1028 1830 1126 religiosissime
1909 1031 2252 1103 interesse
2282 1080 2303 1117 ,
2361 1053 2444 1104 ac
2495 1040 2654 1104 tum
2705 1035 3024 1129 generali

884 1160 1041 1223 tum
1092 1148 1426 1245 peculiari
1478 1145 1808 1220 examine
1871 1146 2236 1241 propriam
2315 1150 2823 1225 conscientiam
2880 1174 3032 1226 ex-

880 1267 1180 1365 plorare,
1246 1268 1337 1341 ad
1388 1289 1627 1341 rerum
1679 1263 2157 1361 spiritualium
2211 1266 2556 1363 colloquia
2606 1270 3023 1360 convenire,

876 1396 953 1459 et
1002 1382 1365 1459 Christum
1418 1383 1459 1457 J
1462 1404 1668 1457 esum
1715 1384 1788 1454 in
1839 1380 2286 1456 Eucharistia
2337 1383 2683 1459 latentem
2751 1387 3025 1461 humil-

752 1536 761 1546 ·
879 1503 1047 1577 lime
1110 1524 1197 1593 ac
1244 1498 1561 1596 piissime
1614 1500 1962 1585 venerari,
2001 1510 2078 1572 et
2126 1501 2600 1594 precatoriam
2645 1503 3024 1579 sanctissi-

882 1643 1045 1695 mae
1096 1630 1171 1693 et
1220 1615 1730 1692 Immaculatae
1767 1614 2078 1711 Virginis
2115 1615 2374 1690 Mariae
2407 1640 2770 1707 coronam,
2813 1620 3032 1718 vulgo

885 1740 1285 1827 Rosarium,
1324 1740 1581 1815 devote
1616 1737 1940 1811 recitare.
2001 1736 2308 1833 Singulis
2345 1760 2514 1813 vero
2549 1738 3023 1815 hebdomadi-

881 1859 1016 1934 bus
1066 1880 1317 1933 omnes
1370 1855 1659 1929 Alumni
1695 1855 1785 1928 ad
1821 1851 2310 1929 Poenitentiae
2335 1868 2864 1932 sacramentum
2901 1882 3028 1934 ae-

883 1978 1137 2069 cedent
1176 2028 1197 2062 ,
1252 1986 1329 2049 et
1376 1975 1579 2049 iuxta
1654 1970 1918 2069 proprii
1993 1972 2466 2047 conscientiae
2543 1976 3014 2051 moderatoris

879 2096 1217 2170 iudicium
1268 2116 1353 2166 ea
1404 2116 1543 2189 qua
1578 2114 1708 2189 par
1742 2107 1855 2165 est
1891 2091 2182 2188 pietate,
2223 2090 2582 2190 animique
2633 2094 2886 2169 ardore
2937 2118 3018 2171 se

878 2212 1371 2289 Eucharistico
1424 2232 1608 2307 pane
1663 2210 2006 2285 reficient.

1036 2329 1374 2403 Eiusdem
1410 2328 1784 2403 Seminarii
1825 2326 2108 2402 Alumni
2145 2338 2480 2403 tenentur
2513 2329 2622 2403 bis
2659 2330 2732 2401 in
2769 2350 3022 2405 mense

882 2446 1299 2544 Magistrum
1350 2446 1637 2543 pietatis
1691 2447 1909 2534 adire,
1947 2468 2032 2519 ac
2081 2445 2378 2541 singulis
2431 2443 2848 2535 Dominicis,
2889 2447 3024 2521 ali—

881 2566 1081 2662 isque
1132 2562 1333 2639 sestis
1380 2564 1629 2640 diebus
1665 2564 2008 2639 adsistere
2045 2563 2264 2637 sacris
2301 2561 2680 2637 Missamm
2731 2586 2818 2637 ac
2871 2562 3020 2638 Ve-

884 2706 1249 2781 spererum
1299 2682 1761 2773 solemnibus,
1815 2697 1891 2758 et
1941 2683 2181 2757 altaris
2223 2683 2620 2758 ministerio
2671 2684 3020 2758 inservire

884 2823 1029 2899 quo
1074 2824 1439 2879 sacrorum
1492 2803 1674 2876 ritus
1729 2814 1807 2875 et
1853 2802 2329 2876 caeremonias
2366 2802 2593 2897 magis
2645 2800 3024 2897 magisque

887 2917 1247 2993 calleant.·

1040 3033 1287 3109 Nullus
1336 3036 1411 3109 in
1462 3037 1597 3113 hoc
1648 3034 2126 3111 Seminarium
2165 3034 2510 3109 Alumnus
2545 3026 2828 3109 admitti
2881 3058 3024 3108 un-

888 3174 1107 3251 quam
1158 3154 1443 3248 poterit‚
1498 3156 1633 3228 nisi
1671 3177 1712 3227 a
1747 3155 2032 3252 proprio
2067 3153 2420 3249 Episcopo
2457 3151 2671 3226 fuerit
2723 3152 3021 3240 missus,

892 3272 1007 3347 vel
1058 3273 1375 3346 eiusdem
1428 3270 1756 3371 Episcopi
1809 3277 1898 3349 de
1951 3274 2098 3347 suis
2147 3272 2468 3348 moribus
2507 3324 2529 3361 ,
2584 3271 2818 3347 indole
2860 3325 2882 3361 ‚
2937 3296 3024 3347 ac

892 3388 1144 3463 studiis
1197 3387 1609 3462 testimonio
1677 3391 2242 3466 commendatus.

908 3562 917 3569 .
1046 3505 1271 3580 Huius
1327 3504 1573 3580 Gallici
1625 3506 1994 3582 Seminarii
2055 3509 2370 3605 regimen
2412 3559 2435 3596 ,
2491 3508 2894 3605 procuratio
2941 3520 3024 3581 et

893 3624 1409 3700 administratio
1443 3624 1722 3697 dilectis
1757 3624 1913 3702 filiis
1940 3624 2380 3724 Presbyteris
2417 3636 3022 3700 commemoratae

888 3740 1467 3839 congregationis
1520 3742 1764 3815 Sancti
1799 3742 2098 3839 Spiritus
2150 3756 2226 3820 et
2275 3742 2719 3817 Immaculati
2771 3740 3022 3819 Cordis

891 3858 1152 3934 Mariae
1205 3869 1550 3956 perpetuo
1596 3860 1730 3932 erit
1770 3865 2172 3951 commissa,
2209 3862 2344 3937 sub
2379 3862 2602 3937 tutela
2645 3872 2890 3935 tamen
2943 3872 3026 3935 et

890 3978 1331 4073 inspectione
1408 3972 1795 4050 Cardinalis
1847 3978 1918 4049 in
1973 3976 2164 4051 Urbe
2213 3978 2472 4054 Vicarii
2503 4032 2524 4067 ,
2579 3998 2796 4075 quem
2847 3998 3026 4073 pro-

891 4104 1146 4192 pterea.
1188 4094 1509 4169 eiusdem
1562 4093 1807 4169 Gallici
1859 4094 2232 4169 Seminarii
2307 4096 2696 4171 Patronum
2759 4118 3028 4191 perpe-

889 4226 1094 4288 tuum
1132 4215 1205 4287 in
1231 4216 1523 4289 modum
1560 4236 1718 4289 esse
1745 4214 2070 4293 volumus
2107 4225 2184 4289 et
2217 4216 2740 4291 constituimus.
2779 4210 3020 4303 Quare
