3317 5267
1200 502 1213 513 ,
2232 434 2398 507 257·

253 560 398 633 rint
448 571 812 654 tamquam
867 550 1204 649 propositi
1241 551 1466 625 socios
1503 561 1715 647 atque
1750 550 2131 625 adiutores.
2172 546 2373 637 Quos

253 700 419 749 cum
459 678 544 748 ad
585 672 862 745 virtutis
899 668 1404 764 perfectionem
1441 678 1650 739 antea
1685 666 1978 740 loannes
2014 666 2375 739 exercuis-

249 802 390 878 set,
447 790 700 865 exinde
751 788 1032 861 illorum
1085 796 1158 857 et
1210 784 1498 857 consilio
1537 795 1610 855 et
1645 806 1857 878 opera
1890 806 2063 855 usus
2098 781 2379 877 religio-

247 930 414 981 sum
471 905 894 979 Clericorum
929 899 1330 974 sodalitium
1370 899 1705 983 instituit,
1744 898 1933 994 quod
1967 920 2009 969 a
2060 896 2379 969 Sanctis·

258 1026 439 1097 sima
491 1022 713 1097 Matre
769 1018 895 1092 Dei
949 1017 1406 1112 nuncupavit.
1461 1014 1637 1089 Illud
1678 1037 1885 1110 porro
1922 1013 2225 1089 auctoris
2262 1012 2375 1086 sui

259 1141 482 1215 menti
539 1140 862 1233 votisque
916 1134 1346 1231 respondens
1373 1132 1658 1227 pietatis
1686 1130 1961 1205 fructus
1984 1130 2189 1203 edere
2214 1152 2383 1203 coe-

259 1264 364 1359 pit
413 1261 838 1335 uberrimos.
899 1257 1034 1330 Per
1087 1258 1320 1353 ipsum
1373 1277 1681 1350 namque
1734 1254 2081 1350 explicata
2134 1250 2379 1347 pueris

267 1378 693 1473 rudibusque
745 1372 1152 1449 bominibus
1201 1372 1554 1467 religionis
1592 1381 1992 1465 praecepta,
2046 1366 2375 1465 flagitiosi

259 1497 584 1569 homines
638 1494 726 1566 ad
777 1493 1154 1565 honestam
1212 1490 1396 1561 vitae
1447 1490 1795 1561 rationem
1836 1487 2161 1572 traducti,
2202 1507 2379 1559 con·-

263 1611 530 1684 sultum
585 1608 834 1704 puellis
886 1605 1234 1679 castitatis
1291 1604 1598 1700 periculo
1650 1602 2133 1677 laborantibus
2164 1654 2183 1688 ,
2238 1600 2385 1674 fre-

267 1750 492 1822 quens
546 1726 869 1797 invectus
905 1731 1508 1795 sacramentorum
1546 1743 1717 1793 usus
1752 1720 1841 1793 ad
1878 1719 2383 1795 conciliandam

266 1840 852 1933 retinendamque
903 1838 1216 1911 divinam
1267 1836 1598 1932 gratiam,
1651 1836 1957 1932 denique
1992 1848 2193 1909 tanta
2228 1836 2385 1908 ani-

271 1978 552 2029 morum
607 1964 890 2049 peracta
941 1953 1432 2038 commutatio,
1472 1964 1556 2025 ut
1589 1974 1809 2048 quum
1866 1953 1937 2025 in
1990 1952 2163 2027 urbe
2224 1950 2383 2025 Lu-·

259 2072 458 2145 censi
548 2071 1068 2144 haereticorum
1155 2070 1572 2165 praesertim
1643 2069 2033 2163 perfidiosius
2114 2068 2383 2145 artibus

256 2188 596 2259 arderent
647 2186 910 2258 civium
963 2186 1164 2271 odia,
1220 2208 1302 2257 ac
1355 2182 1755 2257 simultates
1796 2234 1816 2271 ,
1898 2185 2381 2281 profligatique

265 2306 648 2379 admodum
721 2316 964 2376 essent
1033 2304 1406 2377 hominum
1479 2324 1715 2376 mores
1756 2354 1775 2389 ,
1860 2300 2119 2375 ibidem
2178 2300 2378 2377 brevi

267 2436 587 2518 tempore
624 2420 1021 2495 refloruisse
1075 2420 1597 2517 quodammodo
1639 2421 1993 2495 videretur
2029 2424 2389 2518 primaeva

257 2538 820 2614 Christianorum
853 2540 1240 2635 disciplina.
1277 2539 1578 2613 Tantam
1619 2538 1750 2611 sibi
1806 2537 2043 2612 inferri
2078 2539 2379 2625 cladem,

265 2670 512 2755 totque
566 2657 702 2731 sibi
758 2658 1162 2753 extorqueri
1218 2659 1514 2754 praedas
1569 2656 1819 2731 acerbe
1874 2657 2039 2731 tulit
2090 2656 2385 2731 vaferri-

259 2800 426 2851 mus
481 2778 706 2851 nostri
755 2778 1034 2872 generis
1087 2778 1440 2863 inimicus,
1496 2777 1789 2873 proinde
1822 2788 2069 2851 contra
2104 2800 2389 2851 succre-

255 2906 576 2969 scentem
627 2894 1044 2967 societatem
1098 2894 1386 2989 eiusque
1441 2904 1804 2967 auctorem
1858 2892 2383 2967 turbulentissi-

251 3036 444 3085 mam
502 3022 1006 3106 tempestatem
1059 3009 1422 3083 excitavit.
1455 3008 1773 3107 Perpulit
1806 3012 1997 3081 enim
2034 3010 2383 3083 incendit·-

255 3153 396 3225 que
449 3128 822 3201 nonnullos
876 3124 1106 3199 Lucae
1159 3149 1514 3222 procereS,
1553 3138 1636 3200 ut
1673 3126 2007 3201 loannem
2042 3150 2124 3201 ac
2159 3128 2385 3203 socios

253 3246 436 3319 lictis
487 3240 1102 3319 criminationibus
1153 3242 1630 3337 impeterent,
1688 3242 2225 3339 religiosamque
2279 3241 2389 3315 fa-

253 3364 530 3435 miliam
571 3386 814 3437 recens
853 3371 1174 3435 coactam
1209 3362 1578 3457 dissipare,
1625 3384 1707 3435 ac
1744 3362 1979 3435 delere
2012 3362 2207 3437 omni
2244 3386 2379 3460 ope

253 3482 682 3553 niterentur.
741 3477 935 3567 Quae
992 3478 1294 3573 procella
1323 3500 1543 3575 quum
1579 3478 1952 3575 aliquando
1978 3481 2380 3568 resedisset,

253 3598 453 3671 haud
507 3598 608 3669 ita
661 3596 888 3669 multo
942 3609 1106 3693 post
1137 3646 1156 3681 ‚
1213 3596 1578 3671 adnitente
1651 3598 1941 3694 quidem
2009 3600 2379 3687 daemone,

258 3715 471 3811 longe
530 3713 1026 3787 vehementius
1061 3712 1412 3801 efferbuit,
1451 3736 1673 3813 quum
1711 3717 2045 3791 nimirum
2080 3718 2385 3813 religiosi

243 3834 526 3909 sodales
579 3832 776 3907 omni
829 3832 918 3905 ad
973 3833 1445 3907 victitandum
1499 3832 1813 3908 subsidio
1862 3836 2148 3929 privati,
2186 3835 2383 3930 deje-

245 3950 490 4046 ctique
544 3951 760 4023 etiam
817 3972 856 4021 e
909 3950 1058 4023 suis
1111 3950 1402 4024 aedibus
1439 3948 1840 4046 perfugium
1876 3951 2013 4025 alio
2046 3974 2381 4047 quaerere

256 4070 483 4143 coacti
537 4068 758 4153 fuere,
816 4069 916 4141 sic
952 4078 1060 4153 ut,
1099 4068 1232 4141 nisi
1287 4069 1537 4141 dexter
1585 4066 1927 4141 adfuisset
1962 4066 2175 4158 Deua,
2215 4095 2379 4147 coe-

247 4196 464 4280 ptum
519 4197 666 4258 tam
721 4182 1020 4257 feliciter
1047 4207 1226 4279 opus
1265 4185 1717 4259 interiturum
1754 4184 1959 4281 plane
2002 4188 2377 4263 videretur.
