<?xml version="1.0" encoding="UTF-8"?>
<!DOCTYPE html PUBLIC "-//W3C//DTD XHTML 1.0 Transitional//EN"
    "http://www.w3.org/TR/xhtml1/DTD/xhtml1-transitional.dtd">
<html xmlns="http://www.w3.org/1999/xhtml" xml:lang="en" lang="en">
 <head>
  <title>
</title>
<meta http-equiv="Content-Type" content="text/html;charset=utf-8" />
  <meta name='ocr-system' content='tesseract 3.04.00' />
  <meta name='ocr-capabilities' content='ocr_page ocr_carea ocr_par ocr_line ocrx_word'/>
</head>
<body>
  <div class='ocr_page' id='page_1' title='image "./piiixpontificis00ixgoog_0661.png"; bbox 0 0 3317 5267; ppageno 0'>
   <div class='ocr_carea' id='block_1_1' title="bbox 286 461 2449 4210">
    <p class='ocr_par' dir='ltr' id='par_1_1' title="bbox 292 461 2449 2322">
     <span class='ocr_line' id='line_1_1' title="bbox 2288 461 2435 536; baseline 0 0"><span class='ocrx_word' id='word_1_1' title='bbox 2288 461 2435 536; x_wconf 73' lang='lat'><strong>653</strong></span> 
     </span>
     <span class='ocr_line' id='line_1_2' title="bbox 295 572 2435 672; baseline -0.004 -18"><span class='ocrx_word' id='word_1_2' title='bbox 295 603 372 654; x_wconf 83' lang='lat' dir='ltr'><strong>ac</strong></span> <span class='ocrx_word' id='word_1_3' title='bbox 423 575 804 664; x_wconf 84' lang='lat' dir='ltr'><strong>moderari,</strong></span> <span class='ocrx_word' id='word_1_4' title='bbox 859 587 934 649; x_wconf 91' lang='lat' dir='ltr'><strong>et</strong></span> <span class='ocrx_word' id='word_1_5' title='bbox 985 595 1070 647; x_wconf 86' lang='lat' dir='ltr'><strong>ea</strong></span> <span class='ocrx_word' id='word_1_6' title='bbox 1121 574 1360 646; x_wconf 89' lang='lat' dir='ltr'><strong>omnia</strong></span> <span class='ocrx_word' id='word_1_7' title='bbox 1415 572 1821 648; x_wconf 84' lang='lat' dir='ltr'><strong>hominibus</strong></span> <span class='ocrx_word' id='word_1_8' title='bbox 1872 575 2209 672; x_wconf 84' lang='lat' dir='ltr'><strong>praehere</strong></span> <span class='ocrx_word' id='word_1_9' title='bbox 2244 578 2435 654; x_wconf 84' lang='lat' dir='ltr'><strong>sub-</strong></span> 
     </span>
     <span class='ocr_line' id='line_1_3' title="bbox 294 689 2435 790; baseline -0 -20"><span class='ocrx_word' id='word_1_10' title='bbox 294 695 496 782; x_wconf 87' lang='lat' dir='ltr'><strong>sidia,</strong></span> <span class='ocrx_word' id='word_1_11' title='bbox 551 713 734 790; x_wconf 86' lang='lat' dir='ltr'><strong>quae</strong></span> <span class='ocrx_word' id='word_1_12' title='bbox 783 693 874 764; x_wconf 85' lang='lat' dir='ltr'><strong>ad</strong></span> <span class='ocrx_word' id='word_1_13' title='bbox 925 689 1258 764; x_wconf 88' lang='lat' dir='ltr'><strong>ultimum</strong></span> <span class='ocrx_word' id='word_1_14' title='bbox 1319 713 1528 764; x_wconf 88' lang='lat' dir='ltr'><strong>suum</strong></span> <span class='ocrx_word' id='word_1_15' title='bbox 1591 701 1757 786; x_wconf 88' lang='lat' dir='ltr'><strong>post</strong></span> <span class='ocrx_word' id='word_1_16' title='bbox 1794 692 2113 767; x_wconf 86' lang='lat' dir='ltr'><strong>mortalis</strong></span> <span class='ocrx_word' id='word_1_17' title='bbox 2140 693 2435 769; x_wconf 85' lang='lat' dir='ltr'><strong>huiusce</strong></span> 
     </span>
     <span class='ocr_line' id='line_1_4' title="bbox 295 807 2425 904; baseline -0 -17"><span class='ocrx_word' id='word_1_18' title='bbox 295 815 484 887; x_wconf 83' lang='lat' dir='ltr'><strong>vitae</strong></span> <span class='ocrx_word' id='word_1_19' title='bbox 535 809 917 886; x_wconf 83' lang='lat' dir='ltr'><strong>stationem</strong></span> <span class='ocrx_word' id='word_1_20' title='bbox 969 807 1186 881; x_wconf 82' lang='lat' dir='ltr'><strong>finem</strong></span> <span class='ocrx_word' id='word_1_21' title='bbox 1239 809 1787 904; x_wconf 89' lang='lat' dir='ltr'><strong>assequendum,</strong></span> <span class='ocrx_word' id='word_1_22' title='bbox 1842 809 2119 884; x_wconf 89' lang='lat' dir='ltr'><strong>scilicet</strong></span> <span class='ocrx_word' id='word_1_23' title='bbox 2168 813 2259 884; x_wconf 85' lang='lat' dir='ltr'><strong>ad</strong></span> <span class='ocrx_word' id='word_1_24' title='bbox 2309 835 2425 886; x_wconf 89' lang='lat' dir='ltr'><strong>ae-</strong></span> 
     </span>
     <span class='ocr_line' id='line_1_5' title="bbox 293 925 2435 1006; baseline -0.001 0"><span class='ocrx_word' id='word_1_25' title='bbox 293 943 568 1006; x_wconf 83' lang='lat' dir='ltr'><strong>ternam</strong></span> <span class='ocrx_word' id='word_1_26' title='bbox 621 928 926 1002; x_wconf 87' lang='lat' dir='ltr'><strong>salutem</strong></span> <span class='ocrx_word' id='word_1_27' title='bbox 979 925 1438 1000; x_wconf 84' lang='lat' dir='ltr'><strong>obtinendam</strong></span> <span class='ocrx_word' id='word_1_28' title='bbox 1467 935 1637 1000; x_wconf 88' lang='lat' dir='ltr'><strong>sunt</strong></span> <span class='ocrx_word' id='word_1_29' title='bbox 1664 928 2085 1002; x_wconf 88' lang='lat' dir='ltr'><strong>necessaria.</strong></span> <span class='ocrx_word' id='word_1_30' title='bbox 2139 928 2237 1003; x_wconf 90' lang='lat' dir='ltr'><strong>Et</strong></span> <span class='ocrx_word' id='word_1_31' title='bbox 2262 952 2435 1004; x_wconf 89' lang='lat' dir='ltr'><strong>sane</strong></span> 
     </span>
     <span class='ocr_line' id='line_1_6' title="bbox 294 1044 2437 1145; baseline 0 -23"><span class='ocrx_word' id='word_1_32' title='bbox 294 1047 674 1133; x_wconf 85' lang='lat' dir='ltr'><strong>institutio,</strong></span> <span class='ocrx_word' id='word_1_33' title='bbox 731 1067 914 1145; x_wconf 87' lang='lat' dir='ltr'><strong>quae</strong></span> <span class='ocrx_word' id='word_1_34' title='bbox 965 1068 1108 1119; x_wconf 90' lang='lat' dir='ltr'><strong>non</strong></span> <span class='ocrx_word' id='word_1_35' title='bbox 1163 1044 1394 1118; x_wconf 87' lang='lat' dir='ltr'><strong>solum</strong></span> <span class='ocrx_word' id='word_1_36' title='bbox 1447 1065 1687 1116; x_wconf 81' lang='lat' dir='ltr'><strong>rerum</strong></span> <span class='ocrx_word' id='word_1_37' title='bbox 1741 1044 2121 1120; x_wconf 85' lang='lat' dir='ltr'><strong>dumtaxat</strong></span> <span class='ocrx_word' id='word_1_38' title='bbox 2140 1059 2437 1122; x_wconf 86' lang='lat' dir='ltr'><strong>natura·-</strong></span> 
     </span>
     <span class='ocr_line' id='line_1_7' title="bbox 293 1162 2439 1262; baseline 0 -24"><span class='ocrx_word' id='word_1_39' title='bbox 293 1165 466 1238; x_wconf 87' lang='lat' dir='ltr'><strong>lium</strong></span> <span class='ocrx_word' id='word_1_40' title='bbox 523 1164 922 1248; x_wconf 84' lang='lat' dir='ltr'><strong>seientiam,</strong></span> <span class='ocrx_word' id='word_1_41' title='bbox 983 1183 1066 1236; x_wconf 90' lang='lat' dir='ltr'><strong>ac</strong></span> <span class='ocrx_word' id='word_1_42' title='bbox 1119 1174 1442 1235; x_wconf 78' lang='lat' dir='ltr'><strong>terrenae</strong></span> <span class='ocrx_word' id='word_1_43' title='bbox 1495 1162 1775 1236; x_wconf 87' lang='lat' dir='ltr'><strong>socialis</strong></span> <span class='ocrx_word' id='word_1_44' title='bbox 1828 1163 2017 1238; x_wconf 85' lang='lat' dir='ltr'><strong>vitae</strong></span> <span class='ocrx_word' id='word_1_45' title='bbox 2040 1164 2217 1240; x_wconf 86' lang='lat' dir='ltr'><strong>fines</strong></span> <span class='ocrx_word' id='word_1_46' title='bbox 2268 1189 2439 1262; x_wconf 81' lang='lat' dir='ltr'><strong>spe-</strong></span> 
     </span>
     <span class='ocr_line' id='line_1_8' title="bbox 295 1278 2439 1369; baseline 0 -13"><span class='ocrx_word' id='word_1_47' title='bbox 295 1294 470 1369; x_wconf 83' lang='lat' dir='ltr'><strong>ctat,</strong></span> <span class='ocrx_word' id='word_1_48' title='bbox 547 1303 794 1356; x_wconf 78' lang='lat' dir='ltr'><strong>verum</strong></span> <span class='ocrx_word' id='word_1_49' title='bbox 849 1281 1066 1354; x_wconf 82' lang='lat' dir='ltr'><strong>etiam</strong></span> <span class='ocrx_word' id='word_1_50' title='bbox 1123 1301 1167 1352; x_wconf 88' lang='lat' dir='ltr'><strong>a</strong></span> <span class='ocrx_word' id='word_1_51' title='bbox 1217 1279 1644 1354; x_wconf 79' lang='lat' dir='ltr'><strong>veritatibus</strong></span> <span class='ocrx_word' id='word_1_52' title='bbox 1675 1303 1715 1352; x_wconf 92' lang='lat' dir='ltr'><strong>a</strong></span> <span class='ocrx_word' id='word_1_53' title='bbox 1744 1278 1891 1356; x_wconf 89' lang='lat' dir='ltr'><strong>Deo</strong></span> <span class='ocrx_word' id='word_1_54' title='bbox 1940 1283 2271 1368; x_wconf 82' lang='lat' dir='ltr'><strong>revelatis</strong></span> <span class='ocrx_word' id='word_1_55' title='bbox 2306 1284 2439 1357; x_wconf 91' lang='lat' dir='ltr'><strong>de·-</strong></span> 
     </span>
     <span class='ocr_line' id='line_1_9' title="bbox 299 1397 2441 1497; baseline 0.001 -26"><span class='ocrx_word' id='word_1_56' title='bbox 299 1400 512 1487; x_wconf 86' lang='lat' dir='ltr'><strong>eedit,</strong></span> <span class='ocrx_word' id='word_1_57' title='bbox 569 1399 638 1470; x_wconf 92' lang='lat' dir='ltr'><strong>in</strong></span> <span class='ocrx_word' id='word_1_58' title='bbox 691 1399 977 1484; x_wconf 86' lang='lat' dir='ltr'><strong>erroris,</strong></span> <span class='ocrx_word' id='word_1_59' title='bbox 1051 1397 1540 1493; x_wconf 83' lang='lat' dir='ltr'><strong>mendaciique</strong></span> <span class='ocrx_word' id='word_1_60' title='bbox 1621 1397 1953 1494; x_wconf 84' lang='lat' dir='ltr'><strong>spiritum</strong></span> <span class='ocrx_word' id='word_1_61' title='bbox 2030 1399 2441 1497; x_wconf 78' lang='lat' dir='ltr'><strong>prolabatur</strong></span> 
     </span>
     <span class='ocr_line' id='line_1_10' title="bbox 295 1515 2437 1614; baseline 0 -24"><span class='ocrx_word' id='word_1_62' title='bbox 295 1528 576 1612; x_wconf 84' lang='lat' dir='ltr'><strong>oportet</strong></span> <span class='ocrx_word' id='word_1_63' title='bbox 607 1567 628 1603; x_wconf 91' lang='lat'><strong>,</strong></span> <span class='ocrx_word' id='word_1_64' title='bbox 685 1527 762 1590; x_wconf 86' lang='lat' dir='ltr'><strong>et</strong></span> <span class='ocrx_word' id='word_1_65' title='bbox 811 1517 1132 1590; x_wconf 79' lang='lat' dir='ltr'><strong>educatio</strong></span> <span class='ocrx_word' id='word_1_66' title='bbox 1163 1567 1184 1603; x_wconf 89' lang='lat'><strong>,</strong></span> <span class='ocrx_word' id='word_1_67' title='bbox 1241 1537 1424 1614; x_wconf 86' lang='lat' dir='ltr'><strong>quae</strong></span> <span class='ocrx_word' id='word_1_68' title='bbox 1477 1517 1630 1588; x_wconf 85' lang='lat' dir='ltr'><strong>sine</strong></span> <span class='ocrx_word' id='word_1_69' title='bbox 1696 1515 2123 1592; x_wconf 74' lang='lat' dir='ltr'><strong>christianae</strong></span> <span class='ocrx_word' id='word_1_70' title='bbox 2166 1517 2437 1592; x_wconf 86' lang='lat' dir='ltr'><strong>doctri-</strong></span> 
     </span>
     <span class='ocr_line' id='line_1_11' title="bbox 299 1633 2437 1730; baseline 0.001 -24"><span class='ocrx_word' id='word_1_71' title='bbox 299 1655 460 1721; x_wconf 87' lang='lat' dir='ltr'><strong>nae,</strong></span> <span class='ocrx_word' id='word_1_72' title='bbox 515 1655 937 1730; x_wconf 79' lang='lat' dir='ltr'><strong>morumqne</strong></span> <span class='ocrx_word' id='word_1_73' title='bbox 961 1633 1372 1730; x_wconf 85' lang='lat' dir='ltr'><strong>disciplinae</strong></span> <span class='ocrx_word' id='word_1_74' title='bbox 1407 1633 1672 1708; x_wconf 79' lang='lat' dir='ltr'><strong>auxilio</strong></span> <span class='ocrx_word' id='word_1_75' title='bbox 1714 1644 1993 1709; x_wconf 86' lang='lat' dir='ltr'><strong>teneras</strong></span> <span class='ocrx_word' id='word_1_76' title='bbox 2024 1635 2437 1710; x_wconf 88' lang='lat' dir='ltr'><strong>adolescen-</strong></span> 
     </span>
     <span class='ocr_line' id='line_1_12' title="bbox 299 1751 2435 1848; baseline 0.002 -26"><span class='ocrx_word' id='word_1_77' title='bbox 299 1751 480 1826; x_wconf 89' lang='lat' dir='ltr'><strong>tium</strong></span> <span class='ocrx_word' id='word_1_78' title='bbox 527 1763 840 1836; x_wconf 85' lang='lat' dir='ltr'><strong>mentes,</strong></span> <span class='ocrx_word' id='word_1_79' title='bbox 863 1771 874 1782; x_wconf 82' lang='grc'>’</span> <span class='ocrx_word' id='word_1_80' title='bbox 895 1773 1284 1848; x_wconf 74' lang='lat' dir='ltr'><strong>eorumque</strong></span> <span class='ocrx_word' id='word_1_81' title='bbox 1335 1773 1538 1824; x_wconf 79' lang='lat' dir='ltr'><strong>cerea</strong></span> <span class='ocrx_word' id='word_1_82' title='bbox 1591 1751 1667 1824; x_wconf 90' lang='lat' dir='ltr'><strong>in</strong></span> <span class='ocrx_word' id='word_1_83' title='bbox 1718 1751 1973 1825; x_wconf 74' lang='lat' dir='ltr'><strong>vitium</strong></span> <span class='ocrx_word' id='word_1_84' title='bbox 1998 1751 2187 1826; x_wconf 81' lang='lat' dir='ltr'><strong>flecti</strong></span> <span class='ocrx_word' id='word_1_85' title='bbox 2222 1751 2435 1828; x_wconf 80' lang='lat' dir='ltr'><strong>corda</strong></span> 
     </span>
     <span class='ocr_line' id='line_1_13' title="bbox 300 1868 2435 1968; baseline 0.001 -26"><span class='ocrx_word' id='word_1_86' title='bbox 300 1868 662 1957; x_wconf 77' lang='lat' dir='ltr'><strong>informat,</strong></span> <span class='ocrx_word' id='word_1_87' title='bbox 717 1889 858 1944; x_wconf 88' lang='lat' dir='ltr'><strong>non</strong></span> <span class='ocrx_word' id='word_1_88' title='bbox 909 1880 1152 1966; x_wconf 87' lang='lat' dir='ltr'><strong>potest</strong></span> <span class='ocrx_word' id='word_1_89' title='bbox 1199 1893 1342 1944; x_wconf 88' lang='lat' dir='ltr'><strong>non</strong></span> <span class='ocrx_word' id='word_1_90' title='bbox 1393 1889 1640 1966; x_wconf 84' lang='lat' dir='ltr'><strong>parere</strong></span> <span class='ocrx_word' id='word_1_91' title='bbox 1692 1871 2105 1966; x_wconf 74' lang='lat' dir='ltr'><strong>progeniem</strong></span> <span class='ocrx_word' id='word_1_92' title='bbox 2144 1920 2179 1958; x_wconf 78' lang='lat'><strong>,</strong></span> <span class='ocrx_word' id='word_1_93' title='bbox 2250 1889 2435 1968; x_wconf 85' lang='lat' dir='ltr'><strong>quae</strong></span> 
     </span>
     <span class='ocr_line' id='line_1_14' title="bbox 292 1987 2449 2088; baseline -0.001 -26"><span class='ocrx_word' id='word_1_94' title='bbox 292 1995 533 2088; x_wconf 75' lang='lat' dir='ltr'><strong>pravis</strong></span> <span class='ocrx_word' id='word_1_95' title='bbox 581 1989 1082 2086; x_wconf 83' lang='lat' dir='ltr'><strong>cupiditatibus</strong></span> <span class='ocrx_word' id='word_1_96' title='bbox 1153 1990 1598 2086; x_wconf 84' lang='lat' dir='ltr'><strong>propriisque·</strong></span> <span class='ocrx_word' id='word_1_97' title='bbox 1682 1987 2073 2062; x_wconf 86' lang='lat' dir='ltr'><strong>rationibus</strong></span> <span class='ocrx_word' id='word_1_98' title='bbox 2150 1999 2449 2062; x_wconf 77' lang='lat' dir='ltr'><strong>tanturn·</strong></span> 
     </span>
     <span class='ocr_line' id='line_1_15' title="bbox 295 2103 2429 2204; baseline -0 -25"><span class='ocrx_word' id='word_1_99' title='bbox 295 2119 646 2204; x_wconf 85' lang='lat' dir='ltr'><strong>permota,</strong></span> <span class='ocrx_word' id='word_1_100' title='bbox 711 2118 786 2180; x_wconf 87' lang='lat' dir='ltr'><strong>et</strong></span> <span class='ocrx_word' id='word_1_101' title='bbox 837 2107 1138 2204; x_wconf 89' lang='lat' dir='ltr'><strong>impulsa</strong></span> <span class='ocrx_word' id='word_1_102' title='bbox 1195 2103 1546 2180; x_wconf 85' lang='lat' dir='ltr'><strong>maximas</strong></span> <span class='ocrx_word' id='word_1_103' title='bbox 1575 2116 1734 2178; x_wconf 87' lang='lat' dir='ltr'><strong>tum</strong></span> <span class='ocrx_word' id='word_1_104' title='bbox 1756 2105 2057 2202; x_wconf 85' lang='lat' dir='ltr'><strong>privatis</strong></span> <span class='ocrx_word' id='word_1_105' title='bbox 2115 2103 2429 2192; x_wconf 85' lang='lat' dir='ltr'><strong>familiis,</strong></span> 
     </span>
     <span class='ocr_line' id='line_1_16' title="bbox 294 2222 1709 2322; baseline -0.003 -24"><span class='ocrx_word' id='word_1_106' title='bbox 294 2237 448 2300; x_wconf 89' lang='lat' dir='ltr'><strong>tum</strong></span> <span class='ocrx_word' id='word_1_107' title='bbox 505 2225 932 2322; x_wconf 86' lang='lat' dir='ltr'><strong>reipublicae</strong></span> <span class='ocrx_word' id='word_1_108' title='bbox 984 2222 1188 2298; x_wconf 80' lang='lat' dir='ltr'><strong>affert</strong></span> <span class='ocrx_word' id='word_1_109' title='bbox 1239 2224 1709 2299; x_wconf 82' lang='lat' dir='ltr'><strong>calamitates.</strong></span> 
     </span>
    </p>

    <p class='ocr_par' dir='ltr' id='par_1_2' title="bbox 286 2337 2447 4210">
     <span class='ocr_line' id='line_1_17' title="bbox 453 2337 2445 2437; baseline 0 -21"><span class='ocrx_word' id='word_1_110' title='bbox 453 2343 546 2416; x_wconf 79' lang='lat' dir='ltr'><strong>At</strong></span> <span class='ocrx_word' id='word_1_111' title='bbox 597 2365 766 2416; x_wconf 82' lang='lat' dir='ltr'><strong>vero</strong></span> <span class='ocrx_word' id='word_1_112' title='bbox 818 2364 984 2416; x_wconf 90' lang='lat' dir='ltr'><strong>cum</strong></span> <span class='ocrx_word' id='word_1_113' title='bbox 1034 2342 1440 2418; x_wconf 88' lang='lat' dir='ltr'><strong>huiusmodi</strong></span> <span class='ocrx_word' id='word_1_114' title='bbox 1495 2337 2091 2437; x_wconf 80' lang='lat' dir='ltr'><strong>perniciosissima</strong></span> <span class='ocrx_word' id='word_1_115' title='bbox 2138 2339 2445 2418; x_wconf 60' lang='lat' dir='ltr'><strong>docendi</strong></span> 
     </span>
     <span class='ocr_line' id='line_1_18' title="bbox 297 2455 2445 2554; baseline 0.001 -22"><span class='ocrx_word' id='word_1_116' title='bbox 297 2460 480 2534; x_wconf 88' lang='lat' dir='ltr'><strong>ratio</strong></span> <span class='ocrx_word' id='word_1_117' title='bbox 529 2460 848 2534; x_wconf 83' lang='lat' dir='ltr'><strong>seiuncta</strong></span> <span class='ocrx_word' id='word_1_118' title='bbox 901 2482 946 2534; x_wconf 93' lang='lat' dir='ltr'><strong>a</strong></span> <span class='ocrx_word' id='word_1_119' title='bbox 999 2459 1346 2536; x_wconf 88' lang='lat' dir='ltr'><strong>catholica</strong></span> <span class='ocrx_word' id='word_1_120' title='bbox 1393 2457 1558 2544; x_wconf 85' lang='lat' dir='ltr'><strong>fide,</strong></span> <span class='ocrx_word' id='word_1_121' title='bbox 1614 2468 1691 2532; x_wconf 89' lang='lat' dir='ltr'><strong>et</strong></span> <span class='ocrx_word' id='word_1_122' title='bbox 1740 2455 1831 2530; x_wconf 86' lang='lat' dir='ltr'><strong>ab</strong></span> <span class='ocrx_word' id='word_1_123' title='bbox 1878 2455 2243 2534; x_wconf 82' lang='lat' dir='ltr'><strong>Ecclesiae</strong></span> <span class='ocrx_word' id='word_1_124' title='bbox 2304 2479 2445 2554; x_wconf 57' lang='lat' dir='ltr'><strong>po-</strong></span> 
     </span>
     <span class='ocr_line' id='line_1_19' title="bbox 295 2573 2447 2663; baseline -0 -13"><span class='ocrx_word' id='word_1_125' title='bbox 295 2587 554 2652; x_wconf 79' lang='lat' dir='ltr'><strong>testate</strong></span> <span class='ocrx_word' id='word_1_126' title='bbox 607 2579 922 2656; x_wconf 80' lang='lat' dir='ltr'><strong>maximo</strong></span> <span class='ocrx_word' id='word_1_127' title='bbox 973 2578 1070 2652; x_wconf 88' lang='lat' dir='ltr'><strong>sit</strong></span> <span class='ocrx_word' id='word_1_128' title='bbox 1121 2573 1550 2663; x_wconf 85' lang='lat' dir='ltr'><strong>hominihus,</strong></span> <span class='ocrx_word' id='word_1_129' title='bbox 1605 2585 1683 2650; x_wconf 86' lang='lat' dir='ltr'><strong>et</strong></span> <span class='ocrx_word' id='word_1_130' title='bbox 1732 2574 2056 2650; x_wconf 80' lang='lat' dir='ltr'><strong>societati</strong></span> <span class='ocrx_word' id='word_1_131' title='bbox 2107 2574 2372 2649; x_wconf 86' lang='lat' dir='ltr'><strong>damno</strong></span> <span class='ocrx_word' id='word_1_132' title='bbox 2409 2625 2447 2661; x_wconf 75' lang='lat'><strong>,.</strong></span> 
     </span>
     <span class='ocr_line' id='line_1_20' title="bbox 295 2691 2444 2794; baseline 0.001 -26"><span class='ocrx_word' id='word_1_133' title='bbox 295 2695 468 2770; x_wconf 84' lang='lat' dir='ltr'><strong>dum</strong></span> <span class='ocrx_word' id='word_1_134' title='bbox 513 2696 748 2794; x_wconf 77' lang='lat' dir='ltr'><strong>agitur</strong></span> <span class='ocrx_word' id='word_1_135' title='bbox 780 2697 870 2770; x_wconf 86' lang='lat' dir='ltr'><strong>de</strong></span> <span class='ocrx_word' id='word_1_136' title='bbox 920 2696 1178 2772; x_wconf 85' lang='lat' dir='ltr'><strong>litteris</strong></span> <span class='ocrx_word' id='word_1_137' title='bbox 1210 2691 1833 2790; x_wconf 72' lang='lat' dir='ltr'><strong>severior-ibasque</strong></span> <span class='ocrx_word' id='word_1_138' title='bbox 1861 2693 2247 2790; x_wconf 82' lang='lat' dir='ltr'><strong>disciplinis</strong></span> <span class='ocrx_word' id='word_1_139' title='bbox 2285 2704 2444 2770; x_wconf 82' lang='lat' dir='ltr'><strong>tra-</strong></span> 
     </span>
     <span class='ocr_line' id='line_1_21' title="bbox 286 2807 2447 2906; baseline -0.003 -19"><span class='ocrx_word' id='word_1_140' title='bbox 286 2813 569 2900; x_wconf 73' lang='lat' dir='ltr'><strong>dendis,</strong></span> <span class='ocrx_word' id='word_1_141' title='bbox 622 2837 704 2886; x_wconf 91' lang='lat' dir='ltr'><strong>ac</strong></span> <span class='ocrx_word' id='word_1_142' title='bbox 753 2815 845 2888; x_wconf 88' lang='lat' dir='ltr'><strong>de</strong></span> <span class='ocrx_word' id='word_1_143' title='bbox 897 2813 1312 2888; x_wconf 86' lang='lat' dir='ltr'><strong>educatione</strong></span> <span class='ocrx_word' id='word_1_144' title='bbox 1364 2809 1675 2886; x_wconf 83' lang='lat' dir='ltr'><strong>curanda</strong></span> <span class='ocrx_word' id='word_1_145' title='bbox 1760 2811 1835 2892; x_wconf 85' lang='lat' dir='ltr'><strong>in</strong></span> <span class='ocrx_word' id='word_1_146' title='bbox 1888 2810 2147 2886; x_wconf 87' lang='lat' dir='ltr'><strong>scholis</strong></span> <span class='ocrx_word' id='word_1_147' title='bbox 2199 2807 2447 2906; x_wconf 84' lang='lat' dir='ltr'><strong>publi-</strong></span> 
     </span>
     <span class='ocr_line' id='line_1_22' title="bbox 287 2927 2439 3028; baseline -0 -23"><span class='ocrx_word' id='word_1_148' title='bbox 287 2933 538 3028; x_wconf 81' lang='lat' dir='ltr'><strong>cisque</strong></span> <span class='ocrx_word' id='word_1_149' title='bbox 587 2929 968 3020; x_wconf 84' lang='lat' dir='ltr'><strong>lnstitutis,</strong></span> <span class='ocrx_word' id='word_1_150' title='bbox 1023 2953 1206 3028; x_wconf 89' lang='lat' dir='ltr'><strong>quae</strong></span> <span class='ocrx_word' id='word_1_151' title='bbox 1257 2927 1783 3004; x_wconf 76' lang='lat' dir='ltr'><strong>honestioribus</strong></span> <span class='ocrx_word' id='word_1_152' title='bbox 1834 2927 2193 3005; x_wconf 78' lang='lat' dir='ltr'><strong>societatis</strong></span> <span class='ocrx_word' id='word_1_153' title='bbox 2246 2927 2439 3010; x_wconf 65' lang='lat' dir='ltr'><strong>clasr·</strong></span> 
     </span>
     <span class='ocr_line' id='line_1_23' title="bbox 291 3042 2439 3141; baseline -0.003 -21"><span class='ocrx_word' id='word_1_154' title='bbox 291 3045 492 3122; x_wconf 85' lang='lat' dir='ltr'><strong>sibus</strong></span> <span class='ocrx_word' id='word_1_155' title='bbox 545 3057 716 3118; x_wconf 86' lang='lat' dir='ltr'><strong>sunt</strong></span> <span class='ocrx_word' id='word_1_156' title='bbox 759 3046 1142 3131; x_wconf 85' lang='lat' dir='ltr'><strong>destinata,</strong></span> <span class='ocrx_word' id='word_1_157' title='bbox 1192 3045 1440 3141; x_wconf 85' lang='lat' dir='ltr'><strong>ecquis</strong></span> <span class='ocrx_word' id='word_1_158' title='bbox 1492 3066 1634 3118; x_wconf 88' lang='lat' dir='ltr'><strong>non</strong></span> <span class='ocrx_word' id='word_1_159' title='bbox 1690 3042 1909 3130; x_wconf 79' lang='lat' dir='ltr'><strong>videt,</strong></span> <span class='ocrx_word' id='word_1_160' title='bbox 1966 3042 2195 3117; x_wconf 89' lang='lat' dir='ltr'><strong>multo</strong></span> <span class='ocrx_word' id='word_1_161' title='bbox 2240 3063 2439 3137; x_wconf 59' lang='lat' dir='ltr'><strong>gra-</strong></span> 
     </span>
     <span class='ocr_line' id='line_1_24' title="bbox 297 3159 2441 3248; baseline -0.001 -12"><span class='ocrx_word' id='word_1_162' title='bbox 297 3165 496 3238; x_wconf 81' lang='lat' dir='ltr'><strong>viora</strong></span> <span class='ocrx_word' id='word_1_163' title='bbox 545 3163 732 3240; x_wconf 84' lang='lat' dir='ltr'><strong>mala</strong></span> <span class='ocrx_word' id='word_1_164' title='bbox 787 3173 860 3236; x_wconf 86' lang='lat' dir='ltr'><strong>et</strong></span> <span class='ocrx_word' id='word_1_165' title='bbox 910 3164 1170 3238; x_wconf 85' lang='lat' dir='ltr'><strong>damna</strong></span> <span class='ocrx_word' id='word_1_166' title='bbox 1220 3187 1312 3236; x_wconf 79' lang='lat' dir='ltr'><strong>ex</strong></span> <span class='ocrx_word' id='word_1_167' title='bbox 1363 3161 1496 3238; x_wconf 83' lang='lat' dir='ltr'><strong>hac</strong></span> <span class='ocrx_word' id='word_1_168' title='bbox 1547 3161 1889 3236; x_wconf 87' lang='lat' dir='ltr'><strong>methodo</strong></span> <span class='ocrx_word' id='word_1_169' title='bbox 1941 3160 2297 3248; x_wconf 86' lang='lat' dir='ltr'><strong>derivare,</strong></span> <span class='ocrx_word' id='word_1_170' title='bbox 2374 3159 2441 3234; x_wconf 87' lang='lat' dir='ltr'><strong>si</strong></span> 
     </span>
     <span class='ocr_line' id='line_1_25' title="bbox 293 3275 2435 3381; baseline -0.004 -24"><span class='ocrx_word' id='word_1_171' title='bbox 293 3284 546 3359; x_wconf 86' lang='lat' dir='ltr'><strong>eadem</strong></span> <span class='ocrx_word' id='word_1_172' title='bbox 599 3285 672 3356; x_wconf 86' lang='lat' dir='ltr'><strong>in</strong></span> <span class='ocrx_word' id='word_1_173' title='bbox 725 3283 1098 3381; x_wconf 75' lang='lat' dir='ltr'><strong>populares</strong></span> <span class='ocrx_word' id='word_1_174' title='bbox 1151 3282 1522 3358; x_wconf 81' lang='lat' dir='ltr'><strong>inducatur</strong></span> <span class='ocrx_word' id='word_1_175' title='bbox 1575 3279 1853 3358; x_wconf 86' lang='lat' dir='ltr'><strong>scholas</strong></span> <span class='ocrx_word' id='word_1_176' title='bbox 1880 3275 1921 3351; x_wconf 69' lang='grc' dir='ltr'><strong>ἰ’</strong></span> <span class='ocrx_word' id='word_1_177' title='bbox 1984 3277 2275 3353; x_wconf 88' lang='lat' dir='ltr'><strong>Etenim</strong></span> <span class='ocrx_word' id='word_1_178' title='bbox 2360 3275 2435 3350; x_wconf 86' lang='lat' dir='ltr'><strong>in</strong></span> 
     </span>
     <span class='ocr_line' id='line_1_26' title="bbox 293 3391 2431 3500; baseline -0.003 -24"><span class='ocrx_word' id='word_1_179' title='bbox 293 3401 490 3476; x_wconf 88' lang='lat' dir='ltr'><strong>hisce</strong></span> <span class='ocrx_word' id='word_1_180' title='bbox 539 3401 990 3500; x_wconf 86' lang='lat' dir='ltr'><strong>potissimum</strong></span> <span class='ocrx_word' id='word_1_181' title='bbox 1043 3399 1304 3476; x_wconf 87' lang='lat' dir='ltr'><strong>scholis</strong></span> <span class='ocrx_word' id='word_1_182' title='bbox 1351 3420 1604 3474; x_wconf 86' lang='lat' dir='ltr'><strong>omnes</strong></span> <span class='ocrx_word' id='word_1_183' title='bbox 1680 3398 2025 3494; x_wconf 82' lang='lat' dir='ltr'><strong>cuiusque</strong></span> <span class='ocrx_word' id='word_1_184' title='bbox 2074 3420 2115 3469; x_wconf 92' lang='lat' dir='ltr'><strong>e</strong></span> <span class='ocrx_word' id='word_1_185' title='bbox 2166 3391 2431 3491; x_wconf 88' lang='lat' dir='ltr'><strong>populo</strong></span> 
     </span>
     <span class='ocr_line' id='line_1_27' title="bbox 293 3517 2435 3618; baseline -0.004 -22"><span class='ocrx_word' id='word_1_186' title='bbox 293 3521 536 3596; x_wconf 88' lang='lat' dir='ltr'><strong>classis</strong></span> <span class='ocrx_word' id='word_1_187' title='bbox 587 3522 788 3618; x_wconf 88' lang='lat' dir='ltr'><strong>pueri</strong></span> <span class='ocrx_word' id='word_1_188' title='bbox 843 3522 953 3598; x_wconf 86' lang='lat' dir='ltr'><strong>vel</strong></span> <span class='ocrx_word' id='word_1_189' title='bbox 1005 3545 1046 3594; x_wconf 84' lang='lat' dir='ltr'><strong>a</strong></span> <span class='ocrx_word' id='word_1_190' title='bbox 1099 3520 1362 3596; x_wconf 85' lang='lat' dir='ltr'><strong>teneris</strong></span> <span class='ocrx_word' id='word_1_191' title='bbox 1395 3517 1602 3592; x_wconf 86' lang='lat' dir='ltr'><strong>annis</strong></span> <span class='ocrx_word' id='word_1_192' title='bbox 1627 3517 2113 3592; x_wconf 83' lang='lat' dir='ltr'><strong>sanctissimae</strong></span> <span class='ocrx_word' id='word_1_193' title='bbox 2150 3525 2435 3590; x_wconf 88' lang='lat' dir='ltr'><strong>nostrae</strong></span> 
     </span>
     <span class='ocr_line' id='line_1_28' title="bbox 291 3633 2444 3737; baseline -0.004 -25"><span class='ocrx_word' id='word_1_194' title='bbox 291 3638 650 3734; x_wconf 73' lang='lat' dir='ltr'><strong>religionis</strong></span> <span class='ocrx_word' id='word_1_195' title='bbox 701 3641 1086 3737; x_wconf 77' lang='lat' dir='ltr'><strong>mysteriis,</strong></span> <span class='ocrx_word' id='word_1_196' title='bbox 1141 3661 1224 3714; x_wconf 89' lang='lat' dir='ltr'><strong>ac</strong></span> <span class='ocrx_word' id='word_1_197' title='bbox 1277 3633 1897 3734; x_wconf 82' lang='lat' dir='ltr'><strong>praeceptionibus</strong></span> <span class='ocrx_word' id='word_1_198' title='bbox 1942 3633 2187 3710; x_wconf 90' lang='lat' dir='ltr'><strong>sedulo</strong></span> <span class='ocrx_word' id='word_1_199' title='bbox 2266 3641 2444 3706; x_wconf 87' lang='lat' dir='ltr'><strong>sunt</strong></span> 
     </span>
     <span class='ocr_line' id='line_1_29' title="bbox 293 3752 2429 3853; baseline -0.003 -24"><span class='ocrx_word' id='word_1_200' title='bbox 293 3757 684 3844; x_wconf 89' lang='lat' dir='ltr'><strong>erudiendi,</strong></span> <span class='ocrx_word' id='word_1_201' title='bbox 740 3769 816 3831; x_wconf 87' lang='lat' dir='ltr'><strong>et</strong></span> <span class='ocrx_word' id='word_1_202' title='bbox 866 3757 952 3832; x_wconf 87' lang='lat' dir='ltr'><strong>ad</strong></span> <span class='ocrx_word' id='word_1_203' title='bbox 1005 3757 1376 3853; x_wconf 84' lang='lat' dir='ltr'><strong>pietatem,</strong></span> <span class='ocrx_word' id='word_1_204' title='bbox 1429 3771 1853 3848; x_wconf 87' lang='lat' dir='ltr'><strong>morumque</strong></span> <span class='ocrx_word' id='word_1_205' title='bbox 1914 3752 2367 3836; x_wconf 77' lang='lat' dir='ltr'><strong>honestatem</strong></span> <span class='ocrx_word' id='word_1_206' title='bbox 2406 3799 2429 3836; x_wconf 92' lang='lat'><strong>,</strong></span> 
     </span>
     <span class='ocr_line' id='line_1_30' title="bbox 293 3868 2437 3972; baseline -0.004 -24"><span class='ocrx_word' id='word_1_207' title='bbox 293 3885 374 3948; x_wconf 91' lang='lat' dir='ltr'><strong>et</strong></span> <span class='ocrx_word' id='word_1_208' title='bbox 419 3877 512 3950; x_wconf 85' lang='lat' dir='ltr'><strong>ad</strong></span> <span class='ocrx_word' id='word_1_209' title='bbox 561 3876 998 3972; x_wconf 84' lang='lat' dir='ltr'><strong>religionem,</strong></span> <span class='ocrx_word' id='word_1_210' title='bbox 1052 3873 1472 3968; x_wconf 82' lang='lat' dir='ltr'><strong>civilemque</strong></span> <span class='ocrx_word' id='word_1_211' title='bbox 1527 3868 1813 3942; x_wconf 86' lang='lat' dir='ltr'><strong>vivendi</strong></span> <span class='ocrx_word' id='word_1_212' title='bbox 1878 3869 2228 3944; x_wconf 85' lang='lat' dir='ltr'><strong>rationem</strong></span> <span class='ocrx_word' id='word_1_213' title='bbox 2311 3887 2437 3940; x_wconf 86' lang='lat' dir='ltr'><strong>ac-</strong></span> 
     </span>
     <span class='ocr_line' id='line_1_31' title="bbox 289 3985 2437 4091; baseline -0.004 -22"><span class='ocrx_word' id='word_1_214' title='bbox 289 4008 534 4069; x_wconf 82' lang='lat' dir='ltr'><strong>curate</strong></span> <span class='ocrx_word' id='word_1_215' title='bbox 585 3995 962 4070; x_wconf 85' lang='lat' dir='ltr'><strong>formandi.</strong></span> <span class='ocrx_word' id='word_1_216' title='bbox 1021 3995 1250 4091; x_wconf 84' lang='lat' dir='ltr'><strong>Atque</strong></span> <span class='ocrx_word' id='word_1_217' title='bbox 1307 3993 1380 4064; x_wconf 88' lang='lat' dir='ltr'><strong>in</strong></span> <span class='ocrx_word' id='word_1_218' title='bbox 1433 3990 1709 4066; x_wconf 81' lang='lat' dir='ltr'><strong>eisdem</strong></span> <span class='ocrx_word' id='word_1_219' title='bbox 1773 3987 2031 4064; x_wconf 87' lang='lat' dir='ltr'><strong>scholis</strong></span> <span class='ocrx_word' id='word_1_220' title='bbox 2108 3985 2437 4084; x_wconf 78' lang='lat' dir='ltr'><strong>religiosa</strong></span> 
     </span>
     <span class='ocr_line' id='line_1_32' title="bbox 293 4105 2441 4210; baseline -0.004 -24"><span class='ocrx_word' id='word_1_221' title='bbox 293 4114 714 4210; x_wconf 85' lang='lat' dir='ltr'><strong>praesertim</strong></span> <span class='ocrx_word' id='word_1_222' title='bbox 767 4114 1084 4190; x_wconf 87' lang='lat' dir='ltr'><strong>doctrina</strong></span> <span class='ocrx_word' id='word_1_223' title='bbox 1139 4114 1240 4187; x_wconf 90' lang='lat' dir='ltr'><strong>ita</strong></span> <span class='ocrx_word' id='word_1_224' title='bbox 1289 4109 1705 4208; x_wconf 85' lang='lat' dir='ltr'><strong>primarium</strong></span> <span class='ocrx_word' id='word_1_225' title='bbox 1746 4109 1819 4182; x_wconf 90' lang='lat' dir='ltr'><strong>in</strong></span> <span class='ocrx_word' id='word_1_226' title='bbox 1846 4107 2049 4182; x_wconf 84' lang='lat' dir='ltr'><strong>instit</strong></span> <span class='ocrx_word' id='word_1_227' title='bbox 2102 4105 2323 4192; x_wconf 89' lang='lat' dir='ltr'><strong>tione,</strong></span> <span class='ocrx_word' id='word_1_228' title='bbox 2360 4113 2441 4180; x_wconf 84' lang='lat' dir='ltr'><strong>et</strong></span> 
     </span>
    </p>
   </div>
  </div>
 </body>
</html>
