3317 5267
2324 479 2467 550 689

333 605 480 667 tam
535 594 724 667 dirae
777 594 1096 692 contagia
1149 595 1370 691 pestis
1421 591 1711 666 omnino
1737 591 2105 668 horrerent
2136 600 2216 663 et
2265 592 2471 666 flevi-

333 725 587 786 tarent.
648 712 746 788 Ac
797 715 1210 810 praesertim
1265 711 1520 788 Nostra
1574 711 1800 808 prima
1881 709 2226 808 encyclica
2276 711 2467 808 Epi-

333 831 516 904 stola
567 831 678 904 die
736 832 776 903 9
833 829 1240 904 novembris
1294 851 1478 903 anno
1543 833 1737 902 1846
1781 825 1995 902 Vobis
2030 829 2317 924 scripta,
2354 827 2467 900 bi-
2540 819 2543 822 ’

332 944 582 1043 nisque
638 945 1214 1034 Allocutionibu&
1270 963 1570 1043 quarum
1623 944 1842 1017 altera
1896 944 2009 1018 die
2064 947 2106 1015 9
2182 943 2496 1035 decem-3

326 1064 470 1140 bris
524 1089 708 1141 anno
769 1070 990 1156 1854,
1043 1066 1262 1139 altera
1317 1087 1486 1139 vero
1542 1067 1582 1136 9
1636 1063 1807 1135 iunii
1862 1073 2046 1136 anno
2136 1065 2326 1135 ¹862
2384 1060 2455 1132 in

326 1181 760 1258 consistorio
811 1206 850 1255 a
901 1181 1117 1258 Nobis
1167 1181 1408 1256 hahita
1461 1180 1596 1254 fuit
1627 1233 1647 1266 ‚
1706 1190 2104 1254 monstrosa
2184 1178 2461 1274 opinio-

324 1325 494 1375 num
552 1315 877 1399 portenta
929 1303 1454 1389 damnavimus,
1539 1315 1727 1398 quae
1805 1299 1937 1374 hac
2014 1299 2465 1396 potissimum

326 1429 558 1493 aetate
610 1438 773 1494 cum'
828 1421 1140 1493 maximo
1221 1420 1617 1493 animarum
1696 1415 2023 1504 damno,
2104 1425 2181 1489 et
2212 1410 2463 1492 ,civilis

323 1536 542 1632 ipsius
593 1539 948 1612 societatis
974 1538 1402 1612 detrimento
1436 1537 1917 1622 dominantur,
1958 1554 2279 1632 quaeque
2316 1555 2460 1606 non

325 1653 554 1727 solum
608 1653 990 1727 catholicae
1041 1653 1420 1738 Ecclesiae,
1477 1653 1769 1750 eiusque
1820 1651 2109 1724 salutari
2176 1647 2461 1745 3dectri-

325 1789 456 1840 nae
515 1791 596 1843 ac
651 1769 1070 1842 venerandis
1122 1769 1415 1856 iuribuS,
1458 1789 1707 1842 verum
1744 1767 1956 1840 etiam
1988 1765 2461 1861 sempiternae

319 1884 621 1956 naturali
685 1884 820 1982 legi
875 1908 916 1956 a
971 1883 1118 1959 Deo
1172 1885 1242 1958 in
1315 1883 1631 1958 omnium
1674 1880 1999 1958 cordibus
2036 1881 2455 1976 insculptae,

317 2013 690 2096 rectaeque
739 2002 991 2074 rationi
1047 2002 1358 2075 maxime
1411 2003 1901 2086 adversantur,
1957 2011 2049 2072 et·-
2084 2021 2174 2073 ex
2202 1997 2459 2096 quibus

229 2185 238 2194 .
318 2118 434 2190 alii
487 2140 706 2214 prope
759 2139 1010 2192 omnes
1062 2120 1406 2215 originem
1458 2115 1727 2190 habent
1780 2139 2085 2190 errores.

465 2232 620 2306 Etsi
675 2241 916 2307 autem
970 2234 1158 2307 haud
1212 2233 1667 2308 omiserimus
1722 2233 2131 2329 potissimos
2206 2233 2459 2307 huius-

315 2350 506 2435 modi
559 2371 834 2422 errores
885 2371 1096 2445 saepe
1152 2347 1588 2446 proscribere
1643 2361 1717 2422 et
1768 2344 2168 2445 reprobare,
2210 2361 2449 2422 tamen

314 2465 696 2540 catholicae
746 2463 1100 2540 Ecclesiae
1153 2487 1389 2551 causa,
1447 2466 1988 2562 animarumque
2065 2463 2252 2538 salus
2306 2461 2455 2540 No—

313 2581 422 2654 bis
457 2581 796 2655 divinitus
847 2583 1263 2669 commissa,
1329 2592 1546 2679 atque
1596 2581 1820 2678 ipsius
1904 2581 2259 2654 humanae
2328 2605 2453 2657 so-

315 2701 590 2774 cietatis
641 2689 907 2775 bonum
962 2703 1253 2776 omnino
1307 2702 1693 2798 postulant,
1750 2712 1833 2775 ut
1894 2702 2151 2776 iterum
2203 2714 2451 2798 pasto-

315 2818 536 2891 ralem
589 2831 900 2890 vestram
955 2819 1492 2892 sollicitudinem
1527 2821 1919 2892 excitemus
1957 2819 2043 2891 ad
2080 2817 2249 2890 alias
2284 2840 2451 2914 pra-

315 2959 440 3008 vas
493 2935 956 3032 profligandas
1007 2934 1400 3030 opiniones»,
1453 2958 1634 3031 quae
1688 2957 1777 3007 ex
1842 2934 2109 3008 eisdem
2186 2937 2445 3009 errori-

309 3053 470 3140 buS,
525 3051 742 3128 veluti
797 3077 884 3126 ex
939 3051 1251 3126 fontibus
1303 3063 1712 3148 erumpunt.
1788 3050 1983 3141 Quae
2060 3052 2273 3126 falsae
2360 3075 2445 3127 ac

311 3191 682 3268 perversae
733 3169 1098 3265 opiniones
1150 3191 1235 3242 eo
1268 3167 1496 3264 magis
1533 3170 1990 3243 detestandae
2018 3179 2211 3253 sunt,
2252 3169 2441 3265 quod

308 3312 392 3364 eo
444 3287 892 3385 potissimum
947 3297 1299 3382 spectant,
1363 3297 1445 3360 ut
1497 3285 1921 3381 impediatur
1972 3296 2057 3357 et
2108 3305 2439 3358 amovea-

305 3425 422 3482 tur
471 3408 792 3481 salutaris
846 3407 961 3479 illa
1013 3407 1144 3494 vis,
1201 3427 1426 3504 quam
1479 3405 1825 3480 catholica
1854 3404 2165 3480 Ecclesia
2202 3427 2293 3478 ex
2326 3405 2439 3478 di-

310 3525 455 3599 vini
507 3523 616 3597 sui
655 3523 976 3596 Auctoris
1003 3522 1472 3609 institutione,
1511 3537 1586 3597 et
1619 3521 1956 3596 mandato
1982 3519 2199 3593 libere
2228 3541 2441 3592 exer-

302 3663 458 3714 cere
509 3639 947 3736 debetusque
976 3640 1063 3711 ad
1099 3659 1518 3712 consumma
1531 3639 1801 3712 tionem
1840 3637 2099 3710 saeculi
2128 3659 2269 3711 non
2300 3635 2442 3708 mi-

309 3779 441 3829 nus
495 3778 657 3852 erga
711 3754 1024 3851 singulos
1059 3753 1412 3840 homines,
1452 3775 1669 3850 quam
1722 3775 1889 3850 erga
1927 3751 2275 3836 natione&
2318 3772 2439 3845 po-

307 3871 508 3969 pulos
560 3892 1017 3967 summosque
1070 3893 1313 3944 eorum
1368 3868 1758 3966 Principe&
1840 3879 2060 3966 utque
2111 3867 2200 3941 dc
2278 3889 2435 3939 me-

314 3991 430 4067 dio
481 3989 769 4064 tollatur
814 3999 1068 4062 mutua
1117 3987 1234 4060 illa
1282 3988 1464 4062 inter
1513 3987 1993 4063 Sacerdotium
2046 3997 2121 4060 et
2198 3983 2435 4080 Impe-

305 4106 488 4180 rium
541 4103 990 4179 consiliorum
1043 4103 1344 4178 societas
1373 4115 1447 4177 et
1471 4103 1871 4211 concordia,
1908 4121 2087 4199 quae
2138 4101 2241 4174 rei
2268 4123 2432 4174 cum

304 4245 540 4296 sacrae
593 4232 746 4295 tum
799 4219 985 4292 civili
1037 4218 1268 4294 fausta
1321 4243 1600 4317 semper
1689 4219 1929 4293 extitit
1990 4239 2070 4292 ac
2150 4217 2428 4292 saluta-
