3317 5267
2309 463 2350 532 7
2364 465 2393 534 1
2414 461 2453 532 5

343 601 580 658 suram
631 579 766 654 illis
817 576 1128 654 inferunt
1161 577 1284 675 qui
1317 573 1727 654 facultatem
1781 579 2289 676 impedimenta
2340 579 2453 652 di-

343 697 670 772 rimentia
708 697 1080 772 inducendi
1113 693 1471 768 Ecclesiae
1507 717 1763 792 negare
1803 695 2135 782 audeant,
2175 694 2285 769 vel
2310 717 2453 768 non

345 828 514 892 sunt
563 817 942 913 dogmatici
977 816 1089 890 vel
1141 815 1228 888 de
1280 813 1413 888 hac
1463 823 1791 888 mutuata
1829 822 2185 910 potestate
2241 811 2455 886 intel-

343 933 604 1031 ligendi
653 947 845 1007 sunt.

551 1050 713 1116 Litt.
748 1047 970 1138 Apost.
1023 1051 1126 1116 Aa
1171 1049 1553 1136 apostolicae
1599 1045 1687 1114 22
1734 1047 2001 1134 augusti
2046 1043 2247 1112 1851.

494 1167 742 1242 LXXI.
802 1169 1192 1244 Tridentini
1265 1166 1496 1242 forma
1558 1165 1692 1238 sub
1751 1164 2181 1238 infirmitatis
2231 1185 2461 1261 poena

347 1312 488 1364 non
539 1287 802 1385 obligat
840 1340 861 1375 ,
919 1287 1038 1362 ubi
1089 1288 1204 1361 lex
1261 1285 1488 1360 civilis
1548 1285 1755 1358 aliam
1808 1284 2110 1358 formam
2162 1281 2465 1380 praestiss

344 1416 526 1492 tuat,
589 1415 666 1478 et
715 1405 884 1478 velit
935 1405 1070 1478 hac
1118 1425 1306 1480 nova
1358 1401 1596 1478 forma
1646 1399 2161 1476 interveniente
2212 1402 2463 1474 matri-

345 1523 664 1597 monium
726 1520 980 1594 valere.

549 1638 712 1704 Litt.
766 1635 988 1726 Apost.
1041 1638 1145 1706 Ad
1190 1635 1576 1724 apostolicae
1622 1634 1709 1701 22
1756 1636 2021 1723 angusti
2056 1631 2253 1702 1851.

497 1755 752 1830 LXXII
763 1811 778 1826 .
836 1755 1234 1831 Bonifacius
1296 1755 1454 1830 vlu
1511 1765 1759 1830 votum
1810 1755 2159 1828 castitatis
2211 1753 2283 1826 in
2346 1778 2466 1829 or-

347 1873 704 1948 dinatione
737 1874 1080 1948 emissum
1115 1875 1415 1970 nuptias
1459 1872 1687 1946 nullas
1721 1871 2009 1945 reddere
2042 1871 2312 1967 primus
2348 1893 2467 1946 as-

344 1988 588 2062 seruit.

547 2105 711 2172 Litt.
761 2103 987 2194 Apost.
1039 2108 1141 2174 Aa
1183 2106 1576 2194 apostolicae
1620 2105 1713 2174 22
1758 2105 2021 2195 augusti
2055 2101 2251 2172 1851.

500 2223 816 2300 LXXIII.
877 2225 963 2300 Vi
999 2238 1450 2302 conctractus
1503 2249 1699 2301 mere
1750 2227 1975 2301 civilis
2012 2237 2250 2322 potest
2284 2227 2473 2301 inter

341 2343 760 2420 christianos
811 2357 1138 2421 constare
1178 2348 1330 2420 veri
1365 2347 1677 2422 nominis
1730 2347 2297 2434 matrimonium3
2332 2346 2469 2420 fal-

344 2483 646 2560 sumque
695 2474 833 2551 est,
887 2474 1012 2539 aut
1059 2477 1504 2541 contractum
1555 2462 1998 2540 matrimonii
2044 2465 2231 2538 inter
2279 2464 2471 2539 chri-

341 2580 608 2656 stianos
659 2601 939 2677 semper
991 2605 1146 2657 esse
1199 2594 1760 2672 sacramentum,
1811 2595 1937 2658 aut
1986 2583 2257 2658 nullum
2310 2605 2469 2660 esse

343 2714 812 2791 contractum,
853 2703 912 2776 si
948 2717 1470 2779 sacramentum
1525 2705 1970 2780 excludatur.

544 2835 706 2902 Litt.
758 2833 984 2924 Apost.
1036 2838 1138 2904 Ad
1183 2839 1564 2926 apostolicae
1607 2837 1699 2904 22
1744 2839 2009 2925 augusti
2050 2835 2249 2906 1851.

539 2940 802 3009 Lettera
831 2941 904 3007 di
962 2941 1029 3008 S.
1067 2941 1132 3008 S.
1161 2941 1306 3010 Plo
1351 2943 1444 3009 lx
1491 2943 1553 3008 al
1584 2941 1681 3010 Re
1728 2940 1797 3008 di
1845 2939 2174 3030 Sardegna
2218 2939 2265 3009 9
2302 2949 2433 3008 set·

366 3051 615 3145 tembre
661 3051 862 3122 1852.

547 3155 764 3226 Alloc.
815 3159 1303 3228 Acci-bissianum
1347 3157 1435 3228 27
1479 3157 1867 3249 septembris
1912 3155 2113 3226 1852.

551 3267 764 3337 Alloc.
813 3271 1048 3341 Multis
1090 3268 1516 3357 ,qi-avibusque
1549 3267 1634 3338 17
1667 3267 2030 3336 decembris
2078 3265 2275 3336 1860.

500 3385 812 3464 LXXIV.
870 3389 1137 3464 Causae
1197 3390 1749 3465 matrimoniales
1785 3400 1859 3463 et
1886 3388 2236 3486 sponsalia
2308 3409 2461 3464 sua-

345 3518 467 3604 pte
519 3519 766 3582 natura
817 3511 904 3584 ad
957 3509 1192 3584 forum
1244 3509 1450 3584 civile
1503 3509 1887 3605 pertinent.

551 3637 712 3703 Litt.
765 3635 992 3726 Apost.
1045 3639 1150 3704 Aa
1177 3639 1556 3725 apostolicae
1588 3636 1680 3704 22
1724 3640 1989 3726 augusti
2022 3635 2219 3704 1851.

551 3741 770 3812 Alloc.
819 3745 1316 3812 Acci-bissianum
1359 3745 1445 3812 27
1493 3744 1880 3834 septembris
1935 3743 2135 3813 1852.

493 3861 552 3934 N
564 3861 670 3934 .B.
727 3862 879 3937 Huc
931 3863 1160 3940 facere
1213 3877 1518 3961 possunt
1559 3867 1699 3940 duo
1736 3866 1855 3939 alii
1890 3889 2163 3940 errores
2197 3865 2284 3939 de
2321 3865 2465 3942 cle-

339 3981 646 4056 ricorum
697 3980 1050 4056 coelibatu
1105 3981 1450 4060 abolendo
1513 3995 1589 4058 et
1639 3985 1727 4058 de
1780 3994 1973 4057 statu
2036 3982 2467 4058 matrimonii

341 4099 558 4174 statui
612 4099 1038 4196 virginitatis
1093 4099 1574 4178 anteferendo.
1641 4101 2159 4177 Confodiuntur
2197 4151 2219 4187 ,
2276 4102 2468 4197 prior

335 4221 408 4292 in
473 4223 681 4318 epist.
739 4223 1009 4319 encycl.
1070 4221 1214 4312 Qui
1263 4221 1595 4322 pluribus
1656 4229 1697 4297 9
1766 4223 2171 4300 novembris
2236 4228 2469 4315 1846,
