3317 5267
2300 452 2394 525 93

256 578 547 665 praeter
599 568 979 643 Rectorem
1032 580 1109 637 et
1160 560 1702 643 Procuratorem
1737 566 1880 641 duo
1917 564 2218 641 aderunt
2269 566 2403 643 do-

257 688 543 764 mestici
595 696 1095 784 praeceptores
1146 684 1269 781 qui
1320 708 1485 760 cum
1540 685 1864 761 Alumnis
1909 684 1998 761 de
2051 686 2163 774 iis,
2218 708 2402 784 quae

257 806 329 879 in
385 804 691 901 publicis
742 801 1325 879 commemoratis
1361 801 1619 877 scholis
1675 802 1936 878 tradita
1987 815 2182 891 sunt,
2237 804 2402 880 col-

262 924 503 1024 loquia
538 922 833 1021 singulis
866 919 1117 996 diebus
1150 918 1495 997 habentes
1510 972 1531 1009 ‚
1578 932 1653 995 et
1689 922 1984 997 traditas
2033 946 2150 997 res
2199 927 2400 1001 evol-

144 1074 148 1079 ·
269 1052 472 1128 vant,
526 1051 604 1115 et
652 1036 1107 1113 difficultates
1160 1036 1521 1133 explicent
1548 1088 1571 1125 ,
1626 1039 1964 1114 dirimant
1991 1090 2012 1128 ,
2069 1042 2402 1142 ipsosque

268 1159 615 1235 Alumnos
666 1158 754 1233 ad
790 1156 1023 1233 studia
1058 1176 1221 1231 cum
1262 1178 1639 1255 progressu
1675 1160 2072 1255 peragenda
2102 1162 2404 1261 diligen-

268 1292 382 1355 ter
430 1280 765 1375 dirigant.
804 1275 897 1350 Hi
932 1276 1305 1353 domestici
1342 1274 1846 1376 Praeceptorcs
1881 1278 2016 1355 illis
2055 1280 2403 1374 Alumnis,

270 1400 395 1497 qui
446 1397 859 1495 theologicis
910 1396 1163 1471 studiis
1223 1397 1541 1471 nondum
1621 1418 1914 1492 operam
1989 1414 2342 1476 navarunt
2377 1458 2402 1494 ,
2461 1380 2466 1385 ⁸

266 1536 510 1591 sacrae
562 1516 989 1612 Theologiae
1040 1514 1397 1589 elementa
1434 1513 1681 1589 sedulo
1731 1514 2040 1605 tradent,
2078 1540 2218 1615 qua
2270 1521 2406 1619 ipsi

270 1633 557 1709 Alumni
626 1630 907 1729 possint
958 1630 1213 1705 deinde
1268 1631 1339 1703 in
1396 1628 1686 1728 collegii
1766 1632 2072 1708 Romani
2145 1638 2408 1715 scholis

270 1774 435 1826 cum
486 1753 755 1826 maiore
806 1750 1299 1848 progressione
1350 1750 1667 1825 eiusdem
1707 1772 1944 1827 sacrae
1983 1752 2406 1855 Theologiae

270 1868 645 1943 scientiam
700 1867 1089 1945 addiscere.

426 1984 693 2061 Omnes
710 1985 929 2061 huius
960 1985 1338 2061 Seminarii
1368 1983 1654 2059 Alumni
1693 1986 1918 2061 vitam
1954 2010 2408 2069 communem

270 2118 511 2203 agent,
564 2117 643 2181 et
690 2104 993 2183 subiecti
1047 2118 1261 2181 erunt
1310 2106 1542 2182 eidem
1596 2106 1914 2203 regmae,
1969 2133 2186 2207 quam
2235 2114 2412 2187 dili-

273 2235 525 2323 genter
576 2244 865 2298 servare
936 2221 1325 2297 debebunt.

426 2341 609 2417 Cum
660 2352 905 2415 autem
956 2362 1207 2417 omnes
1260 2342 1383 2437 qui
1438 2340 1908 2417 ecclesiastica
1945 2342 2213 2420 obeunt
2247 2369 2413 2423 mu-

270 2461 417 2547 nia,
472 2460 557 2535 ad
624 2478 785 2532 eam
844 2458 1031 2533 vitae
1067 2456 1580 2555 perfectionem
1616 2458 2054 2535 contendant
2103 2472 2417 2559 oportet,

272 2598 457 2675 quae
510 2576 584 2652 in
636 2574 999 2651 Ecclesiae
1050 2573 1401 2649 ministris
1454 2575 1748 2651 omnino
1797 2577 2205 2675 requiritur,
2245 2604 2418 2678 quo-

272 2716 437 2769 rum
490 2712 755 2767 munus
790 2706 905 2766 est
938 2704 1215 2769 ceteros
1252 2692 1343 2767 ad
1378 2714 1672 2767 omnem
1709 2696 2162 2771 sanctitatem
2201 2696 2418 2773 verbo

274 2830 354 2892 et
400 2815 735 2914 exemplo
788 2814 1073 2891 allicere
1124 2822 1201 2885 et
1234 2812 1583 2901 excitare,
1622 2812 1873 2889 iccirco
1925 2813 2134 2889 huius
2186 2814 2422 2890 Semi-

276 2936 459 3009 narii
512 2934 800 3009 Alumni
871 2932 1064 3006 haud
1144 2930 1567 3003 existiment
1594 2983 1615 3018 ‚
1673 2954 1750 3005 se
1801 2934 2080 3007 muneri
2157 2956 2288 3008 suo
2335 2958 2420 3009 ac

276 3051 561 3127 divinae
612 3048 995 3136 vocationi,
1051 3046 1571 3144 hominumque
1606 3049 2082 3145 expectationi
2117 3048 2417 3125 satisfe—

278 3170 489 3257 cisse,
544 3169 681 3243 nisi
732 3168 961 3265 magis
1014 3166 1299 3241 divinae
1352 3187 1569 3262 quam
1622 3165 1974 3241 humanae
2027 3166 2416 3261 sapientiae

276 3287 535 3363 studiis
585 3285 907 3381 religiose
962 3282 1397 3368 vacaverint,
1454 3292 1531 3355 et
1580 3304 1668 3353 ea
1720 3280 1984 3367 omnia,
2029 3302 2210 3378 quae
2262 3283 2420 3378 pie-

278 3414 509 3477 tatem
560 3413 912 3499 spectant‚
970 3418 1291 3497 quaeque
1330 3398 1447 3473 hic
1496 3396 1934 3473 observanda
1985 3419 2416 3496 proponun-

280 3534 427 3608 tur,
478 3529 817 3616 prompto
870 3516 1226 3612 alacrique
1280 3516 1521 3590 animo
1576 3508 1968 3608 adimplere
2041 3526 2412 3593 conentur.
2487 3563 2494 3573 .

280 3639 628 3730 Quocirca
678 3638 891 3713 iidem
930 3633 1215 3709 Alumni
1274 3650 1553 3711 smnmo
1612 3650 1822 3705 mane
1854 3687 1874 3722 ‚
1939 3634 2182 3710 Sancti
2243 3638 2422 3736 Spi-

278 3757 465 3833 ritus
526 3778 661 3851 ope
724 3752 1098 3851 implorata
1128 3802 1151 3841 ‚
1216 3753 1505 3846 aliisque
1568 3751 2020 3848 praescriptis
2091 3754 2420 3850 precibus

280 3876 633 3963 recitatis,
687 3875 901 3950 horae
938 3872 1307 3947 dimidium
1346 3870 1417 3941 in
1456 3868 1696 3943 sedula
1735 3892 1818 3947 ac
1859 3870 2206 3968 profunda
2255 3898 2421 3950 oae-

278 3998 573 4071 lestium
624 4015 865 4067 rerum
900 4016 985 4067 ac
1018 3988 1561 4065 sacerdotalium
1600 3992 2019 4086 praesertim
2073 3982 2424 4069 virtutum

282 4126 361 4188 et
388 4112 783 4189 officiorum
819 4107 1281 4182 meditatione
1318 4106 1738 4202 transfigent,
1769 4130 1910 4205 quo
1945 4132 2193 4185 eorum
2217 4132 2426 4185 men..

288 4244 401 4307 tes
454 4232 527 4305 in
580 4229 695 4305 his
746 4222 1171 4301 meditandis
1223 4223 1459 4297 divina
1532 4224 1838 4321 quadam
1917 4228 2430 4323 perfundantur
