3317 5267
2278 503 2423 575 177

289 614 622 697 stolicam
667 612 920 687 Sedem
975 612 1240 698 bellum
1293 634 1542 709 gerere
1572 636 1719 704 non
1755 614 2117 689 desinunt.
2173 614 2415 714 Siqui-

283 734 456 811 dem
509 731 648 829 ipsi,
693 743 984 815 satanae
1025 733 1284 828 spiritu,
1333 729 1640 828 abrepti,
1692 730 1939 817 ltaliae
1989 733 2273 829 populis
2324 735 2417 812 ad

282 848 746 931 rebellionem
797 848 1154 935 excitatis,
1215 847 1694 946 legitimisque
1774 848 2225 947 Principibus
2288 874 2417 947 per

283 987 645 1045 summam
701 964 1124 1046 iniustitiam
1177 963 1516 1059 expulsis,
1545 964 1903 1064 rebusque
1938 967 2267 1057 omnihus
2302 968 2415 1041 die-

283 1082 468 1155 vinis
507 1091 582 1155 et
616 1081 950 1163 humanis
985 1079 1444 1177 per-turbatis,
1485 1082 1558 1163 in
1603 1078 2045 1169 pontificiam
2084 1086 2421 1171 Nostram

279 1196 624 1272 ditionem
659 1197 804 1280 iam
839 1196 1194 1293 superiore
1231 1219 1416 1273 anno
1445 1196 1713 1294 aliquot
1780 1201 2165 1295 provinciis
2215 1202 2405 1287 iniu-

285 1312 602 1390 stissimo
649 1336 734 1393 ac
775 1312 1114 1410 sacrilego
1149 1335 1436 1409 prorsus
1473 1336 1656 1399 ausu
1694 1316 2073 1412 spoliatam
2110 1319 2405 1405 irruere,

296 1438 373 1501 et
419 1429 725 1528 reliquas
759 1429 981 1527 ipsius
1015 1430 1304 1511 ditionis
1340 1430 1740 1525 provincias
1776 1431 2071 1530 agitare,
2112 1433 2407 1520 invade-

285 1568 362 1621 re
415 1559 491 1621 et
541 1570 884 1645 usurpare
938 1548 1353 1633 moliuntur.
1414 1544 1650 1645 Atque
1702 1548 1774 1633 id
1826 1572 1913 1633 ea
1964 1552 2411 1648 iniquissima

286 1676 526 1740 mente
577 1648 854 1747 efficere
908 1667 1182 1753 volunt,
1235 1676 1322 1740 ut
1372 1665 1670 1755 scilieet,
1744 1668 1935 1743 civili
2005 1667 2269 1761 Nostro
2336 1680 2413 1743 et

287 1784 494 1859 huius
547 1784 851 1861 Sanctae
901 1784 1104 1861 Sedis
1139 1785 1546 1881 principatu
1586 1784 1908 1873 funditus
1956 1810 2243 1881 everso,
2294 1811 2415 1870 ea-

284 1902 620 1977 tholicam
653 1901 1074 1988 Ecclesiam,
1105 1903 1400 2000 eiusque
1431 1926 1848 1999 supremum
1876 1900 2408 1990 Pontificatum,

287 2020 350 2093 si
400 2020 554 2094 fieri
604 2042 922 2116 unquam
975 2031 1246 2116 posset,
1301 2020 1669 2107 destruere
1724 2022 2037 2108 valeant,
2078 2021 2415 2119 quemad-

287 2138 582 2213 modum
634 2150 745 2213 tot
799 2134 1122 2211 nefandis
1175 2136 1460 2232 seriptis
1511 2148 1588 2222 at
1637 2136 2131 2223 abominandis
2206 2136 2417 2220 factis

283 2253 470 2329 clare
523 2266 908 2353 aperteque
959 2254 1316 2329 declarare
1369 2277 1511 2330 non
1565 2254 2051 2339 reformidant.

435 2374 516 2449 In
571 2384 770 2448 tanta
808 2374 1021 2471 igitur
1053 2373 1493 2470 perditorum
1529 2374 1903 2461 hominum
1940 2376 2407 2472 perversitate

283 2504 498 2591 atque
549 2494 623 2566 in
677 2506 827 2567 tam
884 2492 1070 2565 tristi
1127 2513 1362 2565 rerum
1419 2493 1854 2582 conditione,
1892 2495 2413 2592 durissiuiaque

283 2611 734 2698 necessitate,
763 2609 1046 2683 etiamsi
1081 2609 1166 2683 de
1195 2606 1554 2693 Ecclesiae
1592 2610 1953 2707 triumpho
1990 2611 2165 2685 nihil
2204 2612 2413 2707 plane

283 2730 384 2803 sit
431 2726 924 2814 dubitandum,
953 2710 1222 2811 ¹tamen
1258 2748 1424 2799 cum
1461 2728 1851 2816 incredibili
1906 2729 2127 2815 animi
2178 2728 2417 2805 Nostri

283 2848 524 2923 dolore
581 2846 941 2923 noscimus
972 2897 993 2931 ‚
1031 2844 1372 2927 Nostrum
1424 2847 1821 2933 exercitum
1854 2898 1877 2935 ,
1934 2848 2231 2944 eiusque
2278 2848 2417 2933 du,-

285 2978 522 3041 ctores
559 2976 636 3039 et
680 2963 944 3038 milites
980 2962 1260 3060 egregie
1313 2963 1669 3049 animatos
1720 2964 1980 3042 debere
2034 2974 2107 3051 et
2160 2966 2419 3061 gravis-

283 3086 468 3158 sima
521 3085 718 3165 adire
771 3081 1107 3180 pericula,
1164 3104 1246 3157 ac
1297 3081 1550 3167 luctari
1603 3095 1685 3169 et
1718 3084 2050 3180 congredi
2084 3106 2251 3173 cum
2290 3106 2421 3173 aii-f

271 3204 670 3279 dacissimis
721 3201 1070 3288 hostibuS,
1146 3224 1228 3275 ac
1300 3202 1753 3297 peritissimis
1816 3202 2163 3287 scelerum
2216 3201 2412 3289 frau-

281 3324 598 3421 dumque
625 3322 1055 3401 architectis.
1091 3316 1438 3409 Quocirca
1465 3321 1799 3405 eumdem
1835 3320 2175 3405 Nostrum
2212 3342 2421 3406 exer-

283 3441 508 3515 citum
545 3461 674 3535 pro
725 3436 1108 3527 Ecclesiae,
1149 3447 1224 3508 et
1258 3435 1467 3509 liuius
1507 3433 1953 3533 Apostolicae
1990 3437 2189 3514 Sedis
2226 3459 2410 3523 oau-

285 3582 368 3633 sa
417 3567 702 3631 strenue
753 3553 1213 3633 dimicantem
1265 3552 1750 3648 spiritualibus
1802 3575 2085 3651 quoque
2136 3556 2412 3651 praesi-

286 3679 424 3754 diis
475 3698 692 3775 quam
743 3674 1210 3754 libentissime
1263 3676 1729 3750 muniendum
1804 3687 1881 3757 et
1952 3674 2419 3757 corroboran-

286 3796 464 3871 dum
493 3818 650 3869 esse
684 3793 1118 3871 censuimus.
1161 3790 1360 3873 Hanc
1398 3793 1638 3890 itaque
1682 3794 1769 3867 ad
1808 3794 1939 3881 Te,
1982 3792 2418 3869 Venerabilis

287 3912 564 4001 Frater,
621 3912 998 4009 epistolam
1051 3910 1451 3998 scribimus,
1509 3935 1649 4008 qua
1706 3912 1893 3998 Tibi„
1952 3934 2035 3988 ac
2088 3912 2419 3997 omnibus

283 4047 366 4109 et
415 4033 712 4131 singulis
747 4030 1066 4111 eiusdem
1104 4028 1342 4109 Nostri
1379 4032 1735 4105 exercitus
1772 4031 2263 4115 ecclesiasticis
2303 4035 2417 4107 vi·-

286 4154 388 4227 ris
423 4177 466 4226 a
497 4152 757 4239 SacriS,
795 4174 925 4227 seu
979 4146 1463 4249 cappellanis,
1503 4149 1915 4235 facultatem
1945 4150 2243 4235 facimus
2278 4138 2419 4237 im-

289 4269 640 4367 partiendi
696 4265 1138 4347 Auctoritate
1171 4267 1431 4345 Nostra
1469 4268 1873 4365 Apostolica
1910 4268 2297 4367 plenariam
2344 4270 2417 4346 in
