3317 5267
907 450 1216 661 {igme
1275 577 1663 653 omnesque
1718 568 1793 630 et
1848 558 2189 654 singulos,
2246 558 2502 656 quibus
2555 559 2693 635 hae
2746 556 3055 635 Nostrae

905 681 1216 753 Litterae
1253 676 1523 761 favent,
1565 696 1605 747 a
1642 674 2017 771 quibusvis
2038 676 2845 764 excommunicationis,
2882 702 3053 753 sus-

908 797 1269 894 pensionis
1313 804 1388 867 et
1423 792 1811 879 interdicti,
1850 792 2147 891 aliisque
2200 792 2701 869 ecclesiasticis
2752 806 3053 871 senten-

905 913 1410 1003 tiis‚.censuris
1463 922 1539 985 et
1591 910 1866 1009 poenis,
1924 911 1986 985 si
2038 910 2299 1007 quibus
2352 912 2891 1011 quomodolibet
2933 914 3051 987 in-

905 1034 1148 1107 nodati
1227 1030 1568 1115 existant,
1653 1028 1743 1101 ad
1816 1026 2153 1103 effectum
2215 1046 2515 1124 praesen
2526 1030 2705 1104 tium
2765 1040 3050 1109 tantum

905 1146 1482 1246 consequendum
1534 1146 1789 1218 harum
1826 1146 2009 1219 serie
2046 1144 2505 1221 absolventes
2552 1158 2629 1219 et
2678 1144 3049 1219 absolutos

909 1264 1058 1341 sore
1138 1272 1578 1347 censentes3
1651 1260 1927 1335 cunctis
1970 1311 1992 1347 ,
2076 1282 2263 1358 quae
2324 1261 2767 1361 inspicienda
2840 1272 3051 1335 erant

907 1394 1187 1455 matura
1232 1379 1739 1455 deliberatione
1791 1380 2187 1475 perpensis,
2244 1390 2451 1455 motu
2500 1379 2789 1476 proprio
2840 1388 2919 1453 et
2954 1402 3047 1453 ex

901 1510 1098 1574 eerta
1149 1498 1444 1572 scientia
1494 1496 1723 1591 deque
1788 1492 2235 1590 Apostolicae
2294 1496 2673 1593 potestatis
2724 1495 3045 1593 plenitu-

903 1618 1070 1691 dine
1145 1625 1378 1689 totum
1443 1612 1642 1691 illum
1696 1612 2039 1685 circulum
2110 1613 2616 1708 provincialem
2678 1613 2801 1710 qui
2875 1635 3041 1687 ver·

905 1732 1150 1811 nacule
1211 1756 1244 1801 «
1285 1728 1787 1827 De‘partement
1841 1725 1940 1801 du
1992 1726 2197 1802 Nord
2234 1754 2266 1797 >i
2312 1729 2737 1825 appellatur,
2776 1728 3042 1825 quique

905 1850 1323 1949 praesertim
1406 1850 1584 1923 haee
1662 1849 1983 1923 continet
2060 1848 2317 1944 oppida
2394 1872 2523 1923 seu
2594 1846 2967 1923 Paroecias
3012 1901 3036 1935 ,

903 1993 1163 2067 nempe
1197 1966 1345 2064 Cap
1385 1966 1667 2039 Haitien
1695 2006 1737 2019 -·
1771 1964 1972 2043 Milot
2004 2007 2047 2021 -
2084 1965 2467 2041 Limonade
2498 2004 2541 2021 -·
2576 1966 2767 2041 Tron
2804 2005 2847 2023 -·
2884 1964 3038 2038 val·

901 2090 1074 2163 licre
1125 2127 1166 2147 --
1225 2086 1506 2161 Ferrier
1553 2125 1596 2139 -
1649 2084 1897 2181 Ronge
1949 2126 2005 2137 -
2058 2084 2231 2162 Fort
2298 2084 2579 2161 Liberte
2628 2122 2671 2143 ν·
2718 2082 3037 2159 Occana-

885 2188 1180 2282 'minthe
1229 2240 1273 2265 ψ
1325 2201 1604 2279 Grande
1645 2202 1930 2276 Riviere
1964 2202 2059 2276 du
2096 2200 2287 2279 Nord
2336 2242 2377 2257 -
2416 2201 2693 2277 Domon
2742 2240 2786 2255 -
2838 2201 3035 2275 Ran-

899 2325 1134 2419 quitte
1196 2344 1475 2395 anuexe
1525 2358 1568 2374 -
1617 2320 1832 2393 Saint
1894 2318 2217 2415 Raphael
2278 2342 2555 2395 annexa
2602 2358 2643 2375 -
2704 2318 2881 2395 Aeul
2940 2319 3037 2394 du

901 2440 1094 2514 Nord
1123 2476 1165 2499 ‹-
1193 2436 1438 2511 Plaine
1491 2437 1584 2509 du
1639 2434 1831 2509 Nord
1866 2475 1907 2489 -
1944 2434 2193 2510 Limbe
2230 2474 2271 2491 -·
2305 2434 2619 2509 Plaisant
2652 2434 2931 2532 Borgne
2978 2475 3033 2490 -

902 2555 1076 2632 Port
1109 2556 1388 2652 Margot
1413 2594 1456 2607 -
1480 2554 1687 2631 Saint
1710 2552 1971 2631 Michel
2000 2555 2089 2629 de
2114 2556 2441 2651 l’atalaye
2472 2596 2515 2611 -
2540 2554 2959 2629 Mannulade
2992 2594 3033 2609 -

899 2686 976 2748 et
1025 2673 1300 2748 Hinche
1351 2694 1494 2745 una
1545 2694 1760 2766 porro
1838 2694 2001 2745 cum
2074 2673 2221 2747 suis
2274 2672 2605 2747 omnibus
2657 2673 3031 2769 utriusque

895 2814 1112 2873 sexus
1151 2790 1413 2881 incolis
1455 2812 1584 2863 nec
1621 2812 1765 2869 non
1821 2790 2117 2869 adnexis
2154 2790 2389 2879 terris,
2430 2788 2795 2879 Ecclesiis,
2844 2788 3029 2865 Ora·-

906 2910 1108 2987 toriis
1135 2960 1160 2995 ‚
1216 2908 1350 3005 piis
1403 2907 1747 3009 cujusque
1800 2908 2077 3003 generis
2134 2907 2487 2983 Institutis
2519 2962 2540 2997 ‚
2594 2908 2803 2985 bonis
2833 2962 2855 2997 ‚
2906 2910 3031 3005 ju-

895 3026 1094 3105 ribus
1153 3040 1229 3101 et
1289 3024 1544 3103 ceteris
1609 3024 2140 3102 inhaerentibus
2205 3037 2279 3097 et
2335 3026 2425 3099 de
2488 3048 2686 3101 more
2744 3050 3025 3105 coneo·-

895 3142 1320 3225 mitantibus
1374 3141 1779 3221 accessoriis
1822 3192 1843 3227 ,
1909 3163 1949 3213 a
2018 3142 2271 3238 quavis
2344 3142 2643 3238 pristina
2704 3146 3031 3239 superio-

892 3265 1102 3341 ritate
1142 3313 1163 3350 ,
1234 3259 1723 3357 jurisdictione
1762 3310 1784 3344 ‚
1862 3258 2203 3355 regimine
2268 3268 2485 3356 atque
2556 3260 3031 3337 administra—-

896 3384 1089 3457 tione
1149 3376 1650 3459 Ecclesiastica
1722 3387 2067 3473 perpetuo
2132 3376 2537 3472 Apostolica
2602 3381 3033 3457 auctoritate

890 3498 1273 3579 eximimus
1313 3496 1741 3593 penitusque
1790 3494 2197 3572 liberamus,
2258 3496 2647 3592 Ipsumque
2680 3498 3025 3575 circulum

887 3638 1029 3691 una
1081 3636 1244 3689 cum
1297 3612 1626 3689 omnibus
1690 3623 1765 3691 et
1816 3612 2109 3709 singulis
2162 3614 2375 3689 modo
2432 3617 2803 3691 recensitis
2831 3618 3028 3693 aliis-

890 3756 1032 3831 que
1079 3728 1612 3811 inhaerentibus
1674 3730 1991 3828 itemque
2052 3732 2141 3805 de
2202 3752 2401 3809 more
2462 3735 3027 3813 concomitanti-

891 3850 1024 3926 bus
1077 3848 1483 3927 accessoriis
1523 3860 1677 3927 tum
1730 3850 2069 3939 realibus,
2107 3863 2261 3930 tum
2316 3852 2832 3953 personalibus,
2864 3864 3021 3929 tum

879 3968 1128 4044 mixtis
1179 3990 1220 4041 e
1274 3965 1573 4062 vestigio
1627 3967 1701 4037 in
1762 3968 2123 4064 propriam
2184 3991 2355 4047 mox
2407 3971 2686 4051 noviter
2738 3970 3023 4067 erigen-

883 4087 1018 4161 dae
1077 4084 1520 4182 Episcopalis
1592 4082 1957 4164 Ecclesiae
2022 4086 2291 4185 Capitis
2326 4084 2645 4173 ⁴Haitani
2710 4086 3024 4165 Dioece=

885 4204 1024 4281 sim
1049 4201 1262 4275 simili
1300 4200 1705 4295 Apostolica
1732 4204 2154 4281 auctoritate
2190 4203 2407 4279 etiam
2437 4216 2781 4300 perpetuo
2808 4229 3017 4302 prae-

875 4320 1160 4403 finimus
1201 4342 1224 4405 ;
1276 4320 1705 4399 reservando
1758 4330 1996 4401 tamen
2049 4320 2264 4399 Nobis
2320 4333 2749 4428 sanctaeque
2806 4324 3002 4427 Apo·
