3317 5267
883 452 976 527 36

794 597 802 605 ·
877 560 1508 661 praestantioribus
1587 560 1873 659 quidem
1946 558 2320 635 antecellit
2406 560 2823 655 praeconiis.
2900 562 3001 637 Ea

877 682 1070 755 enim
1123 680 1197 754 in
1249 677 1542 760 centrali
1609 676 2019 755 Britanniae
2119 675 2417 749 minoris
2494 675 2789 771 planitie
2864 677 2999 753 sub

873 797 1052 874 aeris
1108 794 1482 867 clementia
1535 808 1608 866 et
1662 791 2077 867 salubritate
2130 789 2365 885 ample
2446 804 2837 888 ornateque
2886 806 2999 871 est

877 913 1184 997 condita,
1225 934 1306 985 ac
1342 911 1731 985 multarum
1768 908 2195 987 familiarum
2232 908 2485 983 decore
2522 920 2595 981 et
2621 909 2995 987 honestate

881 1052 966 1103 ex
975 1028 1380 1125 politiorum
1431 1048 1712 1101 morum
1765 1050 1925 1113 usu,
1986 1047 2221 1102 rerum
2250 1026 2479 1121 copia,
2508 1024 2999 1125 frequentique
3050 1122 3055 1129 ι

880 1146 1312 1222 advenarum
1343 1145 1821 1231 commercio,
1850 1144 2295 1239 superiorum
2333 1144 2823 1221 Tribunalium
2872 1128 3033 1221 au-⁵
3068 1240 3075 1247 ·

874 1264 1231 1349 ctoritate,
1283 1262 1723 1359 publicarum
1750 1261 2173 1336 litterarum‘
2202 1262 2799 1358 scientiarumque
2850 1263 3001 1337 cul·

881 1390 1063 1465 tura,
1095 1378 1439 1453 bonarum
1477 1378 1739 1463 artium
1774 1376 2106 1472 singulari
2146 1378 2515 1464 industria,
2546 1376 3001 1475 pluribusque

881 1494 1176 1591 publicis
1229 1507 1383 1570 tum
1421 1495 1747 1575 utilitatis
1790 1508 1941 1569 tum
1980 1496 2381 1570 ornamenti
2418 1494 2829 1571 florentibus
2886 1495 3003 1570 ln—

877 1619 1148 1695 stitutis
1199 1606 1502 1692 excellit.
1563 1617 1709 1689 lllic
1760 1618 1977 1689 etiam
2032 1617 2269 1713 plures
2320 1629 2825 1693 enumerantur
2860 1616 3004 1692 Ee-

872 1735 1150 1820 clesiae,
1189 1756 1488 1829 quarum
1527 1745 1803 1829 septem
1858 1731 2290 1808 Paroeciales
2342 1734 2751 1830 baptismali
2798 1732 2999 1809 fonte

871 1852 1229 1947 praeditae
1262 1902 1281 1934 ‚
1349 1851 1530 1923 inter
1589 1872 1769 1945 quas
1840 1850 2203 1945 magnifice
2240 1850 2599 1947 solideque
2668 1862 2999 1925 constru-

872 1984 1068 2049 ctum
1121 1972 1388 2045 eminet
1439 1966 1855 2043 Cathedralc
1938 1969 2285 2063 templum
2324 1966 2481 2041 Deo·
2523 1969 2597 2042 in
2656 1970 3003 2043 honorem

875 2088 1114 2165 Sancti
1151 2085 1340 2161 Petri
1398 2084 1715 2181 Apostoli
1750 2086 2091 2172 dicatum,
2130 2108 2369 2161 sacrae
2406 2084 2859 2181 supellectilis
2892 2097 3006 2161 eo-

875 2208 990 2302 pia
1041 2205 1462 2291 eonfertum,
1494 2217 1569 2280 et
1623 2203 2139 2279 Canonicorum
2193 2204 2499 2299 capitulo
2534 2204 2792 2283 divinis
2846 2203 3003 2279 offi-

877 2324 1004 2398 ciis
1051 2346 1341 2419 operam
1377 2336 1681 2398 navante
1716 2321 2176 2397 celebratum.
2219 2318 2377 2396 Duo
2410 2321 2697 2418 insuper
2746 2332 2999 2419 patent

863 2440 1028 2511 inibi
1059 2439 1707 2518 Ecclesiasticorum
1742 2438 2205 2515 Alumnorum
2233 2438 2715 2524 senunaria,et
2738 2438 3009 2537 aliquot

878 2555 1526 2632 Sanctimonialium
1557 2558 2126 2631 communitates.
2160 2553 2430 2643 Quibus
2458 2556 2681 2632 titulis
2708 2556 3000 2654 aliisque

878 2678 1384 2772 praerogativis
1447 2678 1881 2751 cumulatam
1962 2674 2503 2751 Rhedonensem
2580 2674 3005 2762 Ecclesiam,

881 2793 1085 2867 cuius
1135 2794 1458 2891 regimini
1515 2792 1947 2869 Venerabilis
1986 2792 2235 2867 Frater
2296 2790 2753 2869 Gothefridus
2787 2794 3010 2869 Brus-

881 2911 1022 2983 sais
1071 2910 1273 2987 Saint
1323 2912 1508 2989 Marc
1539 2913 1915 2987 hodiernus
1968 2912 2153 2983 illius
2196 2907 2483 2985 Praesul
2520 2932 2801 2987 summa
2836 2934 3006 3007 pm-

883 3027 1124 3105 dentia
1183 3040 1258 3103 et
1307 3030 1462 3105 zelo
1497 3039 1803 3125 praeest,
1862 3029 2153 3124 dignam
2218 3050 2373 3103 esse
2438 3030 2507 3101 in
2536 3029 2776 3103 animo
2800 3050 3015 3124 repu-

883 3145 1220 3232 tavimus,
1274 3160 1356 3221 ut
1407 3149 1494 3221 ad
1549 3144 2131 3239 Metropolitanae
2184 3146 2477 3240 gradum
2530 3156 2607 3221 et
2668 3146 3009 3223 honorem

884 3261 1372 3350 eveheremuS,
1401 3266 1604 3360 eique
1649 3258 2037 3356 peculiares
2088 3262 2613 3357 assignaremus
2664 3259 3009 3358 suffraga-

887 3389 1084 3453 turas
1137 3378 1513 3467 Ecclesiae,
1543 3393 1624 3457 ut
1676 3383 1749 3455 in
1800 3380 2169 3455 Britannia
2206 3380 2365 3475 ipsa
2394 3378 2649 3455 minori
2688 3379 2863 3453 haec
2896 3380 3005 3457 al—

889 3502 1041 3565 tera
1093 3518 1374 3593 quoque
1423 3496 1913 3575 Ecclesiastica
1951 3496 2329 3571 Provincia
2362 3496 2749 3573 ordinetur.

1039 3614 1187 3690 Nos
1241 3628 1613 3713 propterea
1664 3617 2147 3697 commendati
2202 3615 2626 3711 Napoleonis
2695 3617 3007 3714 Impera-

889 3732 1062 3811 toris
1090 3734 1623 3831 postulationes,
1651 3739 1915 3833 diuque
1966 3735 2173 3809 enixa
2228 3734 2507 3809 illorum
2572 3733 3015 3811 Christifide-

889 3852 1060 3923 lium
1095 3864 1258 3927 vota
1293 3864 1369 3926 et
1395 3854 1511 3949 pia
1537 3856 1883 3929 desideria
1908 3853 2217 3949 benigno
2256 3851 2499 3927 favore
2526 3856 2858 3951 prosequi
2886 3874 3017 3925 vo·-

891 3966 1144 4053 lentes,
1173 3990 1558 4067 omnesque
1586 3982 1661 4045 et
1690 3971 2040 4068 singulos,
2064 3968 2321 4067 quibus
2350 3970 2481 4045 hae
2510 3968 2807 4045 Nostrae
2858 3968 3015 4045 Lit-

891 4096 1084 4158 terae
1117 4085 1384 4176 favent,
1427 4112 1468 4163 a
1493 4090 1859 4187 quibusvis
1886 4091 2672 4177 excommunicationis,
2710 4112 3019 4185 suspen-

893 4206 1112 4278 sionis
1169 4218 1242 4278 et
1292 4207 1673 4299 interdicti,
1730 4211 2023 4308 aliisque
2076 4210 2563 4285 ecclesiasticis
2614 4210 3017 4298 sententiis,
