3317 5267
2353 484 2438 557 81

305 600 485 675 lium
514 596 1157 675 ·Consistorialibus
1232 595 1445 672 rebus
1522 598 1968 695 praepositae
2045 598 2133 673 ad
2195 618 2452 695 perpe-

312 728 517 791 tuam
568 718 669 789 rei
722 717 1144 789 memoriam
1197 726 1275 787 et
1322 730 1651 787 normam
1705 722 2246 791 conserventur.

472 834 813 911 Volumus
842 836 1060 909 etiam
1097 834 1285 933 quod
1322 834 1809 930 praesentium
1843 835 2242 909 litterarum
2271 844 2458 907 tran·

313 956 624 1052 sumptis
678 955 895 1028 etiam
960 954 1351 1049 impressis,
1408 972 1625 1025 manu
1679 964 1924 1027 tamen
1975 954 2267 1029 alicuius
2311 951 2458 1027 No-

314 1072 479 1143 tarii
526 1070 789 1167 publici
839 1068 1259 1167 subscriptis
1299 1120 1321 1156 ,
1376 1080 1451 1141 et
1500 1068 1730 1165 sigillo
1767 1069 2061 1144 alicuius
2112 1090 2456 1167 personae

319 1186 394 1260 in
446 1186 939 1262 Ecclesiastica
990 1176 1336 1283 dignitate
1389 1184 1824 1260 constitutae
1877 1186 2173 1260 munitis
2208 1188 2456 1261 eadem

318 1326 610 1400 prorsus
661 1302 837 1376 fides
888 1305 963 1375 in
1017 1302 1299 1387 iudicio,
1353 1311 1430 1374 et
1481 1312 1688 1375 extra
1751 1302 1946 1391 illud,
2013 1300 2455 1389 adhibeatur,

320 1440 503 1515 quae
556 1418 825 1492 eisdem
880 1413 1373 1514 praesentibus
1408 1414 1893 1506 adhiberetur,
1949 1418 2008 1491 si
2061 1416 2295 1493 forent
2331 1440 2461 1492 ex-

274 1620 282 1629 ,
320 1533 597 1610 hibitae
649 1534 765 1610 vel
817 1546 1172 1610 ostensae.

476 1650 665 1727 Nulli
714 1674 883 1751 ergo
934 1654 1226 1727 omnino
1260 1651 1635 1725 hominnm
1671 1650 1882 1727 liceat
1909 1652 2090 1728 hanc
2127 1654 2460 1751 paginam

318 1767 621 1843 Nostrae
672 1767 1133 1843 absolutionis
1173 1822 1195 1857 ,
1252 1769 1760 1866 acceptationis
1799 1822 1821 1858 ,
1897 1760 2396 1868 exequutionis
2433 1825 2456 1860 ‚

322 1882 831 1980 praefinitionis
870 1937 892 1973 ,
950 1886 1353 1974 erectionis,
1406 1885 1826 1982 largitionis,
1909 1887 2405 1985 assignationis
2437 1941 2458 1975 ,

323 2004 825 2093 concessionis,
880 2004 1083 2092 iussi,
1139 2004 1654 2091 attributionis,
1710 2002 2099 2103 praecepti,
2179 2008 2458 2095 statuti,

326 2122 842 2212 declarationis,
896 2121 1380 2212 subiectionis,
1433 2122 1714 2212 indulti,
1769 2124 2060 2212 decreti,
2114 2124 2458 2214 mandati,

324 2240 795 2337 derogationis
826 2292 847 2328 ,
902 2251 979 2315 et
1028 2239 1416 2315 voluntatis
1470 2238 1852 2337 infringere
1883 2291 1905 2327 ,
1962 2240 2076 2315 vel
2155 2242 2221 2315 ei
2283 2264 2461 2316 ausu

326 2359 705 2434 temerario
754 2359 1132 2435 contraire.
1189 2354 1265 2435 Si
1340 2358 1499 2457 quis
1576 2368 1822 2433 autem
1895 2358 2032 2433 hoc
2107 2370 2462 2436 attentare

328 2466 912 2573 praesumpserit,
964 2476 1521 2575 indignationem
1584 2472 2114 2575 Omnipotentis
2166 2476 2323 2566 Dei,
2379 2499 2463 2553 ac

329 2591 717 2668 Beatorum
770 2592 1272 2692 Apostolorum
1324 2595 1479 2669 eius
1530 2584 1768 2682 Petri,
1824 2604 1899 2668 et
1949 2592 2149 2669 Pauli
2201 2618 2278 2670 se
2329 2612 2464 2671 no-

330 2709 521 2782 verit
568 2709 1040 2783 incursurum.
1102 2708 1367 2783 Datum
1450 2709 1723 2785 Romae
1799 2710 1984 2807 apud
2035 2710 2112 2785 S.
2168 2699 2466 2785 Petrum

335 2826 543 2903 Anno
592 2827 1101 2903 Incarnationis
1156 2826 1563 2904 Dominicae
1596 2828 1970 2904 Millesimo
2003 2826 2466 2925 Octingente-

332 2943 519 3019 simo
544 2940 1147 3041 Quinquagesimo
1196 2968 1413 3031 nono,
1452 2942 1694 3021 Idibus
1747 2944 1952 3033 lunii,
2008 2939 2466 3022 Pontificatus

332 3060 573 3135 Nostri
626 3084 815 3137 anno
868 3060 1114 3136 Tertio
1166 3058 1482 3138 Decimo.
