3317 5267
867 413 1016 483 670

867 525 1142 600 Sanctis
1195 523 1444 599 Carolo
1492 521 1877 598 Borromeo
1938 531 2011 597 et
2074 522 2397 620 Philippo
2452 523 2660 600 Nerio
2728 511 3002 625 magno'

869 644 940 716 in
994 645 1222 739 pretio
1275 642 1677 728 haberetur,
1732 642 1819 714 de
1872 663 1949 714 se
2002 642 2459 716 nihilominus
2496 657 2644 714 tam
2682 644 2985 717 demisse

871 771 1084 856 atque
1138 759 1408 854 abjecte
1435 758 1809 844 sentiebat,
1839 769 1921 831 ut
1944 759 2131 831 ultro
2166 759 2478 832 delatum
2514 760 2737 833 semel
2772 773 2989 857 atque

869 879 1128 950 iterum
1181 876 1793 951 vindobonensem
1854 873 2361 972 Episcopatum
2398 889 2813 950 constanter
2862 877 2996 952 de-

871 993 1310 1080 trectaverit,
1364 1004 1577 1088 atque
1629 1013 1837 1087 aegre
1888 991 2267 1066 admodum
2332 987 2677 1068 adductus
2728 995 2853 1080 sit,
2908 1004 2993 1066 ut

869 1111 1056 1184 illius
1108 1110 1464 1184 Ecclesiae
1515 1111 2079 1206 procurationem
2122 1109 2521 1207 Apostolica
2564 1113 2991 1186 auct-oritate

867 1253 996 1326 per
1045 1232 1208 1303 anni
1261 1230 1568 1326 spatium
1621 1241 2009 1302 exerceret.
2054 1228 2439 1326 Praecipno
2488 1231 2797 1326 quodam
2850 1228 2989 1303 ob-

867 1347 1262 1421 servantiae
1297 1346 1530 1421 studio
1555 1345 1931 1418 tenebatur
1962 1369 2129 1442 erga
2166 1349 2639 1442 Apostolicam
2694 1347 2981 1434 Sedem,

865 1464 980 1537 eui
1032 1464 1319 1560 quidem
1372 1463 1606 1537 omnia
1668 1485 1795 1535 sua
1856 1461 2113 1549 studia,
2176 1465 2693 1548 contentioneS‚
2746 1485 2981 1550 curas,

863 1603 1110 1654 omnes
1169 1581 1356 1652 vitae
1415 1579 1725 1653 rationes
1788 1579 1995 1674 plane
2056 1581 2464 1654 devoverat.
2522 1579 2981 1653 obedientiae

859 1697 1200 1769 virtutem
1258 1707 1402 1767 tam
1455 1693 1697 1768 sedulo
1750 1696 2087 1782 excoluit,
2129 1709 2208 1768 ut
2258 1720 2298 1768 a
2350 1718 2637 1770 suorum
2693 1694 2979 1769 Praesi-

857 1815 1030 1888 dum
1085 1835 1282 1899 voce,
1338 1825 1656 1909 nutuque
1710 1812 2072 1907 penderet,
2112 1835 2195 1886 ac
2230 1811 2407 1884 nihil
2440 1831 2632 1886 esset
2670 1823 2823 1885 tam
2860 1835 2985 1884 ar-

867 1934 1086 2008 duum
1139 1955 1222 2004 ac
1259 1931 1560 2016 difficile,
1599 1931 1787 2026 quod
1824 1953 1967 2004 non
1996 1929 2272 2005 illorum
2304 1932 2725 2006 auctoritate
2758 1932 2989 2004 laetus

859 2062 1074 2147 atque
1127 2049 1354 2123 alacer
1407 2048 1853 2145 aggredetur.
1908 2047 2358 2136 Castitatem,
2422 2052 2533 2124 cui
2596 2049 2987 2124 servandae

855 2191 1012 2244 sese
1063 2191 1106 2240 a
1159 2167 1403 2263 primis
1455 2167 1658 2238 annis
1698 2177 1869 2239 voto
1905 2164 2407 2255 obstrinxerat,
2441 2168 2526 2241 ad
2578 2178 2985 2240 extremum

855 2307 1080 2383 usque
1133 2285 1462 2380 spiritum
1514 2285 1895 2358 custodivit
1958 2283 2272 2358 illaesam
2312 2337 2333 2373 ,
2404 2285 2615 2382 idque
2680 2285 2985 2380 potissi-

855 2425 1056 2476 mum
1107 2415 1469 2476 assecutus
1505 2412 1618 2476 est
1653 2402 1845 2474 omni
1878 2403 2339 2498 asperitatum
2400 2425 2657 2500 genere
2726 2425 2977 2500 corpus

857 2520 1277 2605 afflictando,
1307 2531 1522 2615 atque
1557 2519 1644 2592 ad
1680 2519 2094 2616 exemplum
2134 2518 2450 2616 Apostoli
2489 2519 2689 2594 Pauli
2726 2523 2797 2594 in
2830 2543 2977 2594 ser-

856 2640 1161 2712 vitutem
1211 2638 1590 2732 redigendo
1619 2689 1640 2723 ,
1714 2659 1803 2710 ne
1856 2639 2195 2712 adversus
2257 2619 2581 2737 spiritum
2660 2640 2973 2713 relucta-

855 2768 1053 2831 retur
1103 2766 1316 2853 atque
1369 2755 1849 2828 insolesceret.
1910 2756 2225 2830 Tandem
2304 2757 2721 2854 Friburgum
2797 2755 2973 2830 Hel-

859 2877 1212 2952 vetiorum
1265 2875 1366 2949 ire
1417 2874 1675 2960 iussuS,
1728 2897 1949 2971 quum
2004 2875 2263 2950 ibidem
2318 2899 2443 2972 pro
2508 2877 2727 2972 gloria
2761 2875 2983 2949 divini

865 2993 1212 3080 Nominis,
1265 3017 1398 3091 pro
1449 2994 1673 3066 salute
1728 2994 2123 3067 animarum
2188 2995 2412 3069 multa
2490 3019 2571 3068 ac
2622 2995 2983 3091 praeclara

860 3113 1218 3209 gessisset,
1273 3133 1412 3184 non
1467 3110 1723 3182 aetate'
1756 3111 2005 3207 magis,
2062 3133 2281 3207 quam
2334 3112 2685 3188 diuturnis
2720 3111 2985 3186 labori-

859 3227 994 3302 bus
1045 3227 1310 3301 fractus
1387 3226 1855 3321 placidissime
1933 3223 2203 3325 quievit
2252 3230 2327 3301 in
2379 3230 2615 3305 osculo
2696 3229 2983 3304 Domini

860 3345 1064 3418 Anno
1115 3341 1529 3429 MDXCVlI,
1571 3345 1824 3417 aetatis
1860 3367 2027 3418 suae
2082 3347 2604 3443 septuagesimo
2640 3349 2975 3444 septimo.

857 3459 1055 3550 Quae
1107 3462 1194 3534 de
1251 3459 1683 3535 Venerabilis
1736 3459 1929 3536 Petri
1983 3463 2245 3536 virtute
2298 3467 2683 3560 praestanti
2762 3475 2979 3562 atquc

860 3579 1119 3653 eximia
1173 3579 1540 3654 hominum
1596 3582 1853 3652 animis
1884 3581 2123 3677 'opinio
2176 3583 2557 3668 insederat,
2586 3583 2815 3680 magis
2866 3585 2971 3654 in-

862 3696 1086 3770 valuit
1133 3707 1598 3794 posteaquam
1656 3699 1806 3794 ipse
1858 3721 1949 3770 ex
1998 3698 2131 3772 hac
2180 3699 2459 3773 mortali
2510 3698 2817 3775 statione
2860 3723 2981 3774 re·

857 3815 1096 3890 cessit.
1131 3811 1311 3886 Hinc
1363 3815 1564 3888 annis
1589 3811 1979 3888 MDCXXV
2032 3829 2107 3889 et
2138 3813 2388 3889 MDCX
2400 3814 2527 3888 XX
2562 3839 2691 3912 per
2724 3817 2979 3893 Sacros

859 3929 1783 4007 Antistites‘Lausanensem
1814 3933 2361 4030 etFrisigensem
2390 3945 2713 4009 curatum
2744 3948 2979 4023 est,·ut

855 4053 944 4126 do
969 4051 1156 4125 illius
1182 4051 1356 4135 vita,
1369 4049 1717 4147 rebusque
1744 4052 1960 4146 gestis
1987 4063 2141 4126 acta
2166 4055 2697 4128 conficerentur:
2728 4077 2979 4128 verum

856 4167 1128 4242 mborti
1198 4166 1538 4240 bellorum
1592 4169 1939 4242 tumultus
1980 4221 2001 4255 ,
2066 4174 2441 4265 quominus
2500 4171 2765 4248 absolvi
2856 4173 2975 4245 illa
