3317 5267
2208 456 2350 535 113

228 562 505 659 interea
556 596 634 657 et
660 574 1019 679 'quamdiu
1070 578 1463 653 seminaria
1512 598 1896 674 puerorum
1943 576 2354 653 desiderane

226 714 347 776 tur
377 752 401 788 ,
459 701 645 773 inter
693 710 969 773 ceteros
1004 694 1103 769 illi
1154 714 1437 791 quoque
1487 694 1686 791 pueri
1739 706 1814 768 et
1871 694 2352 771 adolescentes

230 820 545 908 admitti,
572 818 693 915 qui
746 817 933 892 clero
972 812 1275 889 adscribi
1325 812 1643 909 cupiunt.

382 934 657 1010 Horum
708 948 948 1006 autem
1002 930 1457 1005 convictuum
1494 938 1765 1002 statuta
1799 940 1876 1003 et
1909 930 2190 1026 regulae
2215 928 2344 1002 ini-

229 1053 325 1126 tis
405 1052 1031 1149 Archiepiscopum
1106 1049 1293 1121 inter
1370 1056 1445 1117 et
1524 1042 1962 1119 Gubernium
2040 1046 2349 1121 consiliis

226 1168 773 1267 praescribenda
804 1220 827 1255 ,
884 1188 967 1241 ac
1042 1165 1206 1239 dein
1236 1214 1261 1250 ,
1314 1162 1377 1235 si
1429 1184 1607 1258 opus
1659 1160 1927 1250 faerit,
2007 1165 2349 1238 mutanda

226 1300 470 1361 erunt.

382 1406 795 1504 Superiores
844 1424 1127 1501 quoque
1180 1412 1255 1475 et
1294 1400 1744 1497 Repetitores
1819 1402 2101 1477 nonnisi
2153 1400 2345 1475 initis

222 1544 391 1599 cum
446 1524 697 1599 eodem
755 1518 1297 1616 Archiepiscopo
1346 1518 1659 1593 consiliis
1731 1542 1828 1593 ex
1881 1518 2050 1593 viris
2109 1518 2350 1594 ecele-

221 1641 529 1717 siasticis
577 1652 791 1715 erum
836 1637 1165 1735 eligendi.
1206 1636 1473 1711 Omnes
1530 1646 1770 1711 autem
1809 1636 1924 1711 alii
1963 1639 2036 1710 in
2091 1638 2342 1712 iisdem

220 1757 667 1835 convictibus
718 1758 973 1857 quovis
1022 1776 1319 1831 munere
1370 1754 1748 1853 fungentes
1797 1756 2128 1831 catholici
2199 1758 2344 1831 sint

234 1890 599 1976 oportent.

380 1992 577 2070 Inter
626 1994 951 2071 alumnos
1002 1990 1328 2068 catholici
1382 2004 1664 2069 tantum
1715 1994 1917 2090 pueri
1969 2006 2046 2067 et
2106 1994 2346 2069 adole-

218 2132 505 2193 scentes
554 2128 767 2191 erunt
792 2113 1240 2200 admittendi,
1282 2114 1674 2210 praemisso
1711 2125 1952 2189 tamen
1983 2114 2339 2202 examine,

216 2234 339 2309 cui
396 2230 917 2327 Archiepiscopi
968 2229 1333 2325 delegatus
1384 2230 1720 2302 assistere
1753 2229 2064 2305 debebit.
2119 2230 2344 2305 Nemo

212 2372 432 2446 porro
482 2348 909 2421 admittatur
942 2346 1097 2419 sine
1137 2344 1666 2442 Archiepiscopi
1707 2370 2084 2436 consensu,
2125 2371 2344 2426 nemo

220 2470 403 2542 item
454 2466 529 2541 in
584 2462 893 2561 Collegio
944 2463 1340 2537 retineatur
1370 2512 1391 2549 ,
1448 2484 1670 2560 quem
1715 2466 1904 2543 idem
1977 2466 2345 2565 Archiepi-

216 2607 479 2682 scopus
530 2581 1048 2657 removendum
1096 2600 1259 2655 esse
1312 2581 1621 2658 duxerit.

374 2699 693 2798 Magistri
768 2718 1019 2774 omnes
1050 2748 1071 2783 ,
1126 2697 1247 2793 qui
1302 2698 1374 2769 in
1428 2698 1776 2775 eiusmodi
1827 2702 2216 2798 gymnasiis
2265 2710 2344 2775 et

208 2821 431 2918 lyceis
480 2818 777 2894 docendi
824 2838 1087 2891 munus
1138 2827 1489 2891 exercent
1509 2868 1530 2903 ,
1586 2840 1679 2893 ex
1731 2820 2099 2895 catholicis
2163 2821 2336 2895 viris

212 2948 431 3012 erunt
480 2924 851 3032 deligendi.
908 2932 983 3007 Si
1034 2954 1207 3005 vero
1262 2929 1848 3031 Archiepiscopus
1923 2936 2186 3036 aliquid
2255 2938 2348 3011 de

214 3052 603 3150 Magistris,
660 3050 961 3147 aliisque
1006 3050 1261 3147 cuique
1314 3046 1687 3127 Convictui
1725 3052 2050 3143 addictis,
2091 3048 2206 3130 vel
2254 3056 2344 3130 de

212 3171 633 3251 studiorum
682 3168 982 3254 ratione,
1044 3167 1153 3241 vel
1202 3168 1291 3242 de
1350 3166 1722 3267 disciplina
1773 3170 2348 3247 animadverten-

214 3292 393 3365 dum
448 3298 570 3361 aut
620 3284 1277 3382 reprehendendum
1354 3306 1513 3360 esse
1564 3288 1897 3375 duxerit,
1949 3300 2120 3363 tunc
2173 3287 2338 3363 Gn·-

210 3408 547 3483 hernium
599 3423 683 3481 eo
735 3428 881 3502 quo
926 3406 1243 3501 potuerit
1294 3406 1505 3480 modo
1556 3406 1858 3494 curabit,
1915 3420 1998 3481 ut
2033 3408 2342 3483 Archie-

212 3526 494 3625 piscopi
545 3522 1273 3597 animadversionibus
1324 3533 1399 3595 et
1450 3523 1814 3597 desideriis
1868 3526 2190 3600 satisfiat.

372 3642 707 3717 Liberum
761 3662 976 3737 porro
1050 3641 1191 3714 erit
1240 3628 1788 3739 Archiepiscopo
1864 3644 2190 3720 ordinare·
2259 3656 2336 3720 et

208 3774 536 3837 statuere
588 3782 672 3833 ea
724 3757 989 3844 emnia,
1046 3780 1229 3854 quae
1282 3760 1369 3833 ad
1422 3759 1824 3856 religiosam
1889 3761 2340 3837 alumnorum

208 3879 709 3955 educationem
762 3886 839 3950 et
887 3876 1425 3951 instructionem
1476 3876 1550 3950 in
1586 3874 1934 3953 Convictu
1984 3890 2336 3975 spectant,

208 4010 289 4073 et
338 3994 749 4092 advigilare,
780 4014 873 4065 ne
926 3990 1002 4065 in
1052 3993 1305 4089 qumvis
1356 3993 1698 4069 tradenda
1731 3994 2096 4093 disciplina
2133 3997 2347 4094 quid-

208 4116 411 4213 piam
462 4110 677 4196 adsit,
732 4110 929 4206 quod
976 4108 1367 4184 catholicae
1402 4110 1725 4208 religioni
1761 4133 2189 4211 morumque
2209 4114 2348 4191 ho-

206 4230 480 4308 nestati
532 4227 971 4304 adversetur.
1030 4225 1334 4303 Proinde
1386 4230 1677 4305 eosdem
1730 4228 2114 4307 Convictus
2151 4234 2339 4309 visi-
