3317 5267
2246 416 2379 487 191

249 530 525 603 dimus.
583 528 880 626 Insuper
929 524 1262 603 omnibus
1297 526 1667 627 utriusque
1698 554 1919 606 sexus
1946 526 2389 607 Christifide-

248 645 436 722 libus
485 647 716 722 dictae
766 646 1145 722 sodalitati
1205 644 1604 743 adscriptis,
1680 649 1805 747 qui
1877 646 2201 748 quolibet
2270 648 2385 723 die

246 764 460 839 corde
513 762 772 838 saltem
824 763 1138 839 contrito
1190 760 1612 838 Orationem
1666 761 2143 855 Dominicam,
2181 763 2392 840 Salu-

139 864 148 873 ’
251 880 600 954 tationem
656 876 1095 976 Angelicam‚
1153 902 1238 954 ac
1291 876 1722 979 TrIsagium‚
1775 904 1911 957 nec
1962 906 2108 959 non
2160 882 2392 981 Sym-

247 995 492 1074 bolum
523 997 1026 1095 Apostolorum
1053 999 1312 1074 devote
1341 998 1825 1089 recitaverint,
1854 1010 2135 1097 septem
2163 1022 2389 1077 annos

253 1114 698 1213 totidemque
750 1116 1238 1214 quadragenas
1280 1138 1310 1205 3
1360 1138 1490 1214 pro
1541 1116 1865 1215 quolibet
1932 1140 2105 1194 vero
2141 1140 2383 1215 opere,

254 1232 442 1331 quod
492 1233 898 1331 peregerint
946 1244 1348 1309 tercentum
1397 1233 1552 1309 dies
1585 1234 1677 1309 de
1712 1234 2051 1331 injunctis
2086 1234 2221 1321 eis,
2262 1256 2391 1311 seu

259 1348 430 1425 alias
456 1350 990 1447 quomodolibet
1017 1350 1278 1426 debitis
1304 1349 1767 1447 poenitentiis
1794 1350 1868 1423 in
1894 1348 2392 1427 formaEcele-

261 1466 408 1543 siae
458 1479 804 1543 consueta
853 1468 1294 1558 relaxamus3
1323 1490 1504 1567 qum
1530 1490 1783 1545 omnes
1820 1479 1896 1545 et
1932 1469 2247 1567 singulas
2281 1469 2392 1543 In-

263 1583 688 1680 dulgentiae,
727 1596 1186 1683 peccatorum
1243 1584 1729 1677 remissiones,
1768 1609 1853 1661 ac
1912 1586 2393 1684 poenitentia-

258 1723 418 1776 rum
445 1701 920 1779 relaxationes
946 1704 1168 1779 etiam
1187 1702 1577 1779 Animabus
1589 1701 2391 1803 christifidelium,quae

257 1817 406 1895 Deo
442 1820 515 1893 in
551 1820 900 1897 charitate
937 1824 1364 1921 conjunctae
1399 1822 1490 1897 ab
1524 1823 1661 1897 hac
1694 1824 1851 1899 luce
1889 1823 2384 1921 migraverint,

253 1958 380 2035 per
431 1936 726 2013 modum
771 1938 1100 2037 Suffragii
1154 1938 1492 2037 applicari
1544 1962 1757 2037 posse
1808 1939 2029 2014 etiam
2084 1940 2157 2013 in
2230 1938 2389 2015 Do·-

257 2053 452 2129 mino
486 2054 966 2151 impertimur.
1001 2056 1084 2131 ln
1118 2057 1551 2132 contrarium
1587 2055 1845 2131 facien.
1886 2079 2032 2131 non
2068 2054 2387 2131 obstant.

259 2170 854 2273 quibuscumque.
907 2172 1414 2253 Praesentibus
1466 2173 1837 2271 perpetuis
1888 2172 2149 2247 futuris
2201 2184 2391 2249 tem—

254 2286 544 2385 poribus
579 2290 926 2367 valituris.
969 2291 1314 2368 Volumus
1349 2302 1593 2367 autem
1631 2302 1716 2367 ut
1754 2291 2243 2389 praesentium
2279 2290 2391 2366 lit-

249 2419 564 2483 terarum
620 2412 1122 2507 transumptis,
1159 2434 1288 2485 seu
1321 2408 1705 2507 exemplis,
1735 2409 1957 2483 etiam
1993 2407 2391 2506 impressis,

257 2546 476 2601 manu
523 2527 818 2603 alicuius
880 2526 1151 2603 Notarii
1202 2527 1470 2626 publici
1521 2526 1919 2624 subscrptis
1954 2578 1981 2617 ‚
2031 2538 2113 2601 et
2163 2526 2391 2625 sigillo

258 2664 598 2737 personae
633 2644 708 2717 in
746 2644 1240 2721 Ecclesiastica
1293 2644 1640 2742 dignitate
1678 2643 2111 2721 constitutae
2147 2642 2389 2719 muni-

261 2759 379 2847 tis,
433 2761 682 2837 eadem
733 2785 1022 2861 prorsus
1071 2760 1490 2839 adhiheatur
1539 2760 1741 2849 fides,
1800 2783 1982 2858 quae
2018 2759 2393 2837 adhibere-

264 2885 384 2949 tur
431 2875 604 2973 ipsis
635 2878 1152 2975 praesentibus
1205 2879 1267 2953 si
1321 2875 1562 2953 forent
1596 2876 1959 2952 exhibitae
1994 2876 2108 2951 vel
2144 2886 2391 2953 osten-

261 3014 408 3065 sae.
467 2989 732 3067 Datum
787 2995 1060 3071 Romae
1111 2994 1297 3092 apud
1352 2993 1699 3068 Sanctum
1738 2990 2034 3068 Petrum
2068 2990 2203 3067 sub
2242 2991 2391 3067 An-

265 3107 432 3184 nulo
483 3106 860 3188 Piscatoris
907 3113 1024 3188 die
1063 3109 1290 3187 XXXI
1327 3108 1653 3187 Octobris
1692 3105 2155 3185 MDCCCLX.
2198 3107 2389 3182 Pon-

267 3227 574 3315 tificatus
627 3228 864 3305 Nostri
915 3255 1104 3309 anno
1158 3228 1314 3307 XV.

423 3343 612 3423 Loco
663 3344 908 3451 sigilli.
2286 3428 2289 3431 ,

1531 3465 1618 3539 G.
1676 3464 1889 3539 Qun.
1950 3462 2051 3539 De
2108 3462 2339 3539 Ganos

1886 4292 1975 4363 13
