3317 5267
2320 443 2467 514 647

345 561 622 638 mulans
654 613 674 648 ,
757 560 1172 659 Nosti-isque
1251 557 1646 656 ohseqaiens
1724 559 2087 636 desideriis
2166 557 2471 634 Romani

341 677 670 764 Missalis‚
725 689 798 751 et
849 676 1194 752 Breviarii
1245 696 1455 750 usum
1491 675 1564 748 in
1591 671 2135 772 Lugdunensem
2188 673 2471 754 Dioece-

343 798 480 872 sim
537 794 730 870 Tuae
781 817 988 870 curae
1051 794 1504 870 commissam
1581 793 1978 870 induceres.
2024 792 2265 891 Atque
2344 817 2469 871 eo-

341 915 506 988 dem
557 925 877 1010 tempore
933 913 1090 986 Tibi
1117 911 1694 1010 significavimuS‚
1754 935 1801 986 a
1856 910 2073 988 Nobis
2124 913 2468 1009 permitti,

343 1041 424 1104 ut
477 1041 682 1104 vetus
735 1027 1221 1125 Lugdunensis
1259 1027 1616 1102 Ecclesiae
1654 1025 1975 1124 Liturgia
2013 1027 2103 1102 ab
2136 1026 2333 1103 omni
2369 1039 2472 1100 ta-

335 1171 504 1222 men
556 1149 710 1222 labe
765 1160 1068 1246 purgata
1119 1159 1364 1245 posset
1415 1148 1630 1222 etiam
1669 1147 1739 1219 in
1779 1157 2145 1243 posterum
2180 1167 2470 1223 conser-

347 1267 518 1340 vari.
575 1264 866 1357 Quibus,
901 1267 1312 1342 iustissimis
1348 1264 1620 1340 Nostris
1662 1266 1849 1342 votis
1876 1287 2001 1361 pro
2028 1264 2288 1346 eximia
2317 1263 2470 1340 Tua

341 1405 508 1480 erga
533 1381 678 1458 Nos
712 1394 789 1458 et
809 1384 994 1458 hanc
1033 1383 1514 1482 Apostolicam
1545 1383 1805 1456 Sedem
1842 1381 1977 1458 fide
2028 1393 2105 1458 et
2136 1403 2475 1458 reveren-

343 1503 444 1576 tia
493 1501 1009 1595 obsecundans,
1068 1527 1154 1580 ac
1207 1503 1434 1602 probe
1485 1527 1815 1590 noscens,
1874 1504 2229 1600 quomodo
2280 1501 2472 1601 Lug·-

340 1621 676 1696 dunensis
729 1622 929 1698 Tuae
982 1621 1338 1698 Ecclesiae
1395 1619 1709 1718 Liturgia
1764 1618 2019 1698 fuisset
2050 1619 2469 1707 deformata,

341 1759 633 1814 manum
689 1742 884 1838 operi
935 1763 1214 1816 summa
1269 1739 1665 1826 alacritate,
1719 1737 2327 1834 libentissimoque
2387 1761 2473 1812 a·-

342 1856 539 1930 nimo
590 1857 996 1946 admovisti,
1049 1880 1131 1930 ac
1183 1857 1462 1953 propria
1515 1855 1707 1932 Tuae
1762 1850 2115 1930 Dioecesis
2167 1855 2469 1932 Sancto-

340 1993 528 2061 rum,
583 1973 690 2046 uti
743 1985 1028 2062 vocant,
1083 1972 1310 2048 officia
1361 1993 1504 2046 una
1555 1985 1723 2048 cnm
1774 1971 2194 2049 Kalendario
2246 1969 2465 2046 confi*

339 2091 586 2166 cienda
637 2093 924 2165 curasti.
980 2089 1162 2166 Hinc
1201 2143 1224 2178 ,
1281 2088 1550 2166 Dilecto
1603 2088 1739 2164 Fili
1788 2088 2048 2166 Noster
2084 2141 2107 2178 ,
2162 2089 2470 2172 Romam

345 2206 446 2280 Te
493 2206 882 2296 contulisti,
937 2218 1022 2283 ut
1073 2208 1310 2282 omnia
1351 2229 1702 2304 'supremo
1751 2204 2017 2285 Nostro
2042 2259 2064 2296 ,
2132 2218 2207 2282 et
2257 2205 2469 2282 huius

342 2321 640 2398 Sanctae
691 2323 890 2400 Sedis
941 2323 1196 2400 iudicio
1249 2347 1342 2399 ex
1390 2323 1753 2400 maiorum
1808 2345 2007 2400 more
2060 2323 2471 2412 mhiieeres,

341 2449 420 2514 et
466 2438 871 2517 huiusmodi
919 2443 1288 2540 negotium
1335 2441 1424 2516 ad
1475 2452 1803 2538 optatum
1854 2443 2131 2522 exitum
2168 2443 2477 2520 adduce-

340 2579 480 2632 res.
537 2557 682 2633 Nos
729 2559 944 2655 igitur
995 2560 1182 2635 idem
1234 2558 1734 2636 Kalendarium
1782 2569 1861 2633 et
1905 2560 2134 2640 officia
2168 2559 2471 2641 Nostrae

343 2671 882 2774 Congregationi
929 2676 1266 2773 legitimis
1319 2675 1570 2754 ritibus
1624 2680 2131 2775 cognoscendis
2166 2703 2471 2777 praepo-

342 2788 520 2864 sitae
559 2793 1028 2867 examinanda
1083 2793 1574 2868 commisimus
1610 2844 1633 2878 ‚
1726 2794 2101 2890 eidemque
2155 2793 2471 2894 Congre-

343 2905 608 3003 gationi
659 2907 734 2980 iu
785 2908 1136 2982 mandatis
1183 2908 1530 2994 dedimus,
1586 2919 1671 2981 ut
1704 2910 2009 3005 priscam
2038 2908 2473 3007 Lugdunen-

341 3021 442 3096 sis
489 3020 846 3101 Ecclesiae
897 3021 1286 3117 Liturgiam
1321 3023 1771 3106 abomnibus
1810 3026 2273 3115 novitatibus.
2306 3029 2471 3126 qui-

337 3138 472 3215 bus
555 3139 748 3217 illam
802 3140 996 3218 Tuus
1047 3139 1548 3221 Praedecessor
1599 3139 1967 3226 infecerat,
1988 3193 2012 3228 ,
2094 3143 2475 3241 diligenter

340 3267 788 3356 expurgaret.
849 3257 1088 3338 Rebus
1141 3269 1385 3334 autem
1435 3257 1765 3334 omnibus
1798 3257 1911 3340 ab
1964 3260 2211 3342 eadem
2272 3258 2465 3344 Con-

341 3378 746 3474 gregatione
797 3376 1336 3475 diligentissimo
1385 3379 1717 3454 omnine
1769 3379 2161 3475 perpensis,
2212 3389 2293 3460 et
2346 3401 2471 3456 ac-

344 3505 590 3569 curate
643 3495 732 3570 ad
785 3493 929 3570 Nos
982 3495 1257 3583 delatiS,
1301 3495 1534 3572 veluti
1587 3496 1861 3593 optime
1910 3497 2261 3592 agnoscis,
2316 3509 2469 3572 stav-

341 3623 578 3688 tutum
631 3613 770 3688 fuit
796 3665 816 3700 ,
873 3626 955 3687 ut
1008 3616 1080 3688 in
1133 3613 1675 3710 Lugdunensem
1733 3611 2129 3690 Dioecesim
2197 3617 2468 3694 Roma·-

339 3753 516 3812 num
565 3730 848 3810 Missale
899 3745 974 3806 et
1025 3732 1464 3810 Breviarium
1519 3735 1785 3811 sensim
1838 3734 2307 3822 induceretur,
2345 3746 2472 3809 ut·-

341 3871 478 3946 que
532 3859 812 3924 vetusta
865 3847 1350 3946 Lugdunensis
1404 3851 1759 3927 Ecclesiae
1812 3849 2121 3947 Liturgia
2160 3901 2181 3937 ,
2233 3850 2481 3926 omni--

339 3965 472 4040 bus
525 3966 800 4042 mendis
853 3967 1134 4062 penitus
1189 3968 1599 4055 eliminatis,
1625 3978 1867 4064 posset
1894 3967 2147 4042 futuris
2181 3987 2461 4066 quoque

341 4085 780 4184 temporibus
830 4087 1122 4160 servari.
1179 4085 1372 4162 Dum
1454 4111 1620 4164 vero
1701 4111 1781 4160 ea
1862 4111 1989 4184 spe
2064 4087 2467 4165 nitebamur

353 4201 502 4278 fore
543 4255 566 4292 ,
625 4215 704 4278 ut
758 4203 1160 4303 huiusmodi
1215 4226 1326 4290 res
1369 4259 1388 4294 ,
1443 4228 1628 4302 quae
1681 4197 2316 4294 bonis'omnibus,
2372 4227 2457 4281 ac
