3317 5267
931 483 1079 552 484

912 599 1097 672 inter
1149 595 1450 692 pericula
1481 595 1820 671 illibatam
1874 595 2213 672 servavit.
2259 591 2364 670 Eo
2393 596 2463 670 in
2520 595 2887 672 Christum
2924 599 3031 672 in-

911 711 1340 787 cendebatur
1387 735 1653 800 amore,
1694 725 1776 788 ut
1828 712 1999 785 nihil
2028 733 2265 807 supra.
2323 709 2610 788 Patrem
2664 713 3027 812 Hierony-

911 847 1108 904 mum
1147 853 1188 902 a
1223 828 1420 916 Jesu,
1461 853 1602 926 quo
1637 829 2019 926 spiritualis
2061 829 2245 902 vitae
2283 830 2617 925 magistro
2655 831 3026 918 utebatur,

912 963 1280 1046 sequutus„
1322 948 1529 1025 tertio
1583 948 1811 1024 sancti
1840 945 2187 1020 Francisci
2222 943 2465 1021 Ordiui
2516 949 3029 1024 adnumeratus

911 1078 1048 1140 est.
1108 1063 1292 1142 Puer
1331 1066 1663 1140 tredecim
1700 1087 2047 1138 annorum
2082 1063 2387 1137 instituti
2442 1065 2551 1138 sui
2592 1067 2895 1161 praesidi
2953 1069 3027 1138 in

915 1186 1173 1258 missae
1227 1185 1562 1259 sacrificio
1619 1183 2091 1258 ministrabat.

1068 1303 1132 1396 §‚
1191 1305 1313 1374 26.
1372 1300 1632 1376 Paulus
1717 1299 2063 1396 Yuaniqui
2126 1299 2399 1375 lbarchi
2452 1300 2877 1397 Japonensis
2936 1327 3027 1378 ex

910 1419 1076 1492 Oari
1155 1442 1194 1490 a
1246 1417 1457 1492 beato
1531 1416 1767 1492 Leone
1820 1417 1974 1512 ejus
2027 1413 2245 1490 fratre
2298 1415 2515 1490 Meaci
2568 1418 3035 1490 christianam

913 1533 1324 1629 religionem
1394 1534 1647 1607 doctus
1702 1544 1837 1606 est.
1894 1530 1973 1604 ln
2026 1532 2274 1627 primis
2326 1530 2525 1605 fratri
2578 1533 2867 1620 restitit,
2906 1537 3033 1630 qui

915 1671 1080 1723 eum
1133 1649 1222 1722 ah
1275 1647 1667 1728 idololatria
1704 1669 2033 1722 revocare
2086 1647 2446 1743 cupiebat3
2480 1648 2730 1722 deinde
2782 1653 3027 1734 cessit,

915 1766 1342 1862 baptismate
1395 1789 1436 1838 a
1489 1763 1826 1838 fratribus
1878 1761 2269 1840 Minoribus
2322 1778 2810 1862 regeneratus.
2846 1765 3027 1842 Cum

913 1909 1132 1960 uxore
1185 1897 1260 1958 et
1309 1884 1548 1958 liberis
1599 1895 2085 1958 commoratus
2139 1896 2249 1958 est
2304 1907 2521 1980 prope
2572 1885 3032 1974 coenobium3

913 2028 1056 2100 quo
1105 2001 1376 2078 facilius
1413 2003 1586 2076 illud
1613 2002 1804 2075 adire
1842 2011 2115 2096 posset.
2151 1997 2208 2073 Α
2262 2012 2465 2097 patre
2520 1999 2731 2076 Petro
2784 2001 3034 2100 Bapti-

910 2133 1026 2194 sta
1084 2121 1366 2194 tandem
1405 2122 1590 2194 inter
1619 2119 2001 2193 Tertiarios
2054 2119 2366 2192 adlectus
2407 2120 2593 2192 vitae
2644 2123 3035 2196 sanctimo-

917 2241 1030 2310 nia
1083 2239 1403 2312 omnium
1457 2237 1526 2310 in
1583 2262 1661 2312 se
1722 2237 1962 2313 oculos
2014 2236 2398 2322 convertit3
2452 2234 2753 2310 fratrum
2808 2238 3035 2312 inter-

919 2377 1078 2450 pres
1131 2351 1638 2449 Japonensium
1694 2352 2069 2430 commodo
2126 2349 2282 2424 fuit.

1069 2471 1133 2564 g.
1193 2475 1318 2543 27.
1377 2469 1775 2543 Ludovicus
1850 2468 2123 2542 lbarchi
2177 2466 2625 2564 Japonensis‚
2700 2467 2901 2546 Pauli
2956 2487 3027 2546 et

913 2586 1102 2660 beati
1155 2585 1409 2660 Leonis
1437 2589 1757 2684 superius
1809 2586 2154 2660 nominati
2186 2607 2432 2682 nepos,
2462 2584 2626 2660 Oari
2678 2611 2723 2660 a
2773 2611 3033 2685 paren-

913 2703 1104 2778 tibus
1157 2703 1504 2778 idolorum
1559 2703 1753 2776 cultu
1804 2702 2063 2776 deditis
2117 2703 2397 2798 genitus
2476 2715 2613 2778 est.
2672 2703 3032 2780 Novennis

789 2863 806 2872 ‚
911 2820 1234 2896 Meacum
1288 2821 1522 2915 petiit,
1585 2819 2025 2915 traditusque
2088 2832 2201 2892 est
2253 2819 2461 2895 beato
2514 2818 2725 2895 Petro
2782 2821 3031 2919 Bapti-

911 2951 1091 3026 stae,
1123 2963 1166 3014 a
1189 2963 1332 3036 quo
1369 2939 1528 3012 fidei
1559 2939 1961 3012 rudimenta
2014 2939 2313 3035 accepit.
2354 2939 2783 3014 Adolescens
2817 2940 3031 3016 honis

911 3059 1228 3134 moribus
1280 3061 1640 3154 praeditus
1716 3059 2027 3132 maxima
2084 3061 2153 3132 in
2210 3056 2439 3133 Deum
2490 3070 2565 3132 et
2620 3061 3027 3156 proximum

907 3176 1202 3250 caritate
1255 3176 1543 3250 exarsit.
1577 3171 1734 3262 Quo
1770 3175 2023 3250 melius
2060 3176 2195 3250 illis
2222 3177 2599 3249 inserviret
2624 3178 2695 3249 in
2734 3180 3025 3252 tertium

907 3291 1134 3365 sancti
1187 3290 1537 3365 Francisci
1579 3291 1912 3364 Ordinem
1964 3293 2280 3387 cooptari
2334 3291 2602 3366 maluit.
2646 3290 3027 3390 Nunquam

908 3433 950 3480 a
1003 3407 1187 3482 beati
1241 3406 1432 3481 Petri
1471 3407 1832 3503 Baptistae
1860 3407 2075 3482 latere
2112 3409 2475 3482 discedens
2514 3410 2863 3505 interpres
2888 3409 3029 3484 fra-

909 3536 1098 3598 trum
1153 3536 1227 3598 οι
1277 3525 1432 3620 ipse
1485 3535 1663 3598 erat.

1062 3643 1128 3738 §-
1187 3647 1282 3718 28
1337 3642 1630 3716 Michael
1688 3641 1996 3740 Cozoqui
2064 3644 2405 3727 oriundus
2456 3667 2550 3716 ex
2610 3669 2831 3743 regno
2884 3644 3023 3733 lze‚

904 3763 1326 3860 Japonensis
1403 3784 1763 3836 armorum
1815 3760 2040 3835 faber.
2098 3761 2373 3836 Nomen
2432 3761 2563 3836 sibi
2622 3762 2695 3836 in
2746 3762 3024 3838 balistis

903 3879 1376 3966 conficiendis,
1407 3879 1663 3976 quihus
1707 3879 2014 3976 Japones
2054 3891 2205 3953 tum
2236 3903 2409 3976 prae
2440 3881 2695 3954 ceteris
2724 3881 3033 3956 uteban-

909 4010 1050 4084 tur,
1105 3997 1566 4092 comparavit.
1599 3994 1864 4102 Christi
1916 3997 2179 4071 assecla
2216 3997 2287 4068 in
2324 4019 2409 4070 ea
2455 3997 2603 4094 jam
2640 3998 2817 4072 urhe
2846 4021 3023 4074 mo-

899 4116 1188 4188 rabatur
1219 4167 1239 4200 ,
1295 4137 1460 4188 cum
1511 4114 1857 4209 seraphici
1913 4126 2151 4210 patres
2204 4115 2517 4212 Nangoja
2568 4116 2891 4191 Meacum
2946 4139 3025 4190 se

903 4231 1384 4308 contulerunt.
1415 4229 1727 4306 Leonem
1754 4227 2219 4305 Carazumam
2258 4231 2571 4306 sodalem
2604 4253 2812 4306 suum
2854 4233 3021 4305 imi-
