3317 5267
881 387 1024 457 522

873 523 1041 574 suae
1093 523 1356 577 annum
1411 523 1624 600 agens
1674 521 2048 574 canceroso
2100 509 2379 574 tumore
2456 499 2865 576 exulcerato
2914 503 2995 577 in

877 616 1184 692 inferiori
1217 621 1494 717 linguae
1547 631 1749 714 parte
1782 618 2025 691 decem
2078 615 2167 690 ab
2220 617 2385 690 hinc
2420 618 2624 690 annis
2662 619 2760 690 ita
2812 617 3011 692 labo-

877 734 1106 822 rabat,
1145 747 1228 808 ut
1253 760 1382 810 nec
1419 735 1654 810 cibum
1695 756 1975 806 sumere
2026 747 2295 829 posset,
2334 755 2561 830 neque
2598 735 3003 809 deformem

877 849 1062 924 illius
1137 853 1548 949 adspectum
1625 849 1819 924 sanie
1890 848 2191 946 tabeque
2244 859 2655 924 manantem
2686 901 2709 938 ,
2766 873 3005 948 neque

877 966 1176 1041 halitum
1227 970 1600 1064 quisquam
1653 967 2027 1040 sustinere.
2088 965 2438 1052 Adhibitjs
2492 965 2755 1040 frustra
2811 965 3011 1064 phy-

879 1085 1064 1159 sicae
1099 1087 1270 1158 artis
1307 1085 1658 1170 remediis,
1698 1107 1879 1180 quae
1940 1083 2267 1158 morbum
2302 1107 2447 1158 non
2482 1084 2826 1171 lenibant,
2876 1087 3009 1160 sed

881 1203 1106 1298 magis
1167 1201 1532 1300 magisque
1583 1199 2097 1296 exasperabant
2128 1245 2149 1285 ,
2210 1201 2487 1273 auxiliis
2538 1199 2873 1274 humanis
2926 1225 3017 1276 o-

877 1317 1164 1392 mnibus
1213 1320 1578 1404 destituta,
1607 1319 1961 1414 mortique
2012 1316 2339 1412 proxima
2388 1338 2589 1412 spem
2648 1327 2879 1391 totam
2932 1318 3017 1390 in

875 1433 1165 1508 beatum
1213 1433 1628 1510 Michaelem
1706 1433 2027 1508 contulit.
2082 1431 2259 1527 Ejus
2313 1433 2519 1506 enixe
2596 1433 3013 1529 imploravit

881 1577 1117 1651 opem,
1155 1556 1644 1629 novendialem
1680 1553 2267 1650 supplicationem
2303 1553 2395 1626 ad
2428 1553 2581 1648 ejus
2640 1577 2837 1628 aram
2876 1577 3013 1650 pe-

877 1674 1087 1770 regit,
1127 1672 1350 1746 multa
1399 1695 1476 1744 se
1513 1669 1859 1744 facturam
1910 1691 2065 1744 esse
2119 1669 2343 1756 vovit,
2382 1669 2611 1764 iisque
2660 1669 3013 1746 absolutis

881 1813 1296 1866 cancerosus
1349 1801 1586 1864 tumor
1668 1787 1935 1885 absque
2014 1787 2155 1862 ulla
2230 1788 2545 1861 medicae
2622 1790 2793 1862 artis
2872 1811 3011 1885 ope

884 1919 1138 2004 sponte
1181 1905 1592 2004 prolabitur,
1648 1906 2059 2002 nullumque
2112 1906 2463 1980 teterrimi
2500 1905 2729 1980 morbi
2786 1909 3015 1982 vesti-

884 2027 1078 2123 gium
1130 2027 1202 2098 in
1253 2025 1665 2100 Franciscae
1714 2048 1860 2110 ore,
1916 2023 2244 2100 omnibus
2300 2023 3009 2122 obstupescentibus,

887 2145 1120 2218 visum
1176 2155 1312 2216 est.
2448 2137 2455 2142 ’

1039 2260 1104 2353 g.
1169 2261 1286 2330 11.
1347 2257 1663 2332 Alterum
1720 2281 1887 2332 vero
1937 2259 2147 2355 longe
2230 2257 2669 2353 splendidius
2756 2261 3014 2336 accidit

885 2398 1070 2448 anno
1120 2371 1656 2458 MDCCCXXX,
1712 2395 1875 2448 cum
1928 2372 2149 2448 frater
2203 2373 2509 2450 Joannes
2536 2375 2863 2472 Baptista
2918 2376 3015 2450 ab

885 2492 1380 2587 augustissima
1435 2491 1783 2566 Trinitate
1836 2491 2055 2566 laicus
2108 2491 2463 2588 professus
2490 2495 2817 2589 ejusdem
2854 2493 3013 2570 Or—

885 2611 1068 2682 dinis
1115 2609 1695 2684 discalceatorum
1728 2621 1971 2707 ageret
1996 2612 2335 2696 animam,
2364 2613 2563 2688 omni
2598 2613 3005 2710 hyppocra-

889 2731 1070 2803 ticae
1120 2729 1290 2802 artis
1345 2730 1661 2803 remedio
1718 2729 1979 2804 frustra
2030 2729 2373 2805 adhibito.
2415 2728 2847 2806 Vicesimum
2886 2755 3015 2805 ae-

895 2844 1064 2920 tatis
1117 2867 1388 2920 annum
1443 2846 1802 2941 attigerat,
1860 2845 2339 2942 quinquennio
2392 2847 2481 2919 ad
2532 2859 2823 2922 sanctae
2856 2847 3021 2922 Ma·-

887 2965 1032 3037 riae
1085 2964 1172 3037 de
1227 2962 1629 3039 fornacibus
1682 2973 1885 3036 extra
1939 2963 2203 3036 Urbem
2258 2962 2423 3058 stipi
2506 2965 3017 3060 quaeritandae

888 3105 928 3155 a
980 3081 1294 3158 coenobii
1349 3081 1673 3176 praeside
1726 3081 2047 3156 addictus
2098 3078 2357 3168 fuerat,
2420 3097 2591 3156 cum
2626 3081 2700 3154 in
2752 3079 3015 3156 febrim

887 3213 1308 3296 quartanam
1363 3198 1638 3282 incidit,
1694 3221 1875 3294 quae
1928 3199 2207 3273 assidue
2270 3217 2435 3274 eum
2514 3199 2859 3276 divexans
2936 3202 3017 3274 in

895 3317 1391 3412 pulmonnrem
1429 3314 1671 3388 tabem
1696 3315 2063 3390 devenisse
2098 3315 2463 3411 cognitum
2490 3327 2627 3390 est.
2658 3317 2739 3390 ln
2768 3329 3017 3392 extre-

897 3457 1017 3508 mo
1069 3435 1259 3508 vitae
1311 3453 1482 3507 suae
1533 3417 1789 3530 spatio,
1843 3431 1941 3506 111
2016 3455 2239 3508 nonas
2314 3435 2608 3508 martias
2686 3436 3015 3531 ejusdem

894 3553 1062 3625 anni
1089 3549 1578 3626 Eucharistiae
1608 3575 1793 3648 pane
1815 3551 1965 3647 jam
1990 3551 2388 3642 roboratus,
2430 3552 3019 3652 infirmorumque

897 3672 1056 3748 oleo
1108 3679 1496 3766 perunctus
1555 3671 1626 3742 in
1680 3693 1766 3745 eo
1818 3680 2001 3758 erat,
2050 3681 2135 3744 ut
2186 3671 2499 3744 animam
2536 3669 2687 3746 Deo
2756 3673 3019 3748 redde-

889 3797 1026 3861 ret.
1087 3784 1328 3858 Altera
1381 3797 1550 3880 post
1599 3783 1969 3858 meridiem
2018 3783 2197 3859 hora
2230 3785 2379 3860 fere
2404 3785 2645 3882 elapsa
2678 3797 3015 3884 aegrotus

887 3927 964 3980 se
1017 3904 1392 3978 incitatum
1444 3904 1671 3976 sensit
1723 3903 1811 3976 ad
1860 3924 2073 3998 opem
2128 3925 2169 3976 a
2220 3903 2435 3980 beato
2494 3903 2837 3980 Michaele
2872 3905 3021 3980 im·-

879 4021 1323 4116 plorandam.
1381 4018 1528 4094 Nec
1579 4041 1781 4093 mora
1814 4041 1831 4088 ε
1874 4017 2027 4114 ejus
2062 4019 2319 4118 arripit
2356 4019 2767 4117 imaginem,
2798 4031 3021 4118 atque

885 4159 1094 4234 aegro
1143 4161 1274 4214 suo
1325 4137 1592 4235 pectori
1643 4135 1977 4235 applicat,
2030 4135 2383 4234 beatoque
2438 4139 2797 4236 promittit
2826 4191 2847 4228 ,
2932 4163 3015 4214 se
