3317 5267
876 423 1019 494 550

872 537 1161 634 sophiae
1220 534 1611 620 materiam·
1651 539 2126 610 constituunt.
2183 532 2528 626 Quocirca
2553 556 2648 608 ex
2671 534 3004 610 eiusdem

870 653 1196 728 Auctoris
1248 651 1605 730 sententia
1638 649 1968 726 concludi
1993 651 2288 728 omnino
2324 650 2554 746 possit
2583 672 2670 724 ae
2703 649 3004 738 debeat,

868 773 1220 849 rationem
1274 772 1345 844 in
1398 770 1862 846 abditissimis
1915 771 2136 846 etiam
2214 769 2510 845 Divinae
2587 769 3010 868 Sapientiae

870 914 955 966 ac
1006 889 1385 976 Bonitatis,
1440 889 1664 964 immo
1715 887 1934 962 etiam
1989 900 2065 962 et
2113 888 2379 965 liberae
2416 887 2572 985 ejus
2603 887 3006 964 voluntatis

870 1009 1259 1106 mysteriis,
1313 1007 1479 1082 licet
1530 1005 1766 1103 posito
1819 1005 2268 1084 revelationis
2320 1005 2626 1103 objecto,
2655 1029 2870 1102 posse
2903 1031 3010 1082 ex

871 1126 1132 1221 seipsa,
1187 1147 1327 1200 non
1360 1125 1511 1221 jam
1538 1145 1629 1196 ex
1654 1121 1940 1200 divinae
1973 1123 2420 1200 auctoritatis
2453 1122 2830 1218 principio,
2869 1125 3012 1198 sed

871 1267 961 1316 ex
1018 1243 1453 1318 naturalibus
1505 1243 1653 1318 suis
1707 1242 2072 1342 principiis
2097 1255 2176 1317 et
2209 1242 2476 1318 viribus
2501 1245 2587 1318 ad
2619 1243 3008 1318 scientiam

872 1383 1001 1435 seu
1050 1360 1551 1436 certitudinem
1608 1353 2006 1455 pervenire.

1025 1477 1221 1569 Quae
1276 1477 1597 1554 Auctoris
1646 1478 1970 1556 doctrina
2020 1499 2236 1576 quam
2289 1477 2466 1554 falsa
2537 1479 2636 1553 sit
2663 1530 2685 1567 ,
2739 1491 2818 1554 et
2875 1503 3008 1556 er-

871 1620 1088 1674 ronea
1152 1617 1365 1671 nemo
1414 1607 1553 1686 est,
1608 1579 1732 1695 qui
1785 1595 2214 1672 christianae
2247 1596 2610 1674 doctrinae
2633 1597 3010 1673 rudimen-

876 1715 969 1790 tis
1025 1715 1138 1790 vel
1186 1714 1441 1790 leviter
1492 1713 1838 1804 imbutus,
1897 1737 2040 1791 non
2068 1715 2254 1790 illico
2329 1715 2568 1790 videat
2643 1715 3004 1814 planeque

878 1832 1163 1906 sentiat.
1254 1831 1577 1931 Namque
1626 1833 1692 1908 si
1741 1833 1861 1908 isti
1913 1831 2400 1930 philosophiae
2447 1832 2756 1909 cultores
2829 1857 3004 1909 vera

873 1971 957 2026 ac
982 1949 1133 2025 sola
1184 1950 1477 2027 rationis
1528 1965 1603 2026 et
1638 1949 2164 2048 philosophicae
2189 1949 2596 2045 disciplinae
2622 1961 3006 2026 tuerentur

868 2068 1215 2164 principia
1270 2081 1345 2142 et
1390 2070 1577 2166 iura,
1628 2067 1886 2142 debitis
1935 2079 2130 2142 certe
2179 2065 2504 2142 laudibus
2554 2079 2802 2141 essent
2821 2089 2998 2166 pro-

868 2187 1230 2282 sequendi.
1287 2185 1657 2284 Siquidem
1718 2207 1882 2260 vera
1931 2207 2018 2260 ac
2065 2207 2240 2261 sana
2291 2184 2736 2282 philosophia
2787 2185 3002 2262 nobi-

867 2301 1221 2376 lissimum
1276 2324 1487 2378 suum
1539 2303 1778 2380 locum
1830 2300 2048 2376 habet
2075 2352 2098 2390 ‚
2156 2323 2326 2376 cum
2377 2301 2702 2398 ejusdem
2765 2301 3008 2399 philo-

868 2421 1159 2516 sophiae
1210 2423 1331 2509 sit,
1390 2423 1768 2498 veritatem
1821 2421 2194 2520 diligenter
2243 2421 2604 2519 inquirere
2626 2473 2649 2510 ,
2731 2422 3000 2500 huma-

867 2559 1176 2635 namque
1228 2538 1575 2614 rationem
1629 2538 1795 2614 licet
1847 2539 2056 2634 primi
2108 2536 2420 2614 hominis
2453 2538 2662 2635 culpa
2685 2538 2996 2616 obtene-

862 2652 1169 2741 bratam,
1225 2653 1417 2728 nullo
1445 2665 1688 2728 tamen
1740 2655 1954 2730 modo
1979 2655 2374 2730 extinctam
2399 2665 2594 2730 recte
2629 2677 2714 2730 ac
2739 2657 2994 2734 sedulo

864 2767 1215 2857 excolere,
1265 2767 1644 2858 illmtrare,
1697 2769 1994 2868 eiusque
2027 2771 2452 2868 cognitionis
2482 2771 2872 2867 objectum,
2909 2797 2996 2850 ac

866 2885 1262 2986 permultas
1310 2887 1649 2961 veritates
1701 2888 2092 2985 percipere,
2144 2887 2330 2963 bene
2365 2887 2784 2986 intelligere,
2825 2913 3004 2988 pro-

864 3027 1181 3095 movere,
1234 3029 1621 3104 earumque
1689 3007 2056 3106 plurimas,
2131 3009 2239 3084 uti
2293 3005 2422 3084 Dei
2499 3009 2992 3099 existentiam,

866 3133 1221 3210 naturam,
1274 3123 1645 3212 attributa,
1720 3146 1902 3222 quae
1951 3123 2169 3198 etiam
2222 3123 2398 3198 fides
2449 3125 2800 3202 credenda
2827 3149 3004 3224 pro-

868 3244 1099 3340 ponit,
1154 3265 1279 3339 per
1326 3255 1744 3342 argumenta
1797 3267 1886 3318 ex
1939 3244 2086 3330 suis
2141 3243 2505 3340 principiis
2581 3246 2808 3342 petita
2859 3248 2998 3322 de-

866 3369 1288 3447 monstrare,
1318 3362 1700 3449 vindicare,
1727 3359 2132 3448 defendere,
2150 3369 2366 3457 atque
2394 3360 2530 3438 hoc
2557 3363 2770 3439 modo
2801 3364 2998 3440 viam
3113 3433 3124 3442 .

866 3477 1143 3552 munire
1196 3478 1285 3551 ad
1336 3478 1511 3556 haec
1564 3479 1902 3578 dogmata
1949 3478 2088 3554 fide
2116 3480 2376 3556 rectius
2411 3481 2747 3568 tenenda,
2789 3495 2868 3558 et
2899 3483 2998 3558 ad

868 3593 985 3669 illa
1034 3593 1259 3670 etiam
1303 3593 1772 3672 reconditiora
1821 3596 2182 3694 dogmata,
2240 3619 2422 3695 quae
2461 3597 2612 3674 sola
2645 3597 2784 3674 lide
2811 3621 2996 3694 per-

866 3715 1006 3814 cipi
1056 3715 1366 3812 primum
1419 3728 1750 3814 possunt,
1803 3727 1884 3792 ut
1935 3716 2052 3810 illa
2103 3716 2343 3815 aliquo
2378 3717 2590 3794 modo
2641 3740 2686 3792 a
2719 3719 3000 3795 rationo

870 3831 1381 3930 intelligantur.
1438 3831 1629 3910 Haec
1679 3833 1972 3931 quidem
2023 3855 2259 3930 agere,
2315 3844 2537 3931 atque
2567 3835 2642 3908 in
2678 3834 2792 3910 his
2831 3859 3000 3910 ver-

865 3950 1005 4026 sari
1064 3949 1281 4026 debet
1328 3973 1577 4026 severa
1628 3963 1706 4027 et
1755 3950 2230 4049 pulcherrima
2265 3973 2478 4027 verae
2503 3951 2998 4050 philosophiae

864 4067 1185 4142 scientia.
1228 4067 1335 4142 Ad
1382 4089 1566 4166 quae
1616 4068 2042 4165 praestanda
2091 4067 2154 4144 si
2183 4069 2315 4141 viri
2353 4068 2544 4144 docti
2571 4069 2644 4142 in
2698 4065 2998 4145 Germa-

870 4183 1033 4258 niae
1094 4181 1487 4262 Academiis
1538 4186 1904 4262 enitantur
1947 4208 2078 4282 pro
2141 4184 2477 4282 singulari
2553 4185 2860 4282 inclytae
2913 4185 2998 4260 il-
