3317 5267
829 414 978 489 232

829 541 990 605 tuta
1039 551 1122 602 ac
1173 525 1442 600 sancita
1495 532 1690 611 sunt,
1731 521 1995 597 erectio
2030 542 2259 593 novae
2294 511 2498 595 Sedis
2542 516 2971 619 episcopalis

829 649 1018 721 intra
1049 645 1316 719 limites
1355 640 1688 717 territorii
1728 639 2011 716 Goanae
2049 637 2409 715 Dioecesis
2444 640 2819 735 reperitur
2850 638 2973 713 Si-

830 764 1122 863 quidem
1155 758 1576 834 Lusitanum
1611 755 2081 843 Gubernium‚
2124 766 2402 829 attenta
2436 754 2749 830 utilitate
2782 778 2971 853 quae

830 878 1152 978 religioni
1207 877 1602 954 obventura
1651 885 1766 949 est
1818 897 1929 955 ex
1962 896 2149 949 nova
2185 872 2521 969 erigenda
2558 871 2969 969 Episcopali

831 998 1150 1075 Ecclesia
1203 997 1274 1070 in
1327 996 1559 1092 aliqua
1611 1004 1815 1092 parte
1874 993 2240 1079 territorii,
2306 1015 2449 1090 quo
2500 993 2574 1065 in
2626 1012 2969 1086 praesens

833 1116 1078 1193 Goana
1135 1114 1685 1192 Archidioecesis
1736 1110 2388 1210 comprehenditur,
2444 1132 2781 1207 expresse
2834 1111 2969 1184 de·-

833 1236 1155 1323 claravit,
1209 1258 1288 1310 se
1364 1233 1612 1307 habita
1690 1233 1865 1331 regii
1946 1232 2545 1328 iurispatronatus
2624 1229 2905 1305 ratione
2944 1282 2969 1317 ,

835 1374 1150 1441 omnem,
1205 1361 1420 1451 prout
1469 1372 1761 1427 suarum
1815 1350 2128 1448 partium
2177 1349 2346 1436 erit,
2402 1368 2694 1445 operam
2744 1348 2973 1423 colla-

835 1482 1104 1557 turum,
1149 1480 1233 1545 ut
1265 1468 1675 1543 huiusmodi
1712 1468 1978 1543 erectio
2012 1466 2099 1541 iis
2132 1464 2305 1541 locis
2342 1488 2427 1539 ac
2480 1466 2809 1541 terminis
2844 1488 2973 1563 op-

834 1598 1138 1684 portune
1164 1585 1639 1672 contineatur,
1669 1586 1818 1682 qui,
1848 1582 2123 1659 collatis
2148 1604 2315 1657 cum
2343 1582 2747 1679 Apostolica
2782 1582 2975 1658 Sede

835 1702 1176 1790 consiliis,
1215 1703 1305 1776 ad
1339 1712 1608 1776 rectam
1645 1702 1966 1776 eiusdem
2000 1700 2363 1775 Ecclesiae
2416 1700 2981 1776 administratio-

834 1840 1001 1895 nem
1055 1832 1130 1895 et
1163 1818 1474 1894 fidelium
1512 1818 2098 1893 commoditatem
2138 1818 2365 1915 magis
2414 1818 2811 1893 conducere
2860 1820 2979 1895 vi-

835 1938 1160 2014 deantur.
1177 1935 1410 2035 Atque
1437 1936 1525 2010 ad
1553 1935 1743 2010 hunc
1766 1936 1985 2010 finem
2008 1935 2223 2010 citius
2248 1936 2773 2033 assequendum
2800 1937 2975 2013 illud

835 2078 1118 2156 quoque
1169 2065 1602 2131 conventum
1639 2053 1801 2142 fuit,
1839 2069 1923 2129 ut
1958 2054 2255 2129 vixdum
2315 2078 2545 2131 novus
2600 2054 2975 2153 Ardiiepi-

832 2196 1092 2270 scopus
1129 2170 1416 2246 Goanus
1453 2171 1811 2246 Ecclesiae
1862 2170 2049 2247 Suae
2098 2171 2629 2267 possessionem
2666 2172 2975 2269 adeptus

836 2290 959 2377 sit,
1012 2288 1158 2361 bini
1212 2286 1697 2363 commissarii
1738 2286 1889 2385 (qui
1924 2286 2015 2360 ab
2052 2299 2361 2385 utraque
2392 2288 2973 2363 contrahentium

835 2418 1040 2505 parte
1078 2430 1210 2504 pro
1247 2404 1692 2480 Dioecesium
1730 2404 2347 2503 Suffraganearum
2389 2403 2979 2505 Archiepiscopa-

838 2536 956 2601 tus
985 2520 1207 2599 Goani
1245 2523 1317 2597 in
1355 2522 1572 2597 Indiis
1597 2523 1799 2597 iuxta
1814 2522 2388 2609 ,Conventionem
2417 2524 2855 2621 praedictam
2881 2525 2977 2599 li-

833 2640 1132 2715 mitibus
1157 2640 1597 2737 assignandis
1623 2637 2238 2738 nominabuntur),
2266 2656 2499 2715 norae
2527 2640 2971 2741 Episcopalis

831 2758 1190 2835 Ecclesiae
1241 2758 1314 2833 in
1369 2756 1619 2833 Goano
1672 2759 2029 2835 territorio
2058 2811 2080 2846 ,
2138 2772 2223 2833 ut
2272 2780 2488 2855 supra
2540 2758 2913 2857 erigendae
2940 2812 2971 2849 ,

827 2876 1234 2953 definitivae
1283 2877 1921 2974 circumscriptioni
1984 2877 2303 2953 sedulam
2359 2900 2605 2953 curam
2669 2878 2969 2977 impen-

826 2994 1026 3072 dant.

982 3109 1188 3201 Quod
1243 3135 1414 3188 vero
1463 3114 1779 3211 pertinet
1814 3113 1903 3187 ad
1937 3112 2205 3189 limites
2262 3112 2661 3189 ordinariae
2696 3113 2973 3189 iurisdi-

827 3230 1084 3305 ctionis
1135 3253 1178 3303 a
1227 3253 1418 3306 novo
1473 3230 2023 3327 Archiepiscopo
2068 3227 2317 3305 Goano
2368 3230 2839 3319 exercendae,
2882 3230 2969 3305 il-

825 3347 947 3423 lud
981 3359 1334 3423 statutum
1373 3360 1512 3437 est,
1555 3361 1632 3424 ut
1668 3349 1937 3423 scilicet
1968 3348 2371 3445 usquedum
2406 3372 2661 3435 novae,
2718 3360 2803 3422 ut
2836 3372 2967 3425 su-

823 3488 980 3563 pra,
1033 3467 1410 3563 erigendae
1457 3467 1881 3565 episcopalis
1910 3464 2267 3541 Ecclesiae
2292 3467 2635 3544 canonica
2684 3469 2957 3545 erectio

825 3584 916 3658 ad
941 3582 1271 3659 effectum
1308 3584 1761 3682 perducatur,
1792 3584 2145 3659 ordinaria
2170 3584 2397 3681 ipsius
2424 3583 2963 3683 Archiepiscopi

829 3702 1218 3777 iurisdictio
1263 3702 1368 3776 uti
1425 3700 1882 3776 territoriales
1934 3700 2202 3777 limites
2258 3701 2651 3799 provisoris
2700 3700 2961 3777 habere

793 3818 1086 3894 ‘debeat
1133 3819 1288 3893 loca
1338 3840 1464 3892 seu
1515 3817 1871 3893 Ecclesiae
1922 3831 1997 3892 et
2048 3819 2427 3895 missiones
2465 3870 2488 3907 ,
2554 3840 2737 3917 quae
2794 3818 2957 3896 Sedi

834 3934 1426 4032 Archiepiseopali
1463 3932 1819 4010 Goanensi
1872 3958 1965 4009 ex
2014 3933 2205 4011 facto
2240 3934 2584 4011 suberant
2632 3956 2801 4011 cum
2836 3960 2961 4011 su-

827 4054 1142 4151 pradicta
1168 4050 1316 4128 Con
1327 4054 1565 4130 ventio
1589 4052 1869 4150 signata
1893 4050 2057 4141 fuit3
2092 4052 2395 4129 caeteris
2418 4052 2751 4131 omuibus
2776 4052 2953 4130 locis

829 4170 982 4247 sive
1035 4166 1372 4246 Ecclesiis
1421 4182 1498 4245 et
1547 4170 2005 4249 Missionibus
2045 4222 2068 4258 ,
2132 4194 2315 4269 quae
2378 4181 2549 4249 tunc
2600 4170 2949 4267 temporis
