3317 5267
906 447 1052 518 626
2437 507 2446 516 .

900 583 1179 660 gamuS,
1238 572 1313 635 et
1372 563 1573 636 irrita
1626 583 1943 657 prorsuS,
2003 583 2085 634 ac
2139 559 2400 634 nullius
2453 555 2728 634 roboris
2779 553 2988 631 fuisse
3017 608 3042 643 ‚

890 693 980 754 -et
1028 679 1179 754 fore
1228 678 1706 753 declaramus.
1767 677 1964 774 lpsos
2041 689 2282 751 autem
2363 675 2646 750 illorum
2727 687 3046 750 auctores

898 796 1121 870 etiam
1172 807 1389 892 atque
1448 797 1668 869 etiam
1727 793 1800 866 in
1854 791 2160 869 Domino
2211 793 2683 878 obtestamur,
2739 801 2824 864 ut
2895 801 3052 864 tan-

901 913 1067 987 dem
1122 911 1501 1008 aliquando
1554 935 1724 987 suos
1779 911 2019 986 oculos
2083 911 2402 1007 aperiant
2479 931 2696 1004 super
2771 907 3054 1004 gravis-

904 1034 1085 1106 sima
1138 1032 1428 1105 vulnera
1482 1031 1845 1116 Ecclesiae
1899 1031 2265 1127 imposita,
2321 1053 2406 1104 ac
2431 1029 2646 1103 simul
2669 1028 3053 1103 recorden-

900 1164 1044 1238 tur,
1102 1153 1429 1247 serioque
1484 1150 1935 1225 considerent
1989 1173 2331 1226 censuras
2385 1161 2460 1225 et
2511 1171 2809 1245 poenas,
2877 1171 3054 1244 quas

900 1268 1342 1365 Apostolicae
1394 1267 1998 1355 Constitutiones,
2053 1279 2130 1342 et
2183 1265 2638 1345 Generalium
2695 1265 3054 1340 Concilio-

902 1409 1064 1460 rum
1118 1385 1420 1461 Decreta
1474 1399 1722 1461 contra
1780 1387 2145 1462 Ecclesiae
2197 1387 2456 1462 iurium
2509 1387 2878 1460 invasores
2931 1383 3053 1456 fa·—

898 1519 1018 1582 cto
1070 1505 1224 1602 ipso
1276 1506 1732 1579 incurrendas
1770 1505 2128 1603 infligunt,
2159 1517 2236 1579 et
2271 1505 2524 1580 iccirco
2559 1505 2842 1578 animae
2877 1525 3049 1576 suae

902 1622 1381 1695 misereantur
1432 1642 1601 1716 prae
1656 1622 1878 1696 oculis
1931 1621 2275 1695 habentes
2340 1646 2374 1690 «
2417 1620 2760 1718 quoniam
2810 1617 3050 1692 duris-

900 1742 1161 1814 simum
1216 1739 1325 1824 iis,
1382 1740 1505 1834 qui
1561 1751 1932 1834 praesunt,
1987 1739 2112 1812 fiet
2162 1737 2501 1813 iudicium
2537 1731 2750 1834 (1)».
2810 1735 3050 1836 Atque

898 1858 1115 1931 etiam
1172 1855 1369 1932 omni
1423 1855 1662 1930 studio
1713 1855 1870 1928 illos
1923 1855 2436 1930 ecclesiasticos
2467 1854 2682 1941 viros,
2721 1855 2848 1952 qui
2904 1853 3052 1928 Gu-

898 1975 1147 2050 bernio
1203 1973 1525 2047 faventes
1576 1995 1618 2046 a
1671 1975 1954 2070 proprio
2006 1973 2233 2049 officio
2286 1973 2546 2048 misere
2574 1972 3044 2058 declinarunt,

898 2115 1304 2178 monemuS,
1360 2105 1436 2166 et
1490 2093 1980 2181 exhortamur,
2033 2102 2120 2167 ut
2171 2105 2497 2166 sanctam
2553 2111 2758 2164 suam
2813 2113 3040 2166 voca—

892 2211 1163 2286 tionem
1218 2211 1457 2286 animo
1508 2220 1934 2306 reputantes
1985 2211 2060 2282 in
2139 2209 2453 2283 iustitiae
2481 2261 2504 2298 ,
2583 2208 3047 2306 veritatisque

902 2329 1093 2400 viam
1146 2327 1385 2400 redire
1436 2338 1826 2421 properent
1866 2378 1888 2413 ‚
1945 2337 2020 2398 et
2071 2325 2348 2400 illorum
2403 2324 3038 2400 ecclesiasticorum

901 2443 1269 2514 hominum
1329 2437 1664 2536 exempla
1717 2439 2192 2528 aemulentur,
2247 2439 2368 2536 qui
2421 2439 2700 2513 etiamsi
2747 2437 3040 2512 infelici-

902 2568 1011 2630 ter
1060 2555 1239 2651 lapsi
1290 2557 1815 2651 praescriptum
1867 2581 1910 2631 a
1967 2555 2328 2631 Gubernio
2379 2555 2824 2633 obedientiae
2855 2557 3038 2630 iura·

899 2687 1224 2750 mentum
1276 2677 1818 2770 praestiterunt,
1879 2687 2122 2750 tamen
2175 2699 2346 2752 cum
2399 2676 2671 2774 ingenti
2725 2673 2984 2751 Nostro
3011 2728 3033 2762 ‚

900 2817 981 2868 ac
1032 2815 1321 2868 suorum
1379 2790 1820 2867 Antistitum
1874 2796 2130 2892 gaudio
2182 2795 2372 2870 idem
2407 2793 2896 2870 iusiurandum
2925 2815 3040 2867 re-

900 2922 1229 2999 tractare,
1290 2933 1373 2984 ac
1426 2910 1766 2986 damnare
1819 2913 2098 3010 gloriati
2149 2925 2343 2988 sunt.
2423 2949 2443 2960 -

1052 3028 1345 3102 Interim
1398 3049 1569 3103 vero
1624 3029 2112 3125 amplissimas
2166 3031 2600 3128 meritasque
2641 3027 2860 3105 Vobis
2913 3031 3042 3103 tri-

894 3145 1179 3221 buimus
1236 3147 1509 3234 laudes,
1572 3146 2038 3224 venerabiles
2092 3149 2401 3240 Fratres,
2463 3149 2588 3247 qui
2637 3145 3038 3223 laborantes

896 3265 1081 3338 sicut
1132 3265 1303 3340 boni
1354 3266 1620 3341 milites
1673 3263 1946 3343 Christi
1999 3269 2183 3357 Iesu,
2211 3291 2298 3344 ac
2347 3283 2636 3344 strenue
2683 3268 2758 3342 in
2809 3287 3038 3364 agone

898 3392 1251 3456 certantes
1288 3383 1623 3480 singulari
1687 3385 2091 3459 constantia
2147 3397 2224 3460 ct
2290 3384 2729 3472 fortitudine,
2801 3383 3036 3482 quoad

896 3521 1025 3594 per
1074 3498 1219 3588 Vos
1288 3499 1439 3574 fieri
1516 3503 1786 3598 potuit,
1853 3525 1984 3579 seu
2035 3527 2207 3580 voce
2237 3557 2260 3594 ,
2323 3529 2452 3581 scu
2519 3502 2803 3580 Litteris
2891 3501 3034 3576 Ec-

896 3617 1149 3694 clesiae
1184 3641 1513 3709 causam,
1568 3623 1870 3720 eiusque
1898 3624 2326 3714 doctrinam,
2365 3626 2544 3712 iura,
2595 3621 3028 3710 libertatem,

891 3735 1295 3826 defendere,
1350 3736 1717 3836 vestrique
1757 3743 1996 3840 gregis
2029 3741 2238 3818 saluti
2291 3752 2614 3818 accurate
2637 3737 3029 3827 consulere,

892 3875 1199 3952 eumque
1250 3865 1499 3932 contra
1548 3856 1816 3952 impias
1869 3859 2322 3934 inimicorum
2377 3859 2744 3934 hominum
2805 3855 3030 3932 moli-

901 3970 1153 4060 tiones,
1210 3981 1285 4044 ot
1342 3971 1880 4049 circumstantia
1915 3976 2272 4073 religionis
2339 3973 2644 4072 pericula
2695 3993 3032 4072 praemu-

1063 4211 1147 4296 (¹)
1193 4211 1331 4298 Sap.
1377 4213 1437 4281 8.
