3317 5267
2343 395 2490 470 {393

351 513 628 596 lutifera
683 513 1068 594 catholicae
1120 513 1474 589 Ecclesiae
1501 509 1821 588 docti-ina
1868 535 1952 588 ac
2006 515 2113 586 vis
2140 533 2183 584 a
2234 515 2475 586 iuven-

335 642 508 714 tutis
561 639 1004 712 institutione
1041 647 1114 708 et
1147 634 1875 727 educationeprorsus
1942 629 2365 719 eliminetur,
2396 655 2478 705 ac

335 760 560 834 teneri
611 755 1090 850 flexibilesque
1139 754 1474 826 iuvenum
1525 747 1755 824 ’animi
1816 751 2235 848 perniciosis
2296 754 2457 848 qui-

335 876 608 972 busque
661 873 1042 962 erroribus,
1097 872 1430 968 vitiisque
1481 865 1737 942 misere
1768 867 2165 942 inficiantur
2214 891 2297 942 ac
2340 869 2469 944 de·-

340 1003 750 1090 praventur.
805 987 1168 1087 Siquidem
1221 1009 1496 1075 omncs,
1537 983 1657 1084 qui
1694 1007 1845 1060 rem
1936 996 2087 1060 tum
2166 1007 2471 1073 sacranu

339 1109 876 1205 tumpublicam
932 1101 1370 1204 perturbare,
1425 1127 1510 1180 ac
1546 1115 1821 1180 rectum
1875 1101 2235 1179 societatis
2270 1098 2475 1180 ordi-

342 1249 507 1300 nem
561 1237 906 1311 evertere,
961 1237 1038 1298 et
1073 1225 1220 1297 iura
1279 1223 1516 1297 omnia
1567 1219 1805 1294 divina
1858 1215 1934 1294 et
1978 1221 2288 1294 humana
2344 1221 2475 1294 de*

342 1342 488 1416 lere
565 1353 735 1416 sunt
835 1340 1074 1416 eonati
1115 1391 1137 1426 ‚
1221 1339 1458 1411 omnia
1561 1335 1829 1410 nefaria
1902 1357 2029 1410 sua
2118 1333 2407 1410 consilia
2446 1331 2467 1425 ζ

341 1461 573 1536 studia
609 1471 714 1534 et
707 1477 1010 1556 operam
1061 1459 1134 1530 in
1175 1457 1646 1554 improvidam
1684 1453 2111 1551 pmssertim
2138 1451 2474 1528 iuventu-

341 1591 492 1652 tem
515 1579 1005 1692 decipiendam
1035 1599 1118 1650 ac
1145 1575 1702 1672 depravandam,
1734 1586 1818 1647 ut
1844 1595 2057 1708 supra
2084 1574 2471 1660 inanimae,

341 1717 624 1792 semper
673 1695 996 1768 cuntulen
999 1703 1154 1782 unt,
1209 1712 1640 1790 omnemque
1674 1711 1877 1788 spem
1930 1691 2007 1762 in
2045 1688 2305 1787 'ipsius
2366 1692 2478 1765 iu·-

339 1813 672 1886 ventutis
703 1811 1109 1908 corruptela
1167 1810 1623 1884 collocarunt
1682 1805 2025 1896 Quocirca
2104 1803 2469 1905 nunquam

342 1941 626 2004 cessant
677 1937 1056 2024 utmmque
1086 1925 1398 2012 Clewm,
1435 1947 1527 1996 ex
1579 1947 1747 2021 que,
1802 1924 2023 1998 veluti
2073 1925 2470 1998 >certissima

342 2045 678 2120 historiae
727 2055 1190 2120 monumenta
1227 2041 1588 2139 splendide
1623 2053 2005 2129 testantur,
2072 2055 2183 2116 tot
2216 2063 2473 2138 magna

343 2164 418 2238 in
471 2164 952 2249 christianam,
1007 2163 1317 2249 civilem,
1373 2173 1448 2234 et
1497 2159 1913 2234 litterariam
1966 2160 2473 2256 rempublicam

343 2282 714 2357 commoda·
767 2283 1272 2366 redundarunt,
1302 2279 1863 2378 quibuscumque
1888 2277 2219 2352 'infandis
2248 2277 2473 2354 modis

341 2397 704 2486 divexare,-
743 2410 818 2471 et
865 2397 1174 2485 edicere,
1211 2393 1786 2494 ipsum-elerum
1846 2421 1881 2465 κ
1940 2406 2189 2492 utpote
2226 2417 2415 2469 ·vcro
2448 2443 2469 2484 ,

342 2516 638 2613 utilique
689 2513 1030 2590 scientiae
1079 2515 1156 2590 ct
1205 2515 1573 2589 civilitatis
1649 2514 2051 2611 progressui
2110 2511 2473 2590 inimicum

345 2632 435 2706 ab
485 2633 714 2708 omni
737 2631 1129 2728 iuventutis
1177 2631 1661 2706 instituendae
1716 2627 2291 2765 educandasquc
2310 2653 2475 2708 cura

346 2763 421 2823 et
469 2750 734 2826 officio
745 2771 904 2824 esse
971 2751 1446 2824 amovendum
1505 2775 1575 2819 a.

513 2865 608 2939 At
657 2889 824 2940 vero
881 2867 996 2939 alii
1071 2865 1552 2940 instaurantes
1627 2865 1845 2962 prava
1920 2889 2007 2940 ac
2070 2867 2474 2954 totiusne-

349 2997 593 3058 mnata
625 2997 1054 3060 novatorum
1079 2997 1511 3073 commenta,
1543 2982 1798 3080 insigni
1852 2983 2289 3082 impudentia
2341 3007 2469 3058 au-

347 3105 520 3178 dent
579 3103 941 3180 Ecclesiae
993 3116 1068 3178 et
1093 3104 1302 3179 huius
1345 3103 1783 3202 Apostolicae
1810 3103 2009 3178 Sedis
2062 3123 2469 3199 supremam

348 3217 871 3296 auctoritatem
899 3241 942 3292 a
995 3217 1280 3294 Christo
1365 3219 1669 3295 Domino
1728 3222 1791 3294 ci
1846 3219 2189 3293 tributam
2244 3220 2469 3292 civilis

345 3339 788 3413 auctoritatis
839 3337 1138 3412 arbitrio
1174 3336 1548 3424 subiicere,
1587 3350 1667 3411 et
1698 3339 1935 3411 omnia
1962 3333 2277 3412 eiusdem
2327 3337 2471 3410 Ec·-

350 3456 602 3530 cleaiae
657 3467 733 3529 et
785 3455 984 3529 Sedis
1036 3457 1186 3530 iura
1213 3458 1556 3554 denegare
1592 3458 1775 3530 circa
1826 3477 1909 3528 ea
1964 3479 2150 3552 quae
2203 3455 2289 3529 ad
2312 3471 2318 3482 ·
2338 3479 2471 3528 ex·-

353 3575 686 3648 teriorem
739 3573 1058 3646 ordinem
1107 3575 1496 3669 pertinent.
1553 3571 1875 3670 Namque
1930 3575 2129 3669 ipsos
2179 3574 2471 3646 minime

352 3690 574 3788 pudet
625 3691 974 3766 affirmare
1007 3717 1042 3761 α
1085 3691 1445 3768 Ecclesiae
1477 3695 1669 3790 leges
1694 3715 1839 3766 non
1862 3689 2167 3789 obligare
2198 3693 2471 3766 incon·-

349 3808 664 3896 scientia,
721 3811 856 3884 nisi
919 3833 1082 3884 cum
1156 3811 1691 3908 promulgantur
1754 3795 1799 3884 a
1844 3811 2031 3886 civili
2090 3821 2473 3906 potestate3

351 3937 508 4000 acta
545 3937 618 3999 et
653 3927 936 4003 decreta
974 3927 1454 4002 Romanorum
1494 3926 1917 4004 Pontificum
1947 3929 2033 4002 ad
2062 3927 2473 4025 religionem

357 4053 430 4116 et
479 4037 876 4116 Ecclesiam
909 4044 1304 4138 spectantia
1357 4043 1669 4140 indigere
1698 4045 2063 4125 sanctione
2118 4055 2191 4116 et
2216 4065 2475 4143 appro3-

348 4161 630 4236 batione
689 4161 798 4236 vel
837 4162 1214 4238 minimum
1251 4185 1544 4236 assensu
1585 4164 1959 4258 potcstatis
2002 4162 2477 4248 civilis-§.con-
2534 4211 2551 4229 .
