3317 5267
929 432 1075 505 252

935 547 1123 645 apud
1173 570 1251 623 se
1303 548 1679 621 admittere
1734 546 1947 621 vellet
1996 546 2307 645 aliquem
2346 548 2909 629 ecclesiasticum
2948 552 3087 629 Vi·-

931 686 1092 738 rum
1147 689 1190 739 a
1237 663 1456 740 Nobis
1510 664 1843 751 electum,
1899 666 2024 762 qui
2076 664 2147 737 in
2204 667 2353 739 suis
2391 663 2741 743 Dominiis
2776 668 3083 761 Nostro,

931 795 1006 859 et
1058 785 1271 880 hujus
1330 782 1404 859 S.
1464 783 1667 859 Sedis
1718 783 2007 859 nomine
2060 782 2553 859 ecclesiasticis
2604 785 2821 861 rebus
2880 812 3083 887 ope-

929 924 1084 975 ram
1136 912 1486 988 navaret,
1555 900 2161 997 quemadmodum
2212 922 2383 975 suus
2414 952 2435 989 ,
2489 902 2681 999 apud
2733 904 2879 980 Nos
2909 957 2934 995 ,
2994 919 3083 981 et

929 1021 1254 1095 eamdem
1305 1020 1574 1095 Sedem
1633 1018 1955 1094 Minister
2006 1020 2233 1107 adest,
2274 1030 2497 1117 utque
2530 1021 2899 1099 catholicis
2934 1026 3080 1101 sibi

931 1138 1256 1228 subditis,
1313 1162 1701 1236 eorumque
1754 1138 2233 1236 spiritualibus
2284 1138 2691 1235 indigentiis
2744 1165 2881 1240 pro
2935 1167 3079 1219 ex-

929 1256 1116 1331 celsa
1181 1258 1400 1331 animi
1463 1257 1575 1331 sui
1639 1256 1997 1353 aequitate
2037 1307 2058 1344 ,
2122 1254 2429 1352 benigne
2500 1254 2741 1333 favere
2816 1258 3063 1335 vellet.

927 1374 1114 1450 Haec
1163 1374 1612 1472 praesertim,
1676 1371 2114 1448 Venerabilis
2169 1372 2443 1459 Frater,
2512 1383 2595 1447 ut
2656 1374 2792 1450 alia
2843 1378 3075 1452 omit-

927 1505 1164 1567 tamus
1195 1544 1216 1577 ,
1273 1492 1469 1568 omni
1521 1491 1759 1565 studio
1814 1491 2000 1587 apud
2059 1489 2479 1565 Russiarum
2546 1489 3073 1587 Imperatorem

926 1622 1002 1685 et
1051 1608 1392 1685 Poloniae
1452 1607 1756 1705 Regem,
1822 1606 2119 1705 ejusque
2170 1605 2611 1683 Gubernium
2662 1610 3067 1707 peragenda

921 1728 1322 1803 curavimus
1363 1778 1386 1815 ,
1469 1738 1551 1800 ut
1601 1724 1847 1799 fideles
1910 1722 2243 1801 Poloniae
2316 1726 2562 1824 populi
2632 1726 3065 1803 catholiam

923 1844 1360 1942 Religionem
1398 1841 1616 1918 libere
1652 1864 2009 1929 exercere,
2040 1864 2123 1915 ac
2148 1843 2381 1918 denuo
2409 1844 2877 1941 optatissima
2904 1870 3069 1921 con·-

922 1963 1260 2037 scientiae
1311 1983 1484 2058 pace
1535 1983 1618 2034 ae
1674 1957 2188 2058 tranquillitate
2244 1958 2512 2057 perfrui
2550 1974 2871 2057 possent.
2913 1962 3061 2037 Fu-

923 2093 1162 2156 turum
1217 2078 1659 2166 confidimus,
1689 2088 1774 2153 ut
1824 2077 2019 2151 idem
2074 2076 2585 2154 Serenissimus
2636 2102 2718 2153 ac
2774 2078 3059 2155 Poten-

919 2198 1236 2271 tissimus
1290 2195 1629 2291 Princeps
1671 2194 1839 2269 velit
1868 2195 2109 2291 justis,
2148 2196 2402 2283 enixiS,
2444 2197 2876 2294 iteratisque
2912 2196 3059 2274 No-

921 2315 1086 2388 stris
1140 2310 1731 2410 postulationibus
1786 2309 2105 2409 obsequi,
2162 2324 2237 2386 et
2288 2313 2477 2388 votis
2532 2336 2853 2387 annuere
2892 2318 3057 2412 qui—

918 2431 1051 2505 bus
1103 2432 1220 2505 isti
1269 2431 1509 2507 fideles
1555 2430 1799 2528 populi
1834 2431 2065 2504 eidem
2110 2429 2625 2528 supplicarunt.
2668 2430 2767 2505 Ut
2806 2448 3055 2509 autem

922 2573 1170 2625 omnes
1222 2548 1520 2624 Nostrae
1571 2569 1783 2622 curae
1838 2559 1915 2622 et
1946 2548 2449 2624 sollicitudines
2485 2559 2817 2645 optatum
2854 2572 3059 2625 asse-

919 2681 1230 2768 quantur
1275 2670 1575 2757 exitum,
1631 2668 1931 2743 assiduis
1982 2690 2066 2742 ac
2119 2667 2670 2743 ferventissimis
2722 2670 3057 2765 precihus

919 2787 1148 2865 Deum
1201 2791 1663 2886 deprecemur
1716 2798 2000 2886 oportet
2035 2787 2109 2861 in
2144 2786 2345 2862 cuius
2381 2809 2598 2861 manu
2634 2800 2805 2861 sunt
2836 2788 3057 2863 corda

923 2906 1224 3004 Regum.
1281 2904 1438 2995 Quo
1477 2928 1642 2979 vero
1678 2904 1953 2979 facilius
1997 2901 2187 2979 Deus
2225 2904 2514 2979 inclinet
2558 2926 2804 2979 aurem
2836 2924 3049 2979 suam

919 3026 1006 3099 ad
1058 3048 1330 3123 preces,
1383 3024 1703 3119 apprime
1756 3022 2017 3109 noscis,
2076 3020 2513 3096 Venerabilis
2548 3020 2825 3109 Frater,
2868 3046 3051 3120 opus

916 3166 1072 3218 esse
1125 3155 1206 3215 ut
1254 3141 1496 3216 fideles
1547 3140 1788 3239 populi
1840 3139 2081 3215 omnia
2134 3139 2353 3236 ipsius
2389 3136 2517 3213 Dei
2556 3140 2899 3214 mandata
2934 3163 3051 3215 re-

913 3260 1156 3358 ligiose
1209 3260 1637 3345 custodiant,
1690 3282 2081 3356 omnesque
2128 3258 2547 3332 christianas
2584 3258 2891 3333 virtutes
2928 3281 3049 3334 se—

913 3378 1079 3452 dulo
1130 3390 1534 3467 exerceant,
1590 3388 1805 3477 atque
1856 3377 1947 3452 ab
1998 3377 2085 3451 iis
2137 3373 2468 3450 omnibus
2504 3374 3044 3471 diligentissime

915 3519 993 3571 se
1045 3495 1472 3586 abstineant,
1526 3520 1709 3595 quae
1760 3497 2060 3596 populos
2112 3496 2304 3592 ipsos
2355 3494 2651 3569 miseros
2705 3494 3041 3581 reddunt,

914 3626 990 3690 et
1039 3617 1434 3713 impediunt
1485 3617 1865 3713 quominus
1902 3616 2183 3690 divinae
2222 3612 2736 3689 misericordiae
2770 3610 3043 3687 benefi-

913 3735 1020 3809 cia
1071 3756 1284 3831 super
1319 3733 1472 3809 illos
1509 3733 1965 3809 descendant.
2009 3732 2239 3832 Atque
2275 3732 2393 3807 hic
2428 3730 2883 3829 potissimum
2927 3728 3037 3804 lo-

914 3852 1202 3949 quimur
1251 3852 1338 3925 de
1393 3851 1610 3924 nimia
1665 3850 1781 3925 illa
1832 3851 2169 3926 abusione
2220 3870 2405 3948 quae
2456 3848 2667 3945 hujus
2718 3846 2795 3921 S.
2835 3846 3037 3921 Sedis

912 3968 1352 4065 vigilantiam
1389 3979 1465 4043 et
1499 3968 2034 4043 sollicitudinem
2074 3990 2243 4065 erga
2270 3965 2570 4042 Polonos
2595 3986 2883 4061 semper
2905 3986 3037 4035 ex-

913 4085 1187 4174 citavit,
1227 4087 1495 4161 scilicet
1523 4087 1610 4159 de
1640 4084 2125 4182 frequentibus
2148 4084 2763 4159 matrimoniorum
2792 4082 3037 4156 divor-

917 4200 1058 4289 tiis,
1113 4226 1294 4300 quae
1347 4204 1418 4276 in
1457 4203 1789 4278 Poloniae
1824 4201 2225 4299 regionibus
2260 4212 2507 4278 contra
2544 4198 2696 4285 Dei,
2736 4198 3031 4295 eiusque
