3317 5267
2307 490 2451 562 707

493 602 715 680 XXV.
771 603 1064 680 Praeter
1113 615 1550 702 potestatem
1587 606 2021 702 episcopatui
2072 607 2448 682 inhaeren-

336 739 514 814 tem,
545 726 680 799 alia
707 737 824 800 est
849 723 1195 800 attributa
1217 723 1627 821 temporalis
1662 735 1981 820 potestas
2018 747 2060 798 a
2111 726 2299 800 civili
2324 729 2451 800 im·
2483 705 2497 717 ’

333 843 528 937 perio
581 841 694 916 iel
773 863 1104 937 expresse
1179 842 1291 915 vel
1373 841 1584 914 tacite
1635 863 1996 929 concessa,
2050 845 2445 918 revocanda

287 939 294 948 ’
333 971 738 1055 propterea,
793 979 958 1031 cum
1011 957 1328 1045 libuerit,
1382 979 1424 1029 a
1473 957 1663 1031 civili
1718 958 2041 1054 imperio.

543 1075 699 1142 Litt.
752 1069 982 1162 Apost.
1034 1073 1138 1140 Aa
1181 1073 1566 1160 apostolicae
1611 1072 1704 1140 22
1750 1075 2016 1161 augusti
2066 1069 2269 1141 1851.

487 1195 740 1271 XXVI.
791 1197 1106 1272 Ecclesia
1142 1221 1283 1272 non
1321 1195 1540 1272 habet
1573 1197 1899 1272 nativum
1938 1220 2019 1272 ac
2052 1197 2451 1295 legitimum

329 1317 440 1391 ius
494 1317 901 1414 acquirendi
953 1337 1036 1389 ac
1086 1315 1518 1412 possidendi.

541 1431 750 1502 Alloc.
799 1435 1149 1520 Nunquam
1206 1433 1350 1519 fore
1407 1431 1494 1500 15
1544 1431 1917 1500 decembris
1965 1427 2163 1498 1856.

538 1545 745 1629 Epist.
795 1544 1050 1633 encycl.
1104 1543 1480 1610 Incredibili
1527 1541 1610 1611 17
1656 1539 2047 1632 septembris
2094 1539 2295 1609 1863.

491 1648 776 1722 xxvu.
831 1649 1026 1724 Sacri
1109 1646 1466 1724 Ecclesiae
1555 1651 1862 1724 ministri
1942 1649 2451 1746 Romanusque

329 1765 662 1873 Pontifex
713 1765 804 1840 ab
857 1767 1052 1840 omni
1123 1789 1359 1841 rerum
1419 1763 1915 1863 temporalium
1968 1789 2135 1842 cura
2188 1789 2271 1842 ae
2320 1767 2451 1842 do-

331 1885 551 1957 minio
601 1895 770 1957 sunt
821 1883 1110 1960 omnino
1161 1883 1604 1958 excludendi.

543 1999 754 2066 Alloc.
806 1999 1106 2069 Maxima
1151 2001 1403 2087 quidem
1444 1997 1488 2067 9
1537 1999 1709 2066 iunii
1755 1998 1959 2067 1862.

486 2103 804 2180 xxvffl.
860 2105 1256 2203 Episcopis‚
1295 2105 1448 2180 sine
1499 2104 1839 2180 Gubernii
1875 2105 2109 2193 venia,
2146 2103 2257 2180 fas
2306 2129 2449 2180 non

331 2207 442 2298 est
495 2225 607 2300 vel
657 2225 850 2321 ipsas
903 2223 1326 2320 apostolicas
1376 2220 1689 2298 Litteras
1739 2222 2209 2321 promulgare.

544 2352 1164 2441 Alloc.‚Nunquam
1209 2353 1346 2439 fore
1396 2349 1482 2420 15
1529 2351 1901 2420 decembris
1952 2349 2155 2420 1856.

485 2459 742 2535 XXIX.
785 2459 1068 2536 Gratiae
1093 2485 1135 2536 a
1173 2462 1496 2536 Romano
1533 2459 1871 2536 Pontifice
1898 2483 2273 2537 concessae
2300 2463 2457 2536 exi-

328 2579 604 2652 stimari
653 2578 914 2652 debent
949 2590 1318 2676 tamquam
1353 2576 1618 2668 irritae,
1657 2579 1793 2654 nisi
1830 2599 1960 2676 per
2012 2575 2453 2654 Guhernium

329 2695 602 2771 fuerint
652 2695 1094 2792 imploratae.

540 2809 754 2878 Alloc.
805 2811 1160 2896 Nunquam
1204 2814 1342 2897 sore
1387 2810 1474 2880 15
1523 2809 1892 2879 decembris
1938 2809 2141 2878 1856.

484 2910 705 2985 XXX.
763 2911 1117 2987 Ecclesiae
1168 2925 1245 2988 et
1296 2935 1761 3011 personarum
1815 2914 2449 2990 ecclesiasticarum

331 3034 750 3108 immunitas
800 3056 843 3105 a
893 3032 1044 3107 iure
1095 3032 1280 3106 civili
1337 3047 1572 3108 ortum
1625 3031 1901 3106 habuit.

535 3163 700 3230 Litt.
751 3158 979 3250 Apost.
1031 3163 1426 3249 Multiplices
1469 3168 1642 3229 inter
1692 3157 1781 3230 10
1827 3162 1999 3230 iunii
2038 3157 2235 3229 1851.

487 3265 740 3342 ΧΧΧΙ.
798 3266 1374 3368 Ecclesiasticum
1443 3266 1679 3343 forum
1732 3291 1861 3364 pro
1940 3269 2445 3364 temporalibus

329 3388 769 3490 clericorumss
812 3387 1042 3461 causis
1117 3388 1270 3461 sire
1349 3385 1671 3463 civilibus
1748 3385 1899 3462 sive
1968 3387 2447 3464 criminalibus

334 3505 622 3579 omnino
674 3504 762 3579 de
813 3504 1047 3578 medio
1075 3502 1462 3578 tollendum
1502 3515 1638 3593 est,
1670 3503 1889 3578 etiam
1944 3503 2339 3580 inconsulta
2374 3517 2448 3579 et

331 3621 764 3696 reclamante
817 3621 1224 3717 Apostolica
1279 3621 1486 3696 Sede.

540 3751 756 3822 Alloc.
810 3753 1312 3820 Acerbissimum
1357 3751 1444 3818 27
1493 3751 1877 3841 septembris
1924 3747 2123 3820 1852.

543 3855 759 3926 Alloc.
809 3862 1164 3947 Nunquam
1208 3862 1348 3947 fore
1395 3857 1482 3925 15
1529 3858 1897 3928 decembris
1948 3855 2149 3928 1856.

485 3961 772 4039 XXXII.
833 3963 1114 4064 Absque
1171 3965 1313 4040 ulla
1349 3966 1685 4040 naturalis
1721 3967 1893 4040 iuris
1962 3978 2041 4040 et
2074 3965 2451 4063 aequitatis

323 4083 698 4194 violatione
750 4097 990 4180 potest
1021 4084 1340 4180 abrogari
1371 4084 1771 4180 personalis
1826 4085 2267 4172 immunitas,
2308 4105 2449 4181 qua

322 4199 554 4276 clerici
605 4199 696 4274 ab
744 4223 964 4278 onere
1035 4201 1448 4278 subeundae
1517 4203 2105 4302 exercendaeque
2154 4200 2449 4278 militiae
