<?xml version="1.0" encoding="UTF-8"?>
<!DOCTYPE html PUBLIC "-//W3C//DTD XHTML 1.0 Transitional//EN"
    "http://www.w3.org/TR/xhtml1/DTD/xhtml1-transitional.dtd">
<html xmlns="http://www.w3.org/1999/xhtml" xml:lang="en" lang="en">
 <head>
  <title>
</title>
<meta http-equiv="Content-Type" content="text/html;charset=utf-8" />
  <meta name='ocr-system' content='tesseract 3.04.00' />
  <meta name='ocr-capabilities' content='ocr_page ocr_carea ocr_par ocr_line ocrx_word'/>
</head>
<body>
  <div class='ocr_page' id='page_1' title='image "./piiixpontificis00ixgoog_0232.png"; bbox 0 0 3317 5267; ppageno 0'>
   <div class='ocr_carea' id='block_1_1' title="bbox 887 449 3031 4311">
    <p class='ocr_par' dir='ltr' id='par_1_1' title="bbox 889 449 1034 519">
     <span class='ocr_line' id='line_1_1' title="bbox 889 449 1034 519; baseline 0 0"><span class='ocrx_word' id='word_1_1' title='bbox 889 449 1034 519; x_wconf 80' lang='lat'><strong>218</strong></span> 
     </span>
    </p>

    <p class='ocr_par' dir='ltr' id='par_1_2' title="bbox 887 560 3031 4311">
     <span class='ocr_line' id='line_1_2' title="bbox 887 560 3007 664; baseline 0 -28"><span class='ocrx_word' id='word_1_2' title='bbox 887 562 1224 659; x_wconf 85' lang='lat' dir='ltr'><strong>subjectis</strong></span> <span class='ocrx_word' id='word_1_3' title='bbox 1275 560 1546 638; x_wconf 87' lang='lat' dir='ltr'><strong>nullum</strong></span> <span class='ocrx_word' id='word_1_4' title='bbox 1579 582 1894 659; x_wconf 83' lang='lat' dir='ltr'><strong>unquam</strong></span> <span class='ocrx_word' id='word_1_5' title='bbox 1927 562 2162 637; x_wconf 86' lang='lat' dir='ltr'><strong>locum</strong></span> <span class='ocrx_word' id='word_1_6' title='bbox 2196 560 2458 638; x_wconf 88' lang='lat' dir='ltr'><strong>habere</strong></span> <span class='ocrx_word' id='word_1_7' title='bbox 2492 575 2839 664; x_wconf 86' lang='lat' dir='ltr'><strong>poterunt</strong></span> <span class='ocrx_word' id='word_1_8' title='bbox 2864 586 3007 637; x_wconf 88' lang='lat' dir='ltr'><strong>nec</strong></span> 
     </span>
     <span class='ocr_line' id='line_1_3' title="bbox 889 676 3014 779; baseline 0.001 -28"><span class='ocrx_word' id='word_1_9' title='bbox 889 676 1200 753; x_wconf 79' lang='lat' dir='ltr'><strong><em>Articuli</em></strong></span> <span class='ocrx_word' id='word_1_10' title='bbox 1247 677 1596 773; x_wconf 73' lang='lat' dir='ltr'><strong>orqanici,</strong></span> <span class='ocrx_word' id='word_1_11' title='bbox 1635 688 1881 753; x_wconf 88' lang='lat' dir='ltr'><strong>contra</strong></span> <span class='ocrx_word' id='word_1_12' title='bbox 1916 701 2097 777; x_wconf 90' lang='lat' dir='ltr'><strong>quos</strong></span> <span class='ocrx_word' id='word_1_13' title='bbox 2131 676 2307 753; x_wconf 86' lang='lat' dir='ltr'><strong>haec</strong></span> <span class='ocrx_word' id='word_1_14' title='bbox 2344 681 2748 777; x_wconf 87' lang='lat' dir='ltr'><strong>Apostolica</strong></span> <span class='ocrx_word' id='word_1_15' title='bbox 2780 681 3014 779; x_wconf 80' lang='lat' dir='ltr'><strong>Sedes</strong></span> 
     </span>
     <span class='ocr_line' id='line_1_4' title="bbox 893 793 3013 891; baseline 0.001 -21"><span class='ocrx_word' id='word_1_16' title='bbox 893 804 1302 871; x_wconf 76' lang='lat' dir='ltr'><strong>constanter</strong></span> <span class='ocrx_word' id='word_1_17' title='bbox 1351 793 1732 869; x_wconf 83' lang='lat' dir='ltr'><strong>reclamare</strong></span> <span class='ocrx_word' id='word_1_18' title='bbox 1782 806 1858 868; x_wconf 87' lang='lat' dir='ltr'><strong>et</strong></span> <span class='ocrx_word' id='word_1_19' title='bbox 1907 796 2285 891; x_wconf 84' lang='lat' dir='ltr'><strong>protestari</strong></span> <span class='ocrx_word' id='word_1_20' title='bbox 2336 797 2527 873; x_wconf 86' lang='lat' dir='ltr'><strong>haud</strong></span> <span class='ocrx_word' id='word_1_21' title='bbox 2560 798 2830 887; x_wconf 86' lang='lat' dir='ltr'><strong>omisit,</strong></span> <span class='ocrx_word' id='word_1_22' title='bbox 2868 820 3013 873; x_wconf 84' lang='lat' dir='ltr'><strong>nec</strong></span> 
     </span>
     <span class='ocr_line' id='line_1_5' title="bbox 891 912 3012 1015; baseline 0.001 -28"><span class='ocrx_word' id='word_1_23' title='bbox 891 914 1010 987; x_wconf 81' lang='lat' dir='ltr'><strong>lex</strong></span> <span class='ocrx_word' id='word_1_24' title='bbox 1059 914 1148 987; x_wconf 90' lang='lat' dir='ltr'><strong>de</strong></span> <span class='ocrx_word' id='word_1_25' title='bbox 1201 912 1386 987; x_wconf 86' lang='lat' dir='ltr'><strong>civili</strong></span> <span class='ocrx_word' id='word_1_26' title='bbox 1438 913 1919 1001; x_wconf 87' lang='lat' dir='ltr'><strong>matrimonio,</strong></span> <span class='ocrx_word' id='word_1_27' title='bbox 1974 936 2105 988; x_wconf 91' lang='lat' dir='ltr'><strong>nec</strong></span> <span class='ocrx_word' id='word_1_28' title='bbox 2156 914 2293 987; x_wconf 88' lang='lat' dir='ltr'><strong>alia</strong></span> <span class='ocrx_word' id='word_1_29' title='bbox 2344 918 2635 1015; x_wconf 75' lang='lat' dir='ltr'><strong>quaevis</strong></span> <span class='ocrx_word' id='word_1_30' title='bbox 2682 916 3012 1013; x_wconf 77' lang='lat' dir='ltr'><strong>disposi-</strong></span> 
     </span>
     <span class='ocr_line' id='line_1_6' title="bbox 891 1028 3015 1133; baseline 0.003 -32"><span class='ocrx_word' id='word_1_31' title='bbox 891 1029 1021 1116; x_wconf 87' lang='lat' dir='ltr'><strong>tio,</strong></span> <span class='ocrx_word' id='word_1_32' title='bbox 1075 1050 1259 1127; x_wconf 87' lang='lat' dir='ltr'><strong>quae</strong></span> <span class='ocrx_word' id='word_1_33' title='bbox 1311 1028 1701 1105; x_wconf 87' lang='lat' dir='ltr'><strong>catholicae</strong></span> <span class='ocrx_word' id='word_1_34' title='bbox 1739 1028 2097 1107; x_wconf 72' lang='lat' dir='ltr'><strong>Ecclesiae</strong></span> <span class='ocrx_word' id='word_1_35' title='bbox 2132 1032 2523 1122; x_wconf 82' lang='lat' dir='ltr'><strong>doctrinae,</strong></span> <span class='ocrx_word' id='word_1_36' title='bbox 2560 1033 2853 1133; x_wconf 85' lang='lat' dir='ltr'><strong>eiusque</strong></span> <span class='ocrx_word' id='word_1_37' title='bbox 2884 1032 3015 1128; x_wconf 83' lang='lat' dir='ltr'><strong>ju·-</strong></span> 
     </span>
     <span class='ocr_line' id='line_1_7' title="bbox 893 1145 3011 1243; baseline 0.002 -25"><span class='ocrx_word' id='word_1_38' title='bbox 893 1146 1088 1219; x_wconf 84' lang='lat' dir='ltr'><strong>ribus</strong></span> <span class='ocrx_word' id='word_1_39' title='bbox 1141 1146 1396 1243; x_wconf 86' lang='lat' dir='ltr'><strong>quovis</strong></span> <span class='ocrx_word' id='word_1_40' title='bbox 1447 1148 1661 1222; x_wconf 90' lang='lat' dir='ltr'><strong>modo</strong></span> <span class='ocrx_word' id='word_1_41' title='bbox 1712 1147 2153 1221; x_wconf 77' lang='lat' dir='ltr'><strong>adversetur.</strong></span> <span class='ocrx_word' id='word_1_42' title='bbox 2212 1145 2401 1222; x_wconf 90' lang='lat' dir='ltr'><strong>Dum</strong></span> <span class='ocrx_word' id='word_1_43' title='bbox 2452 1174 2621 1225; x_wconf 88' lang='lat' dir='ltr'><strong>vero</strong></span> <span class='ocrx_word' id='word_1_44' title='bbox 2682 1174 2769 1224; x_wconf 89' lang='lat' dir='ltr'><strong>ea</strong></span> <span class='ocrx_word' id='word_1_45' title='bbox 2816 1150 3011 1225; x_wconf 82' lang='lat' dir='ltr'><strong>fidu-</strong></span> 
     </span>
     <span class='ocr_line' id='line_1_8' title="bbox 897 1262 3013 1364; baseline 0.001 -25"><span class='ocrx_word' id='word_1_46' title='bbox 897 1266 1006 1339; x_wconf 92' lang='lat' dir='ltr'><strong>cia</strong></span> <span class='ocrx_word' id='word_1_47' title='bbox 1056 1264 1349 1340; x_wconf 80' lang='lat' dir='ltr'><strong>nitimur</strong></span> <span class='ocrx_word' id='word_1_48' title='bbox 1397 1262 1575 1354; x_wconf 86' lang='lat' dir='ltr'><strong>fore,</strong></span> <span class='ocrx_word' id='word_1_49' title='bbox 1629 1278 1713 1341; x_wconf 90' lang='lat' dir='ltr'><strong>ut</strong></span> <span class='ocrx_word' id='word_1_50' title='bbox 1763 1266 1997 1362; x_wconf 87' lang='lat' dir='ltr'><strong>ipsum</strong></span> <span class='ocrx_word' id='word_1_51' title='bbox 2049 1264 2418 1364; x_wconf 88' lang='lat' dir='ltr'><strong>Imperiale</strong></span> <span class='ocrx_word' id='word_1_52' title='bbox 2454 1266 2893 1343; x_wconf 86' lang='lat' dir='ltr'><strong>Gubernium</strong></span> <span class='ocrx_word' id='word_1_53' title='bbox 2928 1268 3013 1341; x_wconf 82' lang='lat' dir='ltr'><strong>in</strong></span> 
     </span>
     <span class='ocr_line' id='line_1_9' title="bbox 897 1383 3013 1485; baseline 0 -24"><span class='ocrx_word' id='word_1_54' title='bbox 897 1383 1054 1461; x_wconf 83' lang='lat' dir='ltr'><strong>istis</strong></span> <span class='ocrx_word' id='word_1_55' title='bbox 1103 1384 1486 1479; x_wconf 85' lang='lat' dir='ltr'><strong>provinciis</strong></span> <span class='ocrx_word' id='word_1_56' title='bbox 1537 1384 1673 1459; x_wconf 89' lang='lat' dir='ltr'><strong>sibi</strong></span> <span class='ocrx_word' id='word_1_57' title='bbox 1718 1384 2059 1481; x_wconf 82' lang='lat' dir='ltr'><strong>subjectis</strong></span> <span class='ocrx_word' id='word_1_58' title='bbox 2108 1408 2193 1459; x_wconf 90' lang='lat' dir='ltr'><strong>ea</strong></span> <span class='ocrx_word' id='word_1_59' title='bbox 2244 1408 2665 1484; x_wconf 81' lang='lat' dir='ltr'><strong>exsequens,</strong></span> <span class='ocrx_word' id='word_1_60' title='bbox 2710 1409 2899 1485; x_wconf 86' lang='lat' dir='ltr'><strong>quae</strong></span> <span class='ocrx_word' id='word_1_61' title='bbox 2930 1387 3013 1461; x_wconf 84' lang='lat' dir='ltr'><strong>in</strong></span> 
     </span>
     <span class='ocr_line' id='line_1_10' title="bbox 895 1501 3015 1595; baseline 0.002 -18"><span class='ocrx_word' id='word_1_62' title='bbox 895 1513 1286 1577; x_wconf 86' lang='lat' dir='ltr'><strong>memorata</strong></span> <span class='ocrx_word' id='word_1_63' title='bbox 1340 1501 1450 1579; x_wconf 91' lang='lat' dir='ltr'><strong>Pii</strong></span> <span class='ocrx_word' id='word_1_64' title='bbox 1501 1501 1628 1576; x_wconf 86' lang='lat' dir='ltr'><strong>vll</strong></span> <span class='ocrx_word' id='word_1_65' title='bbox 1682 1502 2175 1580; x_wconf 87' lang='lat' dir='ltr'><strong>Conventione</strong></span> <span class='ocrx_word' id='word_1_66' title='bbox 2224 1518 2397 1579; x_wconf 87' lang='lat' dir='ltr'><strong>sunt</strong></span> <span class='ocrx_word' id='word_1_67' title='bbox 2444 1508 2713 1581; x_wconf 87' lang='lat' dir='ltr'><strong>sancita</strong></span> <span class='ocrx_word' id='word_1_68' title='bbox 2742 1560 2765 1595; x_wconf 90' lang='lat'>‚</span> <span class='ocrx_word' id='word_1_69' title='bbox 2828 1507 3015 1581; x_wconf 85' lang='lat' dir='ltr'>nihil</span> 
     </span>
     <span class='ocr_line' id='line_1_11' title="bbox 901 1618 3007 1716; baseline 0.001 -23"><span class='ocrx_word' id='word_1_70' title='bbox 901 1639 1216 1715; x_wconf 88' lang='lat' dir='ltr'><strong>unquam</strong></span> <span class='ocrx_word' id='word_1_71' title='bbox 1267 1618 1466 1705; x_wconf 88' lang='lat' dir='ltr'><strong>velit,</strong></span> <span class='ocrx_word' id='word_1_72' title='bbox 1518 1620 1707 1716; x_wconf 89' lang='lat' dir='ltr'><strong>quod</strong></span> <span class='ocrx_word' id='word_1_73' title='bbox 1758 1618 2143 1695; x_wconf 83' lang='lat' dir='ltr'><strong>catholicae</strong></span> <span class='ocrx_word' id='word_1_74' title='bbox 2196 1618 2553 1698; x_wconf 73' lang='lat' dir='ltr'><strong>Ecclesiae</strong></span> <span class='ocrx_word' id='word_1_75' title='bbox 2586 1622 2953 1698; x_wconf 81' lang='lat' dir='ltr'><strong>doctrinae</strong></span> <span class='ocrx_word' id='word_1_76' title='bbox 2984 1675 3007 1711; x_wconf 89' lang='lat'><strong>‚</strong></span> 
     </span>
     <span class='ocr_line' id='line_1_12' title="bbox 903 1735 3015 1835; baseline 0.002 -25"><span class='ocrx_word' id='word_1_77' title='bbox 903 1736 1195 1833; x_wconf 86' lang='lat' dir='ltr'><strong>ejusque</strong></span> <span class='ocrx_word' id='word_1_78' title='bbox 1241 1735 1514 1832; x_wconf 87' lang='lat' dir='ltr'><strong>juribus</strong></span> <span class='ocrx_word' id='word_1_79' title='bbox 1581 1735 1975 1834; x_wconf 74' lang='lat' dir='ltr'><strong>refragetur</strong></span> <span class='ocrx_word' id='word_1_80' title='bbox 2012 1788 2033 1825; x_wconf 89' lang='lat'><strong>,</strong></span> <span class='ocrx_word' id='word_1_81' title='bbox 2110 1736 2316 1835; x_wconf 88' lang='lat' dir='ltr'><strong>plane</strong></span> <span class='ocrx_word' id='word_1_82' title='bbox 2388 1761 2531 1815; x_wconf 89' lang='lat' dir='ltr'><strong>non</strong></span> <span class='ocrx_word' id='word_1_83' title='bbox 2598 1738 3015 1814; x_wconf 78' lang='lat' dir='ltr'><strong>dubitamus</strong></span> 
     </span>
     <span class='ocr_line' id='line_1_13' title="bbox 903 1849 3019 1951; baseline 0.002 -25"><span class='ocrx_word' id='word_1_84' title='bbox 903 1854 1075 1951; x_wconf 79' lang='lat' dir='ltr'><strong>quin</strong></span> <span class='ocrx_word' id='word_1_85' title='bbox 1126 1850 1299 1942; x_wconf 77' lang='lat' dir='ltr'><strong>VoS,</strong></span> <span class='ocrx_word' id='word_1_86' title='bbox 1339 1849 1789 1929; x_wconf 77' lang='lat' dir='ltr'><strong>venerabiles</strong></span> <span class='ocrx_word' id='word_1_87' title='bbox 1823 1852 2134 1941; x_wconf 83' lang='lat' dir='ltr'><strong>Fratres,</strong></span> <span class='ocrx_word' id='word_1_88' title='bbox 2173 1876 2303 1949; x_wconf 88' lang='lat' dir='ltr'><strong>pro</strong></span> <span class='ocrx_word' id='word_1_89' title='bbox 2338 1854 2599 1927; x_wconf 80' lang='lat' dir='ltr'><strong>eximia</strong></span> <span class='ocrx_word' id='word_1_90' title='bbox 2632 1866 2873 1931; x_wconf 86' lang='lat' dir='ltr'><strong>vestra</strong></span> <span class='ocrx_word' id='word_1_91' title='bbox 2906 1878 3019 1931; x_wconf 85' lang='lat' dir='ltr'><strong>re-</strong></span> 
     </span>
     <span class='ocr_line' id='line_1_14' title="bbox 904 1969 3021 2068; baseline 0.002 -23"><span class='ocrx_word' id='word_1_92' title='bbox 904 1972 1189 2068; x_wconf 79' lang='lat' dir='ltr'><strong>ligione,</strong></span> <span class='ocrx_word' id='word_1_93' title='bbox 1220 1969 1510 2058; x_wconf 84' lang='lat' dir='ltr'><strong>virtute,</strong></span> <span class='ocrx_word' id='word_1_94' title='bbox 1547 1978 1623 2042; x_wconf 90' lang='lat' dir='ltr'><strong>et</strong></span> <span class='ocrx_word' id='word_1_95' title='bbox 1655 1970 2037 2067; x_wconf 84' lang='lat' dir='ltr'><strong>episcopali</strong></span> <span class='ocrx_word' id='word_1_96' title='bbox 2066 1971 2219 2045; x_wconf 86' lang='lat' dir='ltr'><strong>zelo</strong></span> <span class='ocrx_word' id='word_1_97' title='bbox 2244 1970 2465 2067; x_wconf 87' lang='lat' dir='ltr'><strong>ipsius</strong></span> <span class='ocrx_word' id='word_1_98' title='bbox 2500 1969 2854 2047; x_wconf 77' lang='lat' dir='ltr'><strong>Ecclesiae</strong></span> <span class='ocrx_word' id='word_1_99' title='bbox 2896 1972 3021 2049; x_wconf 82' lang='lat' dir='ltr'><strong>do·-</strong></span> 
     </span>
     <span class='ocr_line' id='line_1_15' title="bbox 905 2087 3019 2184; baseline 0 -21"><span class='ocrx_word' id='word_1_100' title='bbox 905 2088 1236 2176; x_wconf 87' lang='lat' dir='ltr'><strong>ctrinam,</strong></span> <span class='ocrx_word' id='word_1_101' title='bbox 1290 2096 1366 2161; x_wconf 91' lang='lat' dir='ltr'><strong>et</strong></span> <span class='ocrx_word' id='word_1_102' title='bbox 1403 2088 1558 2162; x_wconf 88' lang='lat' dir='ltr'><strong>iura</strong></span> <span class='ocrx_word' id='word_1_103' title='bbox 1593 2087 1865 2176; x_wconf 88' lang='lat' dir='ltr'><strong>sedulo,</strong></span> <span class='ocrx_word' id='word_1_104' title='bbox 1906 2089 2315 2184; x_wconf 81' lang='lat' dir='ltr'><strong>prudenter,</strong></span> <span class='ocrx_word' id='word_1_105' title='bbox 2352 2100 2643 2165; x_wconf 88' lang='lat' dir='ltr'><strong>strenue</strong></span> <span class='ocrx_word' id='word_1_106' title='bbox 2676 2100 3019 2165; x_wconf 85' lang='lat' dir='ltr'><strong>constan-</strong></span> 
     </span>
     <span class='ocr_line' id='line_1_16' title="bbox 907 2204 3021 2304; baseline 0 -23"><span class='ocrx_word' id='word_1_107' title='bbox 907 2218 1156 2304; x_wconf 83' lang='lat' dir='ltr'><strong>terque</strong></span> <span class='ocrx_word' id='word_1_108' title='bbox 1191 2206 1375 2281; x_wconf 90' lang='lat' dir='ltr'><strong>tueri</strong></span> <span class='ocrx_word' id='word_1_109' title='bbox 1411 2226 1494 2279; x_wconf 86' lang='lat' dir='ltr'><strong>ac</strong></span> <span class='ocrx_word' id='word_1_110' title='bbox 1529 2204 1907 2281; x_wconf 82' lang='lat' dir='ltr'><strong>defendere</strong></span> <span class='ocrx_word' id='word_1_111' title='bbox 1940 2206 2409 2283; x_wconf 84' lang='lat' dir='ltr'><strong>contendatis.</strong></span> <span class='ocrx_word' id='word_1_112' title='bbox 2450 2205 2655 2297; x_wconf 82' lang='lat' dir='ltr'><strong>Quod</strong></span> <span class='ocrx_word' id='word_1_113' title='bbox 2694 2228 2867 2283; x_wconf 88' lang='lat' dir='ltr'><strong>vero</strong></span> <span class='ocrx_word' id='word_1_114' title='bbox 2904 2222 3021 2281; x_wconf 85' lang='lat' dir='ltr'><strong>at-</strong></span> 
     </span>
     <span class='ocr_line' id='line_1_17' title="bbox 910 2320 3019 2421; baseline 0.002 -26"><span class='ocrx_word' id='word_1_115' title='bbox 910 2324 1092 2397; x_wconf 88' lang='lat' dir='ltr'><strong>tinet</strong></span> <span class='ocrx_word' id='word_1_116' title='bbox 1141 2324 1231 2397; x_wconf 86' lang='lat' dir='ltr'><strong>ad</strong></span> <span class='ocrx_word' id='word_1_117' title='bbox 1279 2322 1576 2397; x_wconf 87' lang='lat' dir='ltr'><strong>istarum</strong></span> <span class='ocrx_word' id='word_1_118' title='bbox 1631 2322 2259 2419; x_wconf 83' lang='lat' dir='ltr'><strong>Archiepiscopalis</strong></span> <span class='ocrx_word' id='word_1_119' title='bbox 2290 2374 2311 2411; x_wconf 90' lang='lat'><strong>,</strong></span> <span class='ocrx_word' id='word_1_120' title='bbox 2368 2334 2445 2399; x_wconf 82' lang='lat' dir='ltr'><strong>et</strong></span> <span class='ocrx_word' id='word_1_121' title='bbox 2492 2320 3019 2421; x_wconf 83' lang='lat' dir='ltr'><strong>Episcopalium</strong></span> 
     </span>
     <span class='ocr_line' id='line_1_18' title="bbox 913 2440 3024 2535; baseline 0.003 -22"><span class='ocrx_word' id='word_1_122' title='bbox 913 2440 1228 2529; x_wconf 77' lang='lat' dir='ltr'><strong>Sedium,</strong></span> <span class='ocrx_word' id='word_1_123' title='bbox 1283 2452 1497 2535; x_wconf 86' lang='lat' dir='ltr'><strong>atque</strong></span> <span class='ocrx_word' id='word_1_124' title='bbox 1549 2440 1755 2517; x_wconf 84' lang='lat' dir='ltr'><strong>istius</strong></span> <span class='ocrx_word' id='word_1_125' title='bbox 1807 2440 1992 2517; x_wconf 85' lang='lat' dir='ltr'><strong>Cleri</strong></span> <span class='ocrx_word' id='word_1_126' title='bbox 2040 2444 2376 2531; x_wconf 84' lang='lat' dir='ltr'><strong>rationes,</strong></span> <span class='ocrx_word' id='word_1_127' title='bbox 2416 2444 2657 2519; x_wconf 84' lang='lat' dir='ltr'><strong>sciatis</strong></span> <span class='ocrx_word' id='word_1_128' title='bbox 2692 2444 3024 2531; x_wconf 86' lang='lat' dir='ltr'><strong>velimus,</strong></span> 
     </span>
     <span class='ocr_line' id='line_1_19' title="bbox 913 2556 3023 2657; baseline 0.003 -26"><span class='ocrx_word' id='word_1_129' title='bbox 913 2559 1150 2654; x_wconf 89' lang='lat' dir='ltr'><strong>ipsum</strong></span> <span class='ocrx_word' id='word_1_130' title='bbox 1199 2556 1729 2631; x_wconf 88' lang='lat' dir='ltr'><strong>serenissimum</strong></span> <span class='ocrx_word' id='word_1_131' title='bbox 1806 2557 2315 2657; x_wconf 84' lang='lat' dir='ltr'><strong>Imperatorem</strong></span> <span class='ocrx_word' id='word_1_132' title='bbox 2366 2584 2809 2637; x_wconf 81' lang='lat' dir='ltr'><strong>asseverasse</strong></span> <span class='ocrx_word' id='word_1_133' title='bbox 2837 2613 2860 2652; x_wconf 88' lang='lat'><strong>,</strong></span> <span class='ocrx_word' id='word_1_134' title='bbox 2942 2586 3023 2637; x_wconf 88' lang='lat' dir='ltr'><strong>se</strong></span> 
     </span>
     <span class='ocr_line' id='line_1_20' title="bbox 914 2672 3023 2777; baseline 0.003 -28"><span class='ocrx_word' id='word_1_135' title='bbox 914 2698 1058 2751; x_wconf 86' lang='lat' dir='ltr'><strong>non</strong></span> <span class='ocrx_word' id='word_1_136' title='bbox 1107 2672 1338 2749; x_wconf 88' lang='lat' dir='ltr'><strong>solum</strong></span> <span class='ocrx_word' id='word_1_137' title='bbox 1389 2674 1703 2749; x_wconf 88' lang='lat' dir='ltr'><strong>eiusdem</strong></span> <span class='ocrx_word' id='word_1_138' title='bbox 1754 2676 2079 2766; x_wconf 84' lang='lat' dir='ltr'><strong>Sedibus,</strong></span> <span class='ocrx_word' id='word_1_139' title='bbox 2120 2690 2195 2753; x_wconf 91' lang='lat' dir='ltr'><strong>et</strong></span> <span class='ocrx_word' id='word_1_140' title='bbox 2232 2676 2434 2753; x_wconf 87' lang='lat' dir='ltr'><strong>Clero</strong></span> <span class='ocrx_word' id='word_1_141' title='bbox 2468 2701 2854 2777; x_wconf 79' lang='lat' dir='ltr'><strong>congruam</strong></span> <span class='ocrx_word' id='word_1_142' title='bbox 2884 2680 3023 2755; x_wconf 88' lang='lat' dir='ltr'><strong>do-</strong></span> 
     </span>
     <span class='ocr_line' id='line_1_21' title="bbox 917 2794 3025 2886; baseline 0.003 -17"><span class='ocrx_word' id='word_1_143' title='bbox 917 2808 1066 2869; x_wconf 89' lang='lat' dir='ltr'><strong>tem</strong></span> <span class='ocrx_word' id='word_1_144' title='bbox 1099 2817 1256 2871; x_wconf 89' lang='lat' dir='ltr'><strong>esse</strong></span> <span class='ocrx_word' id='word_1_145' title='bbox 1295 2794 1827 2886; x_wconf 86' lang='lat' dir='ltr'><strong>attributurum,</strong></span> <span class='ocrx_word' id='word_1_146' title='bbox 1868 2821 2116 2875; x_wconf 89' lang='lat' dir='ltr'><strong>verum</strong></span> <span class='ocrx_word' id='word_1_147' title='bbox 2152 2800 2373 2874; x_wconf 87' lang='lat' dir='ltr'><strong>etiam</strong></span> <span class='ocrx_word' id='word_1_148' title='bbox 2408 2812 2841 2877; x_wconf 86' lang='lat' dir='ltr'><strong>asserturum</strong></span> <span class='ocrx_word' id='word_1_149' title='bbox 2876 2798 3025 2875; x_wconf 90' lang='lat' dir='ltr'><strong>Ec-</strong></span> 
     </span>
     <span class='ocr_line' id='line_1_22' title="bbox 919 2912 3025 3015; baseline 0.002 -26"><span class='ocrx_word' id='word_1_150' title='bbox 919 2913 1172 2989; x_wconf 80' lang='lat' dir='ltr'><strong>clesiae</strong></span> <span class='ocrx_word' id='word_1_151' title='bbox 1223 2934 1430 2987; x_wconf 85' lang='lat' dir='ltr'><strong>suum</strong></span> <span class='ocrx_word' id='word_1_152' title='bbox 1480 2912 1771 3010; x_wconf 89' lang='lat' dir='ltr'><strong>plenum</strong></span> <span class='ocrx_word' id='word_1_153' title='bbox 1821 2912 2269 3014; x_wconf 83' lang='lat' dir='ltr'><strong>liberumque</strong></span> <span class='ocrx_word' id='word_1_154' title='bbox 2314 2918 2461 3015; x_wconf 83' lang='lat' dir='ltr'><strong>jus,</strong></span> <span class='ocrx_word' id='word_1_155' title='bbox 2516 2942 2657 3014; x_wconf 85' lang='lat' dir='ltr'><strong>quo</strong></span> <span class='ocrx_word' id='word_1_156' title='bbox 2690 2920 2912 2993; x_wconf 84' lang='lat' dir='ltr'><strong>etiam</strong></span> <span class='ocrx_word' id='word_1_157' title='bbox 2948 2918 3025 2993; x_wconf 89' lang='lat' dir='ltr'><strong>in</strong></span> 
     </span>
     <span class='ocr_line' id='line_1_23' title="bbox 921 3031 3023 3133; baseline 0.001 -24"><span class='ocrx_word' id='word_1_158' title='bbox 921 3032 1144 3111; x_wconf 85' lang='lat' dir='ltr'><strong>Gallia</strong></span> <span class='ocrx_word' id='word_1_159' title='bbox 1195 3031 1439 3129; x_wconf 89' lang='lat' dir='ltr'><strong>pollet,</strong></span> <span class='ocrx_word' id='word_1_160' title='bbox 1495 3032 1874 3123; x_wconf 87' lang='lat' dir='ltr'><strong>retinendi,</strong></span> <span class='ocrx_word' id='word_1_161' title='bbox 1904 3035 2311 3133; x_wconf 85' lang='lat' dir='ltr'><strong>acquirendi</strong></span> <span class='ocrx_word' id='word_1_162' title='bbox 2360 3046 2438 3111; x_wconf 91' lang='lat' dir='ltr'><strong>et</strong></span> <span class='ocrx_word' id='word_1_163' title='bbox 2488 3037 3023 3115; x_wconf 84' lang='lat' dir='ltr'><strong>administrandi</strong></span> 
     </span>
     <span class='ocr_line' id='line_1_24' title="bbox 919 3150 3027 3250; baseline -0 -19"><span class='ocrx_word' id='word_1_164' title='bbox 919 3178 1048 3231; x_wconf 88' lang='lat' dir='ltr'><strong>sua</strong></span> <span class='ocrx_word' id='word_1_165' title='bbox 1083 3150 1498 3249; x_wconf 81' lang='lat' dir='ltr'><strong>temporalia</strong></span> <span class='ocrx_word' id='word_1_166' title='bbox 1533 3150 1741 3240; x_wconf 88' lang='lat' dir='ltr'><strong>bona,</strong></span> <span class='ocrx_word' id='word_1_167' title='bbox 1783 3162 1859 3227; x_wconf 89' lang='lat' dir='ltr'><strong>et</strong></span> <span class='ocrx_word' id='word_1_168' title='bbox 1894 3154 2401 3250; x_wconf 84' lang='lat' dir='ltr'><strong>possessiones.</strong></span> <span class='ocrx_word' id='word_1_169' title='bbox 2441 3154 2593 3229; x_wconf 90' lang='lat' dir='ltr'><strong>lam</strong></span> <span class='ocrx_word' id='word_1_170' title='bbox 2627 3178 2797 3231; x_wconf 88' lang='lat' dir='ltr'><strong>vero</strong></span> <span class='ocrx_word' id='word_1_171' title='bbox 2833 3176 3027 3230; x_wconf 89' lang='lat' dir='ltr'><strong>sum-</strong></span> 
     </span>
     <span class='ocr_line' id='line_1_25' title="bbox 919 3271 3027 3372; baseline 0 -23"><span class='ocrx_word' id='word_1_172' title='bbox 919 3293 1210 3371; x_wconf 87' lang='lat' dir='ltr'><strong>mopere</strong></span> <span class='ocrx_word' id='word_1_173' title='bbox 1245 3282 1602 3368; x_wconf 79' lang='lat' dir='ltr'><strong>optamus,</strong></span> <span class='ocrx_word' id='word_1_174' title='bbox 1661 3284 1743 3345; x_wconf 90' lang='lat' dir='ltr'><strong>ut</strong></span> <span class='ocrx_word' id='word_1_175' title='bbox 1793 3273 1955 3360; x_wconf 91' lang='lat' dir='ltr'><strong>hoc,</strong></span> <span class='ocrx_word' id='word_1_176' title='bbox 2010 3271 2409 3371; x_wconf 85' lang='lat' dir='ltr'><strong>futurisque</strong></span> <span class='ocrx_word' id='word_1_177' title='bbox 2456 3272 2901 3372; x_wconf 81' lang='lat' dir='ltr'><strong>temporibus</strong></span> <span class='ocrx_word' id='word_1_178' title='bbox 2952 3298 3027 3349; x_wconf 93' lang='lat' dir='ltr'><strong>o-</strong></span> 
     </span>
     <span class='ocr_line' id='line_1_26' title="bbox 923 3388 3027 3490; baseline -0.001 -22"><span class='ocrx_word' id='word_1_179' title='bbox 923 3416 1128 3468; x_wconf 87' lang='lat' dir='ltr'><strong>mnes</strong></span> <span class='ocrx_word' id='word_1_180' title='bbox 1161 3400 1612 3489; x_wconf 77' lang='lat' dir='ltr'><strong>cognoscant,</strong></span> <span class='ocrx_word' id='word_1_181' title='bbox 1642 3388 1787 3465; x_wconf 91' lang='lat' dir='ltr'><strong>Nos</strong></span> <span class='ocrx_word' id='word_1_182' title='bbox 1822 3391 2016 3465; x_wconf 87' lang='lat' dir='ltr'><strong>nulla</strong></span> <span class='ocrx_word' id='word_1_183' title='bbox 2048 3414 2341 3490; x_wconf 87' lang='lat' dir='ltr'><strong>prorsus</strong></span> <span class='ocrx_word' id='word_1_184' title='bbox 2376 3392 2659 3490; x_wconf 85' lang='lat' dir='ltr'><strong>politica</strong></span> <span class='ocrx_word' id='word_1_185' title='bbox 2694 3392 3027 3489; x_wconf 81' lang='lat' dir='ltr'><strong>civilique</strong></span> 
     </span>
     <span class='ocr_line' id='line_1_27' title="bbox 923 3506 3031 3607; baseline -0.002 -22"><span class='ocrx_word' id='word_1_186' title='bbox 923 3510 1196 3585; x_wconf 85' lang='lat' dir='ltr'><strong>ratione</strong></span> <span class='ocrx_word' id='word_1_187' title='bbox 1219 3508 1583 3594; x_wconf 86' lang='lat' dir='ltr'><strong>adductos,</strong></span> <span class='ocrx_word' id='word_1_188' title='bbox 1613 3509 1751 3583; x_wconf 73' lang='lat' dir='ltr'><strong>sed,</strong></span> <span class='ocrx_word' id='word_1_189' title='bbox 1764 3531 1857 3581; x_wconf 82' lang='lat' dir='ltr'><strong>ex</strong></span> <span class='ocrx_word' id='word_1_190' title='bbox 1883 3531 2083 3585; x_wconf 87' lang='lat' dir='ltr'><strong>more</strong></span> <span class='ocrx_word' id='word_1_191' title='bbox 2106 3510 2575 3607; x_wconf 86' lang='lat' dir='ltr'><strong>institutoque</strong></span> <span class='ocrx_word' id='word_1_192' title='bbox 2606 3509 2821 3585; x_wconf 84' lang='lat' dir='ltr'><strong>huius</strong></span> <span class='ocrx_word' id='word_1_193' title='bbox 2850 3506 3031 3605; x_wconf 83' lang='lat' dir='ltr'><strong>Apo-</strong></span> 
     </span>
     <span class='ocr_line' id='line_1_28' title="bbox 926 3625 3028 3723; baseline -0.002 -18"><span class='ocrx_word' id='word_1_194' title='bbox 926 3628 1214 3705; x_wconf 80' lang='lat' dir='ltr'><strong>stolicae</strong></span> <span class='ocrx_word' id='word_1_195' title='bbox 1262 3625 1462 3701; x_wconf 87' lang='lat' dir='ltr'><strong>Sedis</strong></span> <span class='ocrx_word' id='word_1_196' title='bbox 1513 3635 1915 3722; x_wconf 86' lang='lat' dir='ltr'><strong>spectantes</strong></span> <span class='ocrx_word' id='word_1_197' title='bbox 1944 3626 2317 3703; x_wconf 81' lang='lat' dir='ltr'><strong>Ecclesiae</strong></span> <span class='ocrx_word' id='word_1_198' title='bbox 2370 3649 2682 3715; x_wconf 87' lang='lat' dir='ltr'><strong>causam,</strong></span> <span class='ocrx_word' id='word_1_199' title='bbox 2738 3649 2823 3702; x_wconf 87' lang='lat' dir='ltr'><strong>ac</strong></span> <span class='ocrx_word' id='word_1_200' title='bbox 2890 3628 3028 3723; x_wconf 87' lang='lat' dir='ltr'><strong>spi·</strong></span> 
     </span>
     <span class='ocr_line' id='line_1_29' title="bbox 923 3743 3026 3844; baseline 0 -25"><span class='ocrx_word' id='word_1_201' title='bbox 923 3745 1254 3821; x_wconf 71' lang='lat' dir='ltr'><strong>ritualem</strong></span> <span class='ocrx_word' id='word_1_202' title='bbox 1303 3744 1600 3819; x_wconf 86' lang='lat' dir='ltr'><strong>istorum</strong></span> <span class='ocrx_word' id='word_1_203' title='bbox 1649 3743 1959 3822; x_wconf 84' lang='lat' dir='ltr'><strong>fidelium</strong></span> <span class='ocrx_word' id='word_1_204' title='bbox 2008 3746 2417 3834; x_wconf 86' lang='lat' dir='ltr'><strong>utilitatem,</strong></span> <span class='ocrx_word' id='word_1_205' title='bbox 2474 3768 2859 3844; x_wconf 88' lang='lat' dir='ltr'><strong>rerumque</strong></span> <span class='ocrx_word' id='word_1_206' title='bbox 2908 3768 3026 3820; x_wconf 85' lang='lat' dir='ltr'><strong>sa·-</strong></span> 
     </span>
     <span class='ocr_line' id='line_1_30' title="bbox 925 3862 3025 3961; baseline -0.001 -21"><span class='ocrx_word' id='word_1_207' title='bbox 925 3886 1206 3940; x_wconf 84' lang='lat' dir='ltr'><strong>crarum</strong></span> <span class='ocrx_word' id='word_1_208' title='bbox 1257 3862 1416 3936; x_wconf 84' lang='lat' dir='ltr'><strong>istic</strong></span> <span class='ocrx_word' id='word_1_209' title='bbox 1467 3864 2032 3958; x_wconf 84' lang='lat' dir='ltr'><strong>procurationem</strong></span> <span class='ocrx_word' id='word_1_210' title='bbox 2068 3862 2545 3952; x_wconf 86' lang='lat' dir='ltr'><strong>constituisse,</strong></span> <span class='ocrx_word' id='word_1_211' title='bbox 2596 3874 2681 3938; x_wconf 85' lang='lat' dir='ltr'><strong>ut</strong></span> <span class='ocrx_word' id='word_1_212' title='bbox 2732 3862 3025 3961; x_wconf 84' lang='lat' dir='ltr'><strong>praedi-</strong></span> 
     </span>
     <span class='ocr_line' id='line_1_31' title="bbox 929 3976 3029 4061; baseline -0 -7"><span class='ocrx_word' id='word_1_213' title='bbox 929 3990 1044 4054; x_wconf 90' lang='lat' dir='ltr'><strong>cta</strong></span> <span class='ocrx_word' id='word_1_214' title='bbox 1096 3978 1204 4055; x_wconf 89' lang='lat' dir='ltr'><strong>Pii</strong></span> <span class='ocrx_word' id='word_1_215' title='bbox 1257 3977 1384 4055; x_wconf 79' lang='lat' dir='ltr'><strong>Vll</strong></span> <span class='ocrx_word' id='word_1_216' title='bbox 1435 3976 1825 4056; x_wconf 85' lang='lat' dir='ltr'><strong>Conventio</strong></span> <span class='ocrx_word' id='word_1_217' title='bbox 1878 3982 1951 4054; x_wconf 89' lang='lat' dir='ltr'><strong>in</strong></span> <span class='ocrx_word' id='word_1_218' title='bbox 2000 3980 2157 4057; x_wconf 85' lang='lat' dir='ltr'><strong>istis</strong></span> <span class='ocrx_word' id='word_1_219' title='bbox 2174 3978 2580 4061; x_wconf 76' lang='lat' dir='ltr'><strong>&#39;Sabaudiae</strong></span> <span class='ocrx_word' id='word_1_220' title='bbox 2620 3991 2695 4055; x_wconf 88' lang='lat' dir='ltr'><strong>et</strong></span> <span class='ocrx_word' id='word_1_221' title='bbox 2732 3978 3029 4055; x_wconf 74' lang='lat' dir='ltr'><strong>Nicaeae</strong></span> 
     </span>
     <span class='ocr_line' id='line_1_32' title="bbox 929 4094 3027 4196; baseline -0 -25"><span class='ocrx_word' id='word_1_222' title='bbox 929 4096 1306 4193; x_wconf 88' lang='lat' dir='ltr'><strong>provinciis</strong></span> <span class='ocrx_word' id='word_1_223' title='bbox 1359 4108 1685 4173; x_wconf 85' lang='lat' dir='ltr'><strong>servetur</strong></span> <span class='ocrx_word' id='word_1_224' title='bbox 1734 4118 2161 4196; x_wconf 85' lang='lat' dir='ltr'><strong>omnemque</strong></span> <span class='ocrx_word' id='word_1_225' title='bbox 2218 4098 2367 4170; x_wconf 85' lang='lat' dir='ltr'><strong>vim</strong></span> <span class='ocrx_word' id='word_1_226' title='bbox 2418 4096 2704 4172; x_wconf 83' lang='lat' dir='ltr'><strong>habeat.</strong></span> <span class='ocrx_word' id='word_1_227' title='bbox 2777 4094 3027 4194; x_wconf 75' lang='lat' dir='ltr'><strong>Itaque</strong></span> 
     </span>
     <span class='ocr_line' id='line_1_33' title="bbox 931 4212 3023 4311; baseline -0.001 -22"><span class='ocrx_word' id='word_1_228' title='bbox 931 4214 1318 4291; x_wconf 70' lang='lat' dir='ltr'><strong>illustribus</strong></span> <span class='ocrx_word' id='word_1_229' title='bbox 1370 4212 1999 4293; x_wconf 86' lang='lat' dir='ltr'><strong>Praedecessorum</strong></span> <span class='ocrx_word' id='word_1_230' title='bbox 2052 4216 2467 4294; x_wconf 83' lang='lat' dir='ltr'><strong>Nostrorum</strong></span> <span class='ocrx_word' id='word_1_231' title='bbox 2519 4214 2835 4311; x_wconf 77' lang='lat' dir='ltr'><strong>vestigiis</strong></span> <span class='ocrx_word' id='word_1_232' title='bbox 2866 4266 2888 4301; x_wconf 90' lang='lat'>‚</span> <span class='ocrx_word' id='word_1_233' title='bbox 2942 4236 3023 4287; x_wconf 90' lang='lat' dir='ltr'><strong>ac</strong></span> 
     </span>
    </p>
   </div>
  </div>
 </body>
</html>
