3317 5267
2240 438 2372 510 491

427 551 492 646 §-
549 551 673 623 39.
717 547 813 621 Ut
847 547 1180 622 solemnis
1225 548 1398 622 haec
1444 543 1897 621 Canonizatio
1931 563 2387 644 perageretur

277 671 458 744 nihil
535 667 720 742 aliud
799 678 1163 763 supererat
1191 719 1212 754 ‚
1267 667 1405 740 nisi
1481 677 1564 739 ut
1641 667 1977 742 Summus
2054 665 2385 745 Pontifex

270 809 606 884 expresse
658 785 878 857 latam
931 785 1367 858 sententiam
1445 783 1865 880 gravissimo
1936 806 2063 859 suo
2120 783 2385 879 judicio

272 903 760 991 confirmaret,
815 911 1030 999 atque
1079 901 1494 984 declararet,
1529 901 1620 973 ad
1647 900 1959 996 ipsorum
1990 915 2383 999 martyrum

274 1019 884 1096 canonizationem
938 1028 1092 1094 tuto
1143 1039 1350 1114 posse
1402 1018 1711 1114 procedi.
1771 1015 1943 1090 Post
2026 1019 2163 1092 tria
2236 1019 2384 1096 fere

272 1138 534 1212 silentii
571 1135 844 1210 saecula
871 1157 1082 1209 causa
1113 1147 1346 1208 aetate
1375 1147 1618 1210 nostra
1649 1148 2121 1232 reassumpta,
2151 1136 2383 1214 fauste

275 1253 710 1348 feliciterque
756 1251 966 1345 juxta
993 1251 1456 1325 vetustiorem
1508 1249 1951 1346 disciplinam
1986 1249 2074 1324 ad
2110 1253 2383 1327 exitum

273 1396 318 1444 a
368 1370 584 1445 Nobis
635 1368 976 1464 perducta
1027 1380 1164 1442 est.
1223 1367 1492 1444 Pronas
1567 1370 1761 1442 enim
1812 1392 2015 1442 aures
2050 1369 2387 1444 exhiben-

277 1500 390 1563 tes
424 1484 1017 1584 postulationibus
1054 1483 1404 1559 Praesidis
1441 1486 1663 1560 totius
1698 1485 1979 1560 Ordinis
2032 1485 2383 1563 Minorum

275 1608 500 1682 sancti
555 1604 904 1680 Francisci
968 1627 1240 1679 sacram
1293 1605 1562 1679 rituum
1615 1608 2232 1704 congregationem
2314 1610 2383 1682 in

277 1721 634 1798 Vaticanis
673 1719 950 1795 Nostris
1006 1721 1316 1796 Aedibus
1371 1727 1915 1797 convocavimus
1977 1722 2073 1795 Ill
2162 1747 2385 1799 nonas

271 1839 698 1940 septembris
727 1840 1112 1936 superioris
1147 1841 1337 1929 anni,
1371 1841 1442 1912 in
1477 1863 1618 1937 qua
1647 1863 1687 1913 a
1717 1839 2109 1915 Venerabili
2139 1842 2385 1918 Fratre

279 1961 540 2035 Nostro
569 1953 1030 2033 Constantino
1061 1958 1319 2032 Pan-izi
1353 1971 1640 2033 sanctae
1670 1981 2003 2034 romanae
2032 1959 2385 2036 Ecclesiae
2486 1977 2494 1982 ·

271 2077 630 2154 Cardinali
705 2078 1058 2174 Episcopo
1111 2077 1486 2154 Portuensi
1549 2091 1624 2152 et
1700 2091 1983 2153 sanctae
2036 2080 2329 2155 Rufinae
2362 2135 2383 2170 ,

266 2217 510 2270 sacrae
535 2196 798 2270 rituum
826 2197 1388 2292 congregationis
1425 2195 1793 2272 Praefecto
1828 2220 2219 2294 causaeque
2266 2222 2383 2274 re-

265 2315 522 2399 latore,
578 2312 994 2411 dilectisque
1044 2312 1204 2385 filiis
1260 2313 1538 2387 Andrea
1589 2314 1809 2388 Maria
1863 2313 2166 2388 Frattini
2226 2314 2387 2390 fidei

269 2431 716 2517 Pr0motore,
781 2442 858 2502 et
909 2426 1276 2504 Dominico
1338 2429 1676 2506 Bartolini
1750 2432 2068 2527 ejusdem
2146 2455 2387 2507 sacrae

268 2547 834 2644 congregationis
889 2567 928 2618 a
1005 2545 1310 2621 Secretis
1379 2547 1747 2644 proposito
1774 2547 2015 2636 dubio,
2072 2571 2163 2624 an
2228 2561 2388 2626 tuto

139 2747 144 2754 ,
265 2667 556 2763 procedi
617 2677 860 2761 posset
919 2667 1007 2739 ad
1057 2667 1372 2761 ipsorum
1443 2678 1838 2764 martyrum
1876 2666 2385 2745 Canonizatio-

267 2805 468 2870 nm,
523 2805 772 2858 omnes
821 2805 966 2858 uno
1015 2807 1138 2860 ore
1211 2796 1689 2858 assenserunt.

429 2901 492 2994 ς.
551 2903 676 2972 40.
757 2899 937 2973 Cum
1011 2923 1180 2974 vero
1250 2921 1436 2974 anno
1497 2897 1968 2973 MDCCCLxl
2045 2899 2383 2975 solemnis

275 3020 862 3094 commemoratio
914 3028 1242 3114 ageretur
1309 3017 1474 3106 diei,
1529 3041 1673 3115 quo
1724 3017 1955 3092 Patris
2033 3017 2382 3094 Francisci

269 3137 544 3232 corpori
621 3157 816 3209 sacra
877 3135 1212 3230 stigmata
1262 3135 1602 3209 divinitus
1672 3135 2017 3229 impressa
2070 3147 2239 3208 sunt
2288 3137 2375 3210 ad

275 3265 566 3328 sanctae
628 3251 886 3326 Mariae
946 3255 1034 3328 de
1095 3251 1404 3326 Aracaeli
1459 3252 1810 3336 venimuS,
1851 3263 2067 3349 atque
2118 3254 2188 3324 in
2228 3253 2383 3349 ejus

275 3373 578 3446 sacrario
657 3369 1102 3444 adstantibus
1161 3371 1484 3466 superius
1564 3381 1959 3444 memorato
2038 3368 2383 3446 Cardinali

270 3491 560 3577 Patrizi‚
633 3491 1026 3587 ceterisque
1099 3511 1336 3564 sacrae
1411 3489 1677 3562 rituum
1760 3489 2318 3586 congregationis
2358 3541 2379 3576 ‚

275 3631 408 3682 nec
461 3629 602 3682 non
647 3595 978 3702 supremo
1045 3606 1371 3680 Praeside
1425 3604 1719 3702 aliisque
1770 3604 2195 3680 franciscalis
2272 3604 2385 3678 fa-

277 3723 514 3796 miliae
589 3721 1137 3797 Observantium
1189 3722 1518 3809 alumnis,
1596 3721 1945 3794 ediximus
1992 3733 2145 3796 tuto
2216 3744 2385 3816 pro-

274 3841 424 3917 cedi
476 3864 686 3938 posse
745 3842 835 3915 ad
904 3839 1220 3937 ipsorum
1281 3851 1675 3936 martyrum
1730 3835 2377 3912 Canonizationemz

274 3961 462 4056 quod
523 3958 812 4056 quidem
863 3961 1229 4032 decretum
1287 3953 1442 4029 vm
1496 3957 1647 4030 Kal.
1718 3955 1953 4051 aprilis
2034 3955 2385 4028 volventis

275 4081 436 4152 anni
489 4079 578 4152 ad
631 4089 778 4151 tres
829 4099 1110 4175 quoque
1167 4073 1602 4172 Japonenses
1666 4084 2013 4170 martyres
2050 4071 2383 4147 Societa-

275 4199 366 4272 tis
416 4198 590 4273 Jesu
643 4195 886 4304 libenti
943 4198 1180 4270 animo
1235 4196 1460 4291 rogati
1515 4195 1985 4269 extendimus.
