3317 5267
340 522 573 606 colant
624 521 1013 604 secundum
1065 520 1439 622 principia,
1498 538 1571 600 et
1624 534 2034 600 constantes
2095 525 2476 613 doctrinas,

341 646 599 745 quibus
632 646 1078 718 ‘unanimiter
1130 645 1355 717 innixi
1412 646 1921 742 sapientissimi
1963 645 2302 726 Doctores
2338 647 2478 719 im·-

340 761 713 838 mortalem
766 760 901 834 sibi
954 759 1265 833 nominis
1319 760 1627 848 laudem,
1685 775 1760 834 et
1799 757 2188 835 maximam
2228 761 2479 836 Eccle-

342 881 513 968 siae,
566 890 644 953 et
695 878 1031 954 scientiae
1081 877 1491 966 utilitatem,
1554 901 1637 952 ac
1689 877 2138 974 splendorem
2177 902 2474 976 pepere-

346 1009 541 1072 runt.
600 995 751 1072 Hoc
810 1013 983 1070 sane
1036 995 1247 1070 modo
1299 995 1622 1082 catholici
1682 998 1812 1068 viri
1871 998 1942 1068 in
1985 999 2298 1071 scientiis
2349 1019 2479 1070 ex·-

339 1117 651 1192 colendis
703 1125 1115 1214 poterunt,
1170 1105 1320 1188 Deo
1376 1114 1762 1189 auxiliante
1795 1169 1815 1204 ,
1873 1117 2098 1212 magis
2152 1117 2222 1188 in
2275 1116 2424 1190 dies
2454 1165 2476 1202 ,

342 1248 689 1334 quantum
743 1235 1013 1310 homini
1065 1233 1173 1308 fas
1227 1244 1365 1322 est,
1427 1258 1750 1314 noscere.
1805 1235 2158 1324 evolvere,
2214 1247 2289 1309 et
2351 1259 2482 1310 exa

342 1353 628 1453 planare
682 1353 1069 1432 veritatum
1120 1352 1530 1426 thesaurum
1578 1404 1599 1439 ,
1683 1373 1860 1450 quas
1915 1354 1986 1426 in
2039 1369 2330 1427 naturae
2405 1363 2481 1424 et

337 1475 605 1574 gratiae
658 1469 989 1568 operibus
1028 1467 1217 1558 Deus
1248 1459 1511 1568 posuit,
1544 1481 1639 1543 ut
1658 1464 1877 1558 homo
1908 1484 2286 1569 postquam
2325 1471 2480 1546 illas

340 1589 633 1664 rationis
683 1585 844 1660 fidei
896 1584 1165 1658 lumine
1218 1586 1577 1659 notaverit
1609 1637 1630 1672 ,
1715 1609 2057 1684 suamque
2111 1588 2334 1660 vitam
2387 1587 2478 1659 ad

340 1723 463 1780 eas
507 1703 749 1778 sedulo
803 1699 1383 1789 conformaverit,
1442 1705 1672 1798 possit
1725 1704 1796 1776 in
1851 1715 2180 1778 aeternae
2217 1705 2476 1800 gloriae

338 1825 662 1900 claritate
718 1842 1071 1925 summam
1132 1822 1509 1894 veritatem
1552 1875 1573 1910 ,
1630 1822 1861 1896 Deum
1927 1824 2246 1913 scilicet,
2325 1821 2481 1924 ‘sine

336 1924 487 2018 ullo
518 1939 886 2015 velamine
940 1918 1225 2026 intueri,
1284 1937 1532 2038 quue
1559 1931 2016 2016 felicissime·
1991 1967 2064 2016 m
2105 1954 2477 2018 aeternum

326 2056 606 2160 perfrui
660 2069 737 2134 et
791 2058 1123 2154 gaudere.
1202 2055 1401 2133 Hanc
1458 2055 1702 2134 autem
1755 2062 2202 2137 occasionem
2235 2054 2483 2135 liben-

328 2178 621 2252 'tissim‘o
676 2176 922 2248 animo
976 2171 1473 2272 amplectimur
1506 2229 1527 2266 ,
1584 2189 1668 2252 ut
1717 2171 1950 2254 denuo
2005 2175 2380 2254 testemur
2405 2173 2481 2254 et

344 2295 847 2371 confirmemus
900 2295 1355 2391 praeeipuam
1408 2290 1742 2372 Nostram
1794 2299 1866 2371 in
1923 2295 2026 2372 Te
2077 2299 2474 2372 caritatem.

328 2411 567 2488 ‘Cuius
618 2411 905 2510 quoque
948 2409 1211 2508 ‘pignus
1262 2435 1419 2486 esse
1470 2414 1800 2490 volumus
1839 2409 2483 2534 Apostolicarn'B'e·

320 2528 879 2615 “nedictio'nem,
934 2551 1149 2626 quam
1200 2528 1423 2605 effuso
1478 2528 1710 2607 cordis
1753 2526 2018 2606 affectu
2077 2527 2238 2606 Tibi
2289 2526 2478 2648 ipsi,
2527 2551 2543 2570 ·

331 2643 787 2722 'Venerabilis
840 2644 1143 2731 Frater,
1199 2659 1290 2719 et
1324 2646 1515 2745 gregi
1576 2645 1769 2775 Tuae
1821 2666 2032 2776 curae
2099 2641 2480 2725 commisso

333 2775 799 2865 peramanter
852 2765 1327 2861 impertimus.
2127 2795 2130 2800 ·
2197 2789 2204 2794 ·
2273 2799 2280 2804 ·
2367 2797 2374 2804 ·
2435 2784 2446 2802 ·

504 2881 763 2955 Datum
822 2879 1089 2955 Romae
1142 2880 1327 2979 apud
1382 2881 1457 2956 S.
1518 2881 1814 3030 Petrum
1869 2883 1982 2959 die
2013 2881 2122 2959 2¹
2180 2877 2484 3016 Decem-

348 2997 503 3075 bris
561 3000 762 3074 Anno
820 3001 1043 3074 1863.
2381 3025 2440 3060 κ·

412 3114 867 3193 Pontificatus
1075 3115 1314 3192 Nostri
1518 3113 1728 3193 Anno
1857 3115 2444 3198 Decimoetavo·
