3317 5267
2291 449 2432 519 119

311 588 453 663 qua
507 562 878 641 cuiuslibet
928 562 1360 641 fundationis
1412 561 1930 637 ecclesiasticae
1963 562 2432 637 administra-

314 684 417 757 tio
468 685 606 758 erit
654 684 985 781 gerenda,
1039 693 1115 757 et
1164 682 1431 757 reditus
1483 680 1774 776 singulis
1809 679 2016 753 annis
2067 681 2424 777 erogandi.

310 798 513 875 Hanc
562 802 849 899 quidem
902 822 1227 876 normam
1278 821 1447 895 prae
1499 797 1722 874 oculis
1771 797 2032 871 habere
2082 808 2159 871 et
2229 797 2432 895 sequi

310 918 600 993 debebit
646 920 963 993 mixtum
1017 919 1389 995 consilium
1440 940 1567 991 seu
1600 917 2006 991 commissio
2041 916 2114 989 in
2150 915 2434 1011 proprio

313 1035 676 1135 fungendo
724 1060 1019 1113 munere
1072 1050 1285 1135 atque
1338 1039 1411 1111 in
1464 1036 1950 1110 examinandis
2005 1035 2300 1131 expensi
2361 1044 2438 1107 et

316 1155 587 1252 accepti
640 1154 1056 1231 rationibus.
1118 1155 1199 1229 ln
1252 1153 1670 1229 stabilienda
1723 1176 1893 1227 vero
1947 1164 2100 1225 rata
2161 1174 2433 1249 expen-

318 1296 554 1347 sarum
606 1276 957 1371 portione,
1008 1298 1191 1373 quae
1242 1277 1315 1348 in
1368 1273 1684 1372 qualibet
1732 1270 2042 1347 Ecclesia
2079 1296 2206 1369 pro
2239 1272 2436 1345 cultu

316 1391 553 1466 divino
602 1392 917 1491 impendi
968 1392 1249 1480 debeat,
1278 1392 1680 1497 ‘praecipua
1717 1392 1900 1465 ratio
1935 1392 2070 1463 erit
2107 1388 2436 1463 habenda

286 1510 739 1607 petitionum
775 1510 1325 1609 Archiepiscopi,
1364 1513 1453 1586 ad
1490 1534 1712 1609 quem
1749 1522 2000 1608 postea
2028 1510 2234 1584 unice
2271 1532 2438 1605 per-

314 1614 497 1703 tinet
546 1630 1047 1727 praescribere,
1102 1630 1459 1727 quomodo
1510 1630 1946 1705 constitutae
2003 1652 2327 1704 summae
2365 1629 2438 1700 in

314 1748 549 1845 ipsum
602 1750 921 1825 divinum
972 1752 1245 1826 cultum
1299 1751 1643 1825 tuendum
1673 1799 1695 1836 ,
1753 1750 2248 1845 augendumve
2311 1749 2438 1822 de-

311 1866 530 1941 beant
580 1870 877 1966 erogari.
934 1871 1130 1945 Idem
1184 1869 1774 1966 Archiepiscopus
1851 1890 2016 1943 cum
2080 1866 2438 1942 Gubernio

317 1986 605 2063 consilia
654 1987 887 2077 inibit,
924 1989 1208 2085 quoties
1244 1997 1541 2084 propter
1576 1986 2167 2062 extraordinarias
2201 1985 2436 2059 cultus

316 2104 773 2179 necessitates
826 2116 1305 2203 opportunum
1358 2106 1567 2201 existi
1580 2105 1810 2178 mabit
1855 2103 2186 2178 adhibere
2249 2104 2437 2179 redi-

316 2230 441 2293 tus
470 2270 493 2307 ‚
543 2222 667 2317 qui
716 2222 1006 2299 alicuius
1058 2222 1567 2299 ecclesiasticae
1618 2220 2052 2297 fundationis
2103 2221 2432 2317 expensis

314 2351 768 2435 supererunt.

1166 2458 1341 2533 ΑΜ.
1404 2458 1585 2533 xxl.

472 2690 823 2767 Beneficia
876 2720 917 2771 a
968 2696 1117 2769 suis
1168 2692 1567 2771 rectoribus
1614 2695 1702 2768 ad
1757 2718 2121 2771 sacrorum
2204 2692 2440 2770 Cano-

316 2830 491 2883 num
544 2833 869 2885 normam
920 2821 1133 2887 erunt
1194 2813 1752 2889 administranda
1816 2814 1950 2889 sub
1999 2816 2436 2911 inspectione

318 2940 913 3003 commemoratae
948 2931 1217 3004 mixtae
1254 2931 1794 3006 commissionis.
1837 2931 1972 3005 Ubi
2010 2954 2180 3007 vero
2215 2932 2436 3005 bene-

316 3040 475 3118 ficia
522 3046 955 3134 vacaverint,
1010 3048 1423 3122 eorumdem
1458 3048 1644 3123 bona
1695 3072 1738 3121 a
1791 3046 2278 3144 Capitulorum
2313 3071 2438 3120 ru-

318 3160 575 3235 ralium
650 3166 1053 3241 camerariis
1127 3178 1253 3240 aut
1328 3166 1481 3241 aliis
1538 3167 1710 3239 viris
1751 3217 1770 3254 ,
1827 3167 1914 3240 de
1969 3166 2226 3263 quibus
2303 3164 2438 3239 Ar-

318 3278 809 3377 chiepiscopus
860 3305 1025 3356 cum
1104 3281 1460 3358 Gubernio
1530 3284 1908 3357 conveniet
1987 3282 2442 3355 administra-

316 3396 609 3486 buntur,
666 3409 741 3473 et
774 3402 1045 3476 reditus
1094 3402 1439 3498 cuiusque
1492 3400 1844 3488 beneficii,
1883 3402 2004 3497 qui
2039 3400 2440 3497 adimpletis

318 3514 637 3589 eiusdem
690 3515 1019 3593 oneribus
1070 3528 1477 3613 supersunt,
1518 3516 1738 3593 fundo
1785 3518 2182 3593 intercalari
2219 3518 2442 3592 attri—

318 3630 601 3707 buenda
652 3648 863 3709 erunt
892 3688 913 3723 ,
970 3638 1109 3711 nisi
1160 3636 1254 3711 ob
1305 3638 1684 3734 peculiaria
1735 3638 2054 3714 locorum
2115 3638 2442 3711 adiuncta

317 3748 589 3825 reditus
636 3752 773 3848 ipsi
827 3754 995 3828 vel
974 3776 1047 3827 m
1083 3754 1401 3829 eiusdem
1433 3754 1758 3831 beneficii
1795 3766 2284 3852 augmentum,
2323 3752 2437 3827 vel
2537 3744 2542 3749 ’

320 3865 397 3939 in
448 3869 791 3945 maiorem
844 3872 1029 3945 illius
1080 3872 1215 3947 loci
1268 3872 1625 3949 Ecclesiae
1681 3875 2068 4015 utilitatem
2121 3884 2246 3951 aut
2306 3894 2434 3945 ne-

322 3986 733 4061 cessitatem
784 3989 930 4064 sint
982 3992 1335 4086 erogandi.
