3317 5267
857 451 998 519 ¹90
1375 546 1621 639 PIUS
1679 546 1985 637 PAPA
2042 544 2417 635 NONUS

1446 858 1518 902 Ab
1559 853 1891 901 Pnnrnrvau
1930 854 2021 899 1181
2061 851 2371 899 unuomu

865 1108 1102 1269 Cum
1132 1192 1314 1265 sicut
1347 1190 1747 1287 accepimus
1784 1190 1855 1263 in
1891 1190 2024 1264 hac
2062 1188 2252 1262 Urbe
2288 1186 2551 1261 Nostra
2587 1186 2706 1282 pia
2732 1186 3009 1258 utrius-

858 1334 995 1408 que
1032 1333 1243 1383 sexus
1269 1306 1842 1382 Christifidelium
1881 1307 2229 1381 Sodalitas
2267 1303 2402 1378 sub
2443 1304 2654 1378 titulo
2682 1302 2759 1377 S.
2797 1300 3011 1377 Petri

867 1426 1360 1525 Apostolorum
1391 1422 1767 1519 PrincipiS‚
1798 1446 2023 1519 nuper
2048 1433 2286 1495 erecta
2313 1421 2435 1507 sit,
2458 1442 2643 1517 quae
2669 1418 2742 1493 id
2772 1418 3007 1493 habet

860 1542 1301 1640 propositum
1353 1552 1434 1613 ut
1489 1540 1819 1636 precibus
1854 1550 1927 1613 et
1964 1538 2324 1637 operibus,
2381 1536 2519 1612 hoc
2556 1538 3005 1633 praesertim

863 1658 1264 1732 difficillimo
1319 1670 1639 1753 tempore
1693 1656 2171 1754 Apostolicam
2210 1655 2471 1729 Sedem
2508 1654 2858 1749 adjuvare
2898 1676 3013 1727 sa-

859 1787 1079 1873 tagat3
1101 1774 1244 1849 Nos
1270 1785 1352 1846 ut
1377 1773 1723 1848 Sodalitas
1750 1774 2158 1871 hujusmodi
2188 1772 2460 1869 majora
2488 1774 2561 1844 in
2591 1772 2742 1845 dies
2772 1772 2999 1845 susci-

857 1893 1008 1989 piat
1033 1892 1499 1980 incrementa,
1529 1892 1615 1967 de
1643 1890 2171 1989 omnipotentis
2199 1888 2330 1963 Dei
2355 1890 2873 1975 Misericordia,
2916 1912 3001 1961 ac

859 2006 1002 2082 ΒΒ.
1050 2008 1242 2082 Petri
1276 2020 1350 2083 et
1381 2007 1573 2083 Pauli
1615 2008 2113 2106 Apostolorum
2150 2010 2303 2106 ejus
2337 2005 2783 2083 Auctoritate
2822 2029 3007 2082 con·-

858 2128 994 2215 fisi‚
1027 2129 1356 2204 omnibus
1392 2131 1757 2227 utriusque
1811 2154 2023 2204 sexus
2060 2128 2682 2214 christifidelibus,
2719 2127 2853 2225 qui
2888 2127 3007 2201 di-

871 2258 1060 2319 ctam
1089 2247 1550 2322 Sodalitatem
1581 2250 1651 2320 in
1679 2260 2046 2345 posterum
2075 2249 2586 2346 ingredientur,
2616 2246 2735 2321 die
2758 2246 3002 2342 primo

867 2386 1116 2437 eorum
1198 2368 1552 2461 ingressus
1591 2418 1613 2453 ,
1698 2368 1757 2440 si
1811 2390 1975 2441 vere
2054 2367 2503 2464 poenitentes
2557 2377 2633 2439 et
2682 2362 3003 2440 confessi

873 2479 1176 2556 SSmum
1229 2480 1714 2556 Eucharistiae
1739 2482 2278 2559 Sacramentum
2316 2482 2786 2579 sumpserint,
2828 2478 3007 2555 Ple-

871 2598 1168 2684 nariam‚
1201 2620 1332 2672 nec
1367 2622 1506 2673 non
1544 2598 1795 2674 iisdem
1824 2622 2011 2673 nunc
2038 2611 2114 2673 et
2147 2622 2279 2696 pro
2306 2608 2633 2695 tempore
2670 2599 3007 2673 existen-

865 2712 1058 2786 tibus
1098 2713 1324 2787 dictae
1361 2714 1765 2789 Sodalitatis
1819 2714 2306 2790 Confratribus
2342 2727 2419 2789 et
2452 2712 3008 2803 Consororibus,

865 2830 1082 2903 etiam
1119 2854 1284 2904 vere
1319 2832 1844 2927 poenitentibus
1879 2846 1955 2908 et
1987 2832 2359 2923 confessis,
2400 2857 2485 2909 ac
2519 2834 2737 2908 Sacra
2776 2830 3008 2907 Com-

867 2949 1204 3022 munione
1257 2948 1539 3023 refectis
1573 3003 1594 3037 ‚
1649 2954 1771 3048 qui
1831 2952 2221 3050 quamlibet
2289 2952 2684 3027 Ecclesiam
2756 2952 3005 3049 publi-

864 3088 1024 3139 cam
1062 3066 1288 3139 tribus
1338 3067 1583 3141 diebus
1635 3067 1860 3159 festis,
1916 3094 2177 3169 nempe
2213 3072 2643 3147 Sanctorum
2679 3068 2883 3145 Petri
2936 3082 3014 3144 et

864 3180 1062 3256 Pauli
1116 3182 1635 3281 Apostolorum,
1676 3189 1851 3262 item
1887 3188 2281 3264 Cathedrae
2318 3190 2393 3264 S.
2434 3188 2634 3264 Petri
2676 3188 3009 3285 Apostoli

866 3322 1006 3395 qua
1055 3302 1362 3396 primum
1419 3301 1690 3378 Romae
1744 3306 1953 3394 sedit,
2010 3330 2093 3381 ae
2147 3306 2437 3380 tandem
2492 3305 2568 3379 S.
2645 3303 2847 3377 Petri
2920 3306 3011 3379 ad

873 3412 1162 3489 Vincula
1215 3439 1256 3490 a
1307 3419 1556 3514 primis
1620 3424 1935 3519 vesperis
1997 3447 2225 3520 usque
2278 3424 2367 3497 ad
2430 3443 2765 3497 occasum
2831 3420 3011 3495 solis

863 3532 1138 3606 dierum
1189 3532 1596 3629 hujusmodi
1637 3590 1658 3625 ,
1724 3540 2016 3637 singulis
2070 3542 2275 3615 annis
2316 3594 2337 3629 ,
2404 3542 2665 3615 devote
2730 3539 3005 3613 visita—

875 3648 1106 3722 verint
1145 3699 1165 3735 ‚
1238 3660 1313 3723 et
1367 3650 1462 3723 ibi
1515 3675 1643 3748 pro
1698 3652 2263 3732 Christianorum
2337 3655 2754 3752 Principum
2816 3680 3011 3732 con-

879 3767 1113 3841 cordia
1152 3817 1173 3854 ,
1253 3767 1630 3863 haeresum
1701 3774 2172 3871 extirpatione
2246 3799 2328 3850 ac
2400 3776 2703 3849 Sanctae
2760 3772 3013 3848 Matris

871 3882 1224 3958 Ecclesiae
1277 3887 1707 3964 exaltatione
1758 3890 1913 3987 pias
1990 3895 2079 3967 ad
2134 3892 2369 3968 Deum
2430 3914 2679 3988 preces
2732 3890 3011 3967 effude-

873 3998 1018 4071 rint
1056 4051 1077 4086 ,
1133 4024 1272 4097 quo
1328 4004 1442 4077 die
1493 4006 2015 4101 praedictorum
2070 4010 2140 4084 id
2193 4012 2472 4107 egerint
2502 4062 2523 4099 ,
2599 4008 3015 4083 Plenariam

879 4112 1202 4189 similiter
1288 4122 1608 4194 omnium
1677 4138 2131 4218 peccatorum
2224 4148 2519 4202 suorum
2607 4125 3014 4223 Indulgen—

865 4230 1037 4303 tiam
1068 4242 1142 4305 et
1167 4236 1661 4315 remissionem
1700 4241 2249 4319 misericorditer
2278 4244 2350 4317 in
2396 4242 2704 4321 Domino
2742 4264 3009 4317 conce-

1799 4388 1932 4399 --a—-
