3317 5267
313 549 764 630 venerabiles
815 545 1100 620 Fratres
1153 547 1448 622 Nostros
1487 515 1923 636 Cardinales‚
1963 439 2429 640 Patriarclffs?

313 673 692 752 Primates,
727 666 1308 762 Archiepiscopos
1361 679 1436 740 et
1461 665 1853 763 Episcopos
1908 691 2047 741 uno
2088 691 2207 743 ore
2236 693 2434 746 asse-

317 803 556 866 rentes
605 809 818 884 posse
868 784 1202 858 caelitum
1253 783 1558 859 honores
1611 783 1861 880 viginti
1914 809 2043 858 sex
2096 791 2435 886 martyri-

311 909 448 984 bus
471 943 478 952 ·
500 902 1018 1002 Japonensibus
1057 902 1295 978 tribui.
1353 899 1675 992 Quorum
1754 901 2080 1000 suffragia
2150 908 2431 1003 propria

311 1026 656 1122 cuiusque
711 1043 928 1096 manu
997 1020 1276 1116 signata
1330 1020 1400 1092 in
1437 1031 1726 1094 sanctae
1782 1019 2144 1095 Romanae
2182 1021 2429 1098 Eccle-

311 1143 456 1218 siae
509 1139 857 1214 tabulario
911 1135 1000 1212 ad
1051 1150 1464 1234 perpetuam
1501 1138 1600 1212 rei
1639 1139 2055 1212 memoriam
2090 1143 2427 1217 custodiri

315 1259 835 1333 mandavimus.

467 1376 533 1469 §.
593 1380 718 1446 44.
777 1374 940 1470 lpso
991 1374 1296 1470 denique
1348 1371 1812 1449 Pentecostes
1894 1373 2007 1448 die
2087 1377 2431 1472 generalis

313 1492 850 1588 supplicationis
905 1492 1046 1566 ritu
1099 1489 1598 1587 praeeuntibus
1633 1491 2001 1588 utriusque
2036 1493 2201 1567 cleri
2238 1495 2433 1570 ordi-

315 1608 550 1695 nibus,
593 1607 1160 1706 congregationis
1195 1627 1556 1680 sacrorum
1592 1607 1854 1678 rituum
1882 1609 2425 1698 consultorihuS‚

313 1722 458 1800 Nos
509 1723 652 1820 lpsi
689 1747 852 1798 cum
909 1723 1186 1797 dilectis
1224 1721 1383 1797 filiis
1435 1721 1633 1794 aulae
1670 1719 1965 1797 Nostrae
1994 1725 2426 1816 officialibuS,

315 1852 390 1916 et
441 1840 926 1928 familiaribus,
1001 1863 1163 1916 cum
1237 1839 1476 1914 schola
1543 1851 1940 1927 cantorum,
2014 1846 2429 1942 cunctisque

315 1979 648 2032 romanae
677 1958 908 2032 curiae
941 1956 1358 2031 Antistitum
1396 1954 1733 2052 collegiis,
1772 1957 2203 2056 presbyteris
2236 1985 2435 2058 quo-

313 2098 453 2172 que
503 2076 1058 2170 poenitentiariis
1085 2075 1500 2149 sacerdotali
1557 2085 1755 2148 veste
1796 2075 2088 2164 indutiS,
2126 2079 2427 2176 denique

315 2213 478 2266 cum
499 2189 1030 2266 venerabilibus
1059 2189 1424 2264 Fratribus
1437 2189 2429 2290 Episcopis,Archiepiscopis,

317 2307 754 2384 Primatibus
789 2333 872 2383 ac
906 2307 1360 2397 Patriarchis,
1403 2309 1869 2406 universoque
1909 2309 2427 2386 venerabilium

317 2426 642 2502 Fratrum
671 2427 1088 2503 Nostrorum
1119 2437 1403 2501 sanctae
1441 2445 1773 2501 romanae
1800 2425 2155 2504 Ecclesiae
2184 2427 2429 2505 Cardi-

315 2544 580 2618 nalium
633 2555 886 2620 senatu
939 2542 1290 2639 frequenti
1345 2565 1715 2639 procerum
1744 2555 1819 2618 et
1888 2547 2432 2642 magistratuum

313 2685 608 2737 numero
661 2662 904 2758 stipati
957 2681 1048 2734 ex
1101 2659 1374 2734 Nostris
1431 2661 1721 2736 aedibus
1783 2665 2215 2760 prodeuntes
2248 2717 2269 2752 ,
2352 2681 2426 2742 et

183 2809 192 2818 ·
319 2776 910 2876 subsequentibus
963 2775 1390 2871 apostolicae
1443 2775 1644 2850 Sedis
1700 2779 1991 2851 notariis
2052 2801 2135 2854 ac
2170 2783 2437 2876 regula-

317 2896 502 2970 rium
555 2896 879 2971 ordinum
917 2893 1268 2988 supremis
1296 2894 1855 2968 moderatoribus
1895 2896 1978 2969 ad
2036 2897 2432 2972 vaticanam

321 3011 666 3109 Principis
723 3009 1222 3108 Apostolorum
1258 3009 1620 3082 basilicam
1657 3013 1847 3107 regia
1886 2995 2255 3086 maiestate
2290 3015 2433 3088 ful-

317 3142 604 3228 gentem
658 3127 1157 3225 processimus,
1198 3125 1432 3223 ibique
1487 3137 1867 3224 antequam
1922 3151 2117 3204 sacra
2156 3142 2433 3226 myste-

319 3249 416 3320 ria
475 3269 968 3344 perageremus
1000 3297 1021 3332 ,
1075 3244 1372 3318 dilectus
1451 3243 1632 3318 filius
1670 3243 1922 3318 Noster
1958 3245 2281 3320 Nicolaus
2336 3249 2432 3322 ti-

317 3363 448 3438 tuli
517 3364 755 3440 Sancti
827 3363 1016 3436 Petri
1086 3363 1174 3438 ad
1237 3362 1511 3436 vincula
1591 3361 1958 3460 presbyter
2036 3361 2421 3442 Cardinalis

319 3481 591 3556 Clarelli
626 3481 1023 3558 Paracciani
1087 3479 1616 3556 Canonizationi
1691 3482 2163 3578 procurandae
2220 3509 2427 3580 prae-

317 3600 590 3694 positus
692 3622 820 3696 per
921 3598 1252 3672 dilectum
1332 3597 1556 3671 filium
1676 3596 2019 3670 Andream
2126 3599 2427 3676 Frattini

319 3717 820 3822 consistorialis
891 3715 1184 3790 Nostrae
1247 3714 1446 3790 aulae
1530 3715 1967 3791 Advocatum
2060 3727 2167 3789 ter
2218 3721 2425 3793 enixe

322 3857 364 3908 a
399 3833 618 3910 Nobis
671 3835 1062 3932 postulavit
1115 3858 1242 3932 pro
1279 3836 1580 3910 solemni
1649 3831 2195 3909 Canonizatione
2232 3837 2431 3932 ipso-

322 3975 482 4028 rum
536 3967 927 4050 martyrum
983 3953 1516 4052 Japonensium,
1571 3952 2167 4049 quemadmodum
2208 3955 2421 4028 etiam

317 4094 446 4168 pro
479 4072 690 4149 beato
725 4073 1060 4148 Michaele
1099 4097 1140 4148 a
1165 4072 1440 4148 Sanctis
1463 4071 1861 4148 confessore
1896 4095 2037 4146 non
2064 4073 2417 4167 pontifice.

322 4192 518 4266 Tunc
571 4193 980 4266 caelestium
1034 4193 1408 4290 spirituum
1487 4193 2047 4288 Sanctorumque
2107 4193 2426 4269 omnium
