<?xml version="1.0" encoding="UTF-8"?>
<!DOCTYPE html PUBLIC "-//W3C//DTD XHTML 1.0 Transitional//EN"
    "http://www.w3.org/TR/xhtml1/DTD/xhtml1-transitional.dtd">
<html xmlns="http://www.w3.org/1999/xhtml" xml:lang="en" lang="en">
 <head>
  <title>
</title>
<meta http-equiv="Content-Type" content="text/html;charset=utf-8" />
  <meta name='ocr-system' content='tesseract 3.04.00' />
  <meta name='ocr-capabilities' content='ocr_page ocr_carea ocr_par ocr_line ocrx_word'/>
</head>
<body>
  <div class='ocr_page' id='page_1' title='image "./piiixpontificis00ixgoog_0253.png"; bbox 0 0 3317 5267; ppageno 0'>
   <div class='ocr_carea' id='block_1_1' title="bbox 257 452 2455 4190">
    <p class='ocr_par' dir='ltr' id='par_1_1' title="bbox 257 452 2455 2185">
     <span class='ocr_line' id='line_1_1' title="bbox 2306 452 2455 524; baseline -0.013 0"><span class='ocrx_word' id='word_1_1' title='bbox 2306 452 2455 524; x_wconf 75' lang='lat'><strong>239</strong></span> 
     </span>
     <span class='ocr_line' id='line_1_2' title="bbox 314 562 2454 668; baseline -0.004 -22"><span class='ocrx_word' id='word_1_2' title='bbox 314 569 798 668; x_wconf 77' lang='lat' dir='ltr'><strong>providentiae</strong></span> <span class='ocrx_word' id='word_1_3' title='bbox 859 568 1044 643; x_wconf 86' lang='lat' dir='ltr'><strong>ratio</strong></span> <span class='ocrx_word' id='word_1_4' title='bbox 1111 566 1485 645; x_wconf 89' lang='lat' dir='ltr'><strong>communi</strong></span> <span class='ocrx_word' id='word_1_5' title='bbox 1549 568 1839 644; x_wconf 84' lang='lat' dir='ltr'><strong>consilio</strong></span> <span class='ocrx_word' id='word_1_6' title='bbox 1890 562 2395 642; x_wconf 78' lang='lat' dir='ltr'><strong>deliberaretur</strong></span> <span class='ocrx_word' id='word_1_7' title='bbox 2430 618 2454 651; x_wconf 89' lang='lat'>‚</span> 
     </span>
     <span class='ocr_line' id='line_1_3' title="bbox 313 680 2453 783; baseline -0.004 -22"><span class='ocrx_word' id='word_1_8' title='bbox 313 710 457 783; x_wconf 86' lang='lat' dir='ltr'><strong>qua</strong></span> <span class='ocrx_word' id='word_1_9' title='bbox 492 686 636 761; x_wconf 90' lang='lat' dir='ltr'><strong>Nos</strong></span> <span class='ocrx_word' id='word_1_10' title='bbox 673 684 1034 781; x_wconf 79' lang='lat' dir='ltr'>legitimae</span> <span class='ocrx_word' id='word_1_11' title='bbox 1061 686 1480 760; x_wconf 88' lang='lat' dir='ltr'><strong>eorumdem</strong></span> <span class='ocrx_word' id='word_1_12' title='bbox 1508 683 1831 759; x_wconf 88' lang='lat' dir='ltr'><strong>locorum</strong></span> <span class='ocrx_word' id='word_1_13' title='bbox 1860 680 2453 756; x_wconf 80' lang='lat' dir='ltr'><strong>administrationi</strong></span> 
     </span>
     <span class='ocr_line' id='line_1_4' title="bbox 314 799 2452 899; baseline -0.004 -23"><span class='ocrx_word' id='word_1_14' title='bbox 314 813 391 876; x_wconf 93' lang='lat' dir='ltr'><strong>et</strong></span> <span class='ocrx_word' id='word_1_15' title='bbox 442 802 790 899; x_wconf 82' lang='lat' dir='ltr'><strong>spirituali</strong></span> <span class='ocrx_word' id='word_1_16' title='bbox 825 801 1142 876; x_wconf 87' lang='lat' dir='ltr'><strong>fidelium</strong></span> <span class='ocrx_word' id='word_1_17' title='bbox 1179 802 1395 877; x_wconf 90' lang='lat' dir='ltr'><strong>saluti</strong></span> <span class='ocrx_word' id='word_1_18' title='bbox 1433 800 1991 875; x_wconf 79' lang='lat' dir='ltr'><strong>consuleremus.</strong></span> <span class='ocrx_word' id='word_1_19' title='bbox 2031 799 2280 895; x_wconf 87' lang='lat' dir='ltr'><strong>ltaque</strong></span> <span class='ocrx_word' id='word_1_20' title='bbox 2330 818 2452 870; x_wconf 88' lang='lat' dir='ltr'><strong>ee-</strong></span> 
     </span>
     <span class='ocr_line' id='line_1_5' title="bbox 310 912 2449 993; baseline -0.003 -2"><span class='ocrx_word' id='word_1_21' title='bbox 310 918 584 993; x_wconf 88' lang='lat' dir='ltr'><strong>lebrata</strong></span> <span class='ocrx_word' id='word_1_22' title='bbox 639 920 728 992; x_wconf 90' lang='lat' dir='ltr'><strong>ad</strong></span> <span class='ocrx_word' id='word_1_23' title='bbox 781 939 948 991; x_wconf 87' lang='lat' dir='ltr'><strong>eum</strong></span> <span class='ocrx_word' id='word_1_24' title='bbox 983 917 1200 991; x_wconf 87' lang='lat' dir='ltr'><strong>finem</strong></span> <span class='ocrx_word' id='word_1_25' title='bbox 1236 916 1621 993; x_wconf 86' lang='lat' dir='ltr'><strong>conventio</strong></span> <span class='ocrx_word' id='word_1_26' title='bbox 1657 924 1771 989; x_wconf 89' lang='lat' dir='ltr'><strong>est</strong></span> <span class='ocrx_word' id='word_1_27' title='bbox 1806 915 1921 989; x_wconf 89' lang='lat' dir='ltr'><strong>die</strong></span> <span class='ocrx_word' id='word_1_28' title='bbox 1949 918 2035 987; x_wconf 76' lang='lat'><strong>21</strong></span> <span class='ocrx_word' id='word_1_29' title='bbox 2083 912 2449 987; x_wconf 79' lang='lat' dir='ltr'><strong>Februarii</strong></span> 
     </span>
     <span class='ocr_line' id='line_1_6' title="bbox 311 1031 2447 1131; baseline -0.002 -24"><span class='ocrx_word' id='word_1_30' title='bbox 311 1036 485 1109; x_wconf 87' lang='lat' dir='ltr'><strong>anni</strong></span> <span class='ocrx_word' id='word_1_31' title='bbox 554 1037 746 1108; x_wconf 76' lang='lat'>1857</span> <span class='ocrx_word' id='word_1_32' title='bbox 789 1086 812 1121; x_wconf 88' lang='lat'>‚</span> <span class='ocrx_word' id='word_1_33' title='bbox 876 1034 948 1105; x_wconf 91' lang='lat' dir='ltr'><strong>in</strong></span> <span class='ocrx_word' id='word_1_34' title='bbox 1002 1056 1142 1131; x_wconf 87' lang='lat' dir='ltr'><strong>qua</strong></span> <span class='ocrx_word' id='word_1_35' title='bbox 1196 1044 1476 1130; x_wconf 88' lang='lat' dir='ltr'><strong>praeter</strong></span> <span class='ocrx_word' id='word_1_36' title='bbox 1537 1044 1773 1107; x_wconf 87' lang='lat' dir='ltr'><strong>cetera</strong></span> <span class='ocrx_word' id='word_1_37' title='bbox 1836 1043 2125 1127; x_wconf 89' lang='lat' dir='ltr'><strong>pactum</strong></span> <span class='ocrx_word' id='word_1_38' title='bbox 2188 1040 2301 1105; x_wconf 85' lang='lat' dir='ltr'><strong>est</strong></span> <span class='ocrx_word' id='word_1_39' title='bbox 2358 1031 2447 1105; x_wconf 90' lang='lat' dir='ltr'><strong>de</strong></span> 
     </span>
     <span class='ocr_line' id='line_1_7' title="bbox 311 1141 2447 1247; baseline -0.004 -21"><span class='ocrx_word' id='word_1_40' title='bbox 311 1174 502 1226; x_wconf 90' lang='lat' dir='ltr'><strong>nova</strong></span> <span class='ocrx_word' id='word_1_41' title='bbox 541 1141 1062 1247; x_wconf 71' lang='lat' dir='ltr'><strong>praedictarum</strong></span> <span class='ocrx_word' id='word_1_42' title='bbox 1101 1148 1582 1223; x_wconf 89' lang='lat' dir='ltr'><strong>Ecclesiarum</strong></span> <span class='ocrx_word' id='word_1_43' title='bbox 1635 1171 1761 1222; x_wconf 89' lang='lat' dir='ltr'><strong>seu</strong></span> <span class='ocrx_word' id='word_1_44' title='bbox 1818 1145 2263 1223; x_wconf 88' lang='lat' dir='ltr'><strong>Dioecesium</strong></span> <span class='ocrx_word' id='word_1_45' title='bbox 2306 1145 2447 1219; x_wconf 89' lang='lat' dir='ltr'><strong>cir-</strong></span> 
     </span>
     <span class='ocr_line' id='line_1_8' title="bbox 257 1261 2447 1363; baseline -0.003 -22"><span class='ocrx_word' id='word_1_46' title='bbox 257 1306 268 1319; x_wconf 87' lang='lat'><strong>·</strong></span> <span class='ocrx_word' id='word_1_47' title='bbox 311 1266 858 1363; x_wconf 78' lang='lat' dir='ltr'><strong>cumscriptione</strong></span> <span class='ocrx_word' id='word_1_48' title='bbox 909 1288 1038 1361; x_wconf 89' lang='lat' dir='ltr'><strong>per</strong></span> <span class='ocrx_word' id='word_1_49' title='bbox 1087 1266 1296 1339; x_wconf 89' lang='lat' dir='ltr'><strong>binos</strong></span> <span class='ocrx_word' id='word_1_50' title='bbox 1362 1261 1905 1341; x_wconf 77' lang='lat' dir='ltr'><strong>commissarios</strong></span> <span class='ocrx_word' id='word_1_51' title='bbox 1986 1263 2077 1336; x_wconf 88' lang='lat' dir='ltr'><strong>ab</strong></span> <span class='ocrx_word' id='word_1_52' title='bbox 2150 1274 2447 1357; x_wconf 88' lang='lat' dir='ltr'><strong>utraque</strong></span> 
     </span>
     <span class='ocr_line' id='line_1_9' title="bbox 307 1378 2447 1479; baseline -0.003 -21"><span class='ocrx_word' id='word_1_53' title='bbox 307 1383 876 1459; x_wconf 79' lang='lat' dir='ltr'><strong>contrahentium</strong></span> <span class='ocrx_word' id='word_1_54' title='bbox 914 1392 1128 1479; x_wconf 88' lang='lat' dir='ltr'><strong>parte</strong></span> <span class='ocrx_word' id='word_1_55' title='bbox 1177 1384 1679 1470; x_wconf 87' lang='lat' dir='ltr'><strong>nominandos,</strong></span> <span class='ocrx_word' id='word_1_56' title='bbox 1734 1383 1823 1456; x_wconf 89' lang='lat' dir='ltr'><strong>ad</strong></span> <span class='ocrx_word' id='word_1_57' title='bbox 1875 1378 2241 1478; x_wconf 84' lang='lat' dir='ltr'><strong>praefatae</strong></span> <span class='ocrx_word' id='word_1_58' title='bbox 2285 1402 2447 1453; x_wconf 89' lang='lat' dir='ltr'><strong>con·-</strong></span> 
     </span>
     <span class='ocr_line' id='line_1_10' title="bbox 310 1498 2441 1599; baseline -0.002 -24"><span class='ocrx_word' id='word_1_59' title='bbox 310 1503 662 1579; x_wconf 87' lang='lat' dir='ltr'><strong>ventionis</strong></span> <span class='ocrx_word' id='word_1_60' title='bbox 718 1502 1084 1575; x_wconf 82' lang='lat' dir='ltr'><strong>tramitem</strong></span> <span class='ocrx_word' id='word_1_61' title='bbox 1121 1503 1550 1599; x_wconf 83' lang='lat' dir='ltr'><strong>peragenda,</strong></span> <span class='ocrx_word' id='word_1_62' title='bbox 1591 1502 1693 1575; x_wconf 88' lang='lat' dir='ltr'><strong>ita</strong></span> <span class='ocrx_word' id='word_1_63' title='bbox 1744 1511 1828 1573; x_wconf 93' lang='lat' dir='ltr'><strong>ut</strong></span> <span class='ocrx_word' id='word_1_64' title='bbox 1878 1498 2203 1595; x_wconf 80' lang='lat' dir='ltr'><strong>singulis,</strong></span> <span class='ocrx_word' id='word_1_65' title='bbox 2260 1520 2441 1594; x_wconf 84' lang='lat' dir='ltr'><strong>quae</strong></span> 
     </span>
     <span class='ocr_line' id='line_1_11' title="bbox 304 1618 2444 1713; baseline -0.001 -21"><span class='ocrx_word' id='word_1_66' title='bbox 304 1622 378 1693; x_wconf 89' lang='lat' dir='ltr'><strong>in</strong></span> <span class='ocrx_word' id='word_1_67' title='bbox 430 1621 750 1695; x_wconf 85' lang='lat' dir='ltr'><strong>eiusdem</strong></span> <span class='ocrx_word' id='word_1_68' title='bbox 805 1620 1119 1695; x_wconf 83' lang='lat' dir='ltr'><strong>articulis</strong></span> <span class='ocrx_word' id='word_1_69' title='bbox 1173 1630 1588 1695; x_wconf 87' lang='lat' dir='ltr'><strong>statuuntur</strong></span> <span class='ocrx_word' id='word_1_70' title='bbox 1626 1670 1648 1705; x_wconf 92' lang='lat'>,</span> <span class='ocrx_word' id='word_1_71' title='bbox 1706 1619 1843 1691; x_wconf 89' lang='lat' dir='ltr'><strong>rite</strong></span> <span class='ocrx_word' id='word_1_72' title='bbox 1904 1618 2209 1713; x_wconf 85' lang='lat' dir='ltr'><strong>expletis</strong></span> <span class='ocrx_word' id='word_1_73' title='bbox 2244 1667 2265 1703; x_wconf 92' lang='lat'><strong><em>‚</em></strong></span> <span class='ocrx_word' id='word_1_74' title='bbox 2323 1638 2444 1691; x_wconf 84' lang='lat' dir='ltr'><strong>ee-</strong></span> 
     </span>
     <span class='ocr_line' id='line_1_12' title="bbox 305 1733 2441 1833; baseline -0.002 -21"><span class='ocrx_word' id='word_1_75' title='bbox 305 1738 680 1813; x_wconf 89' lang='lat' dir='ltr'><strong>clesiastici</strong></span> <span class='ocrx_word' id='word_1_76' title='bbox 735 1736 868 1809; x_wconf 86' lang='lat' dir='ltr'><strong>viri</strong></span> <span class='ocrx_word' id='word_1_77' title='bbox 923 1738 1338 1813; x_wconf 81' lang='lat' dir='ltr'><strong>necessariis</strong></span> <span class='ocrx_word' id='word_1_78' title='bbox 1413 1734 1877 1833; x_wconf 83' lang='lat' dir='ltr'><strong>qualitatibus</strong></span> <span class='ocrx_word' id='word_1_79' title='bbox 1936 1733 2263 1832; x_wconf 87' lang='lat' dir='ltr'><strong>praediti,</strong></span> <span class='ocrx_word' id='word_1_80' title='bbox 2317 1733 2441 1829; x_wconf 88' lang='lat' dir='ltr'><strong>qui</strong></span> 
     </span>
     <span class='ocr_line' id='line_1_13' title="bbox 303 1850 2439 1951; baseline -0.002 -24"><span class='ocrx_word' id='word_1_81' title='bbox 303 1879 346 1927; x_wconf 90' lang='lat' dir='ltr'><strong>a</strong></span> <span class='ocrx_word' id='word_1_82' title='bbox 401 1856 593 1951; x_wconf 81' lang='lat' dir='ltr'><strong>Rege</strong></span> <span class='ocrx_word' id='word_1_83' title='bbox 648 1853 1094 1929; x_wconf 87' lang='lat' dir='ltr'><strong>Fidelissimo</strong></span> <span class='ocrx_word' id='word_1_84' title='bbox 1146 1853 1819 1950; x_wconf 88' lang='lat' dir='ltr'><strong>praesentabuntur,</strong></span> <span class='ocrx_word' id='word_1_85' title='bbox 1885 1876 2013 1948; x_wconf 89' lang='lat' dir='ltr'><strong>per</strong></span> <span class='ocrx_word' id='word_1_86' title='bbox 2064 1850 2209 1925; x_wconf 89' lang='lat' dir='ltr'><strong>Nos</strong></span> <span class='ocrx_word' id='word_1_87' title='bbox 2258 1850 2439 1924; x_wconf 89' lang='lat' dir='ltr'><strong>Suc-</strong></span> 
     </span>
     <span class='ocr_line' id='line_1_14' title="bbox 305 1966 2437 2069; baseline -0.003 -22"><span class='ocrx_word' id='word_1_88' title='bbox 305 1994 766 2069; x_wconf 89' lang='lat' dir='ltr'><strong>cessoresque</strong></span> <span class='ocrx_word' id='word_1_89' title='bbox 817 1970 1112 2048; x_wconf 86' lang='lat' dir='ltr'><strong>Nostros</strong></span> <span class='ocrx_word' id='word_1_90' title='bbox 1168 1972 1619 2059; x_wconf 83' lang='lat' dir='ltr'><strong>confirmari,</strong></span> <span class='ocrx_word' id='word_1_91' title='bbox 1678 1984 1893 2066; x_wconf 84' lang='lat' dir='ltr'><strong>atque</strong></span> <span class='ocrx_word' id='word_1_92' title='bbox 1946 1969 2225 2042; x_wconf 88' lang='lat' dir='ltr'><strong>illarum</strong></span> <span class='ocrx_word' id='word_1_93' title='bbox 2280 1966 2437 2041; x_wconf 86' lang='lat' dir='ltr'><strong>Ec-</strong></span> 
     </span>
     <span class='ocr_line' id='line_1_15' title="bbox 303 2087 2274 2185; baseline -0.003 -22"><span class='ocrx_word' id='word_1_94' title='bbox 303 2089 684 2163; x_wconf 86' lang='lat' dir='ltr'><strong>clesiarum</strong></span> <span class='ocrx_word' id='word_1_95' title='bbox 738 2088 1177 2185; x_wconf 85' lang='lat' dir='ltr'><strong>provisiones</strong></span> <span class='ocrx_word' id='word_1_96' title='bbox 1230 2088 1472 2185; x_wconf 82' lang='lat' dir='ltr'><strong>perfici</strong></span> <span class='ocrx_word' id='word_1_97' title='bbox 1525 2097 1923 2184; x_wconf 88' lang='lat' dir='ltr'><strong>opportune</strong></span> <span class='ocrx_word' id='word_1_98' title='bbox 1972 2087 2274 2181; x_wconf 81' lang='lat' dir='ltr'><strong>possint.</strong></span> 
     </span>
    </p>

    <p class='ocr_par' dir='ltr' id='par_1_2' title="bbox 289 2204 2439 4190">
     <span class='ocr_line' id='line_1_16' title="bbox 462 2204 2430 2301; baseline 0 -23"><span class='ocrx_word' id='word_1_99' title='bbox 462 2208 554 2279; x_wconf 86' lang='lat' dir='ltr'><strong>At</strong></span> <span class='ocrx_word' id='word_1_100' title='bbox 605 2228 772 2281; x_wconf 87' lang='lat' dir='ltr'><strong>vero</strong></span> <span class='ocrx_word' id='word_1_101' title='bbox 821 2230 988 2281; x_wconf 91' lang='lat' dir='ltr'><strong>cum</strong></span> <span class='ocrx_word' id='word_1_102' title='bbox 1049 2208 1138 2281; x_wconf 91' lang='lat' dir='ltr'><strong>ad</strong></span> <span class='ocrx_word' id='word_1_103' title='bbox 1201 2208 1440 2281; x_wconf 87' lang='lat' dir='ltr'><strong>omnia</strong></span> <span class='ocrx_word' id='word_1_104' title='bbox 1503 2204 1931 2280; x_wconf 87' lang='lat' dir='ltr'><strong>absolvenda</strong></span> <span class='ocrx_word' id='word_1_105' title='bbox 1968 2256 1989 2290; x_wconf 92' lang='lat'><strong>,</strong></span> <span class='ocrx_word' id='word_1_106' title='bbox 2070 2226 2251 2301; x_wconf 87' lang='lat' dir='ltr'><strong>quae</strong></span> <span class='ocrx_word' id='word_1_107' title='bbox 2301 2227 2430 2299; x_wconf 89' lang='lat' dir='ltr'><strong>pro</strong></span> 
     </span>
     <span class='ocr_line' id='line_1_17' title="bbox 296 2321 2429 2421; baseline -0.002 -24"><span class='ocrx_word' id='word_1_108' title='bbox 296 2324 506 2397; x_wconf 87' lang='lat' dir='ltr'><strong>huius</strong></span> <span class='ocrx_word' id='word_1_109' title='bbox 519 2323 712 2397; x_wconf 91' lang='lat' dir='ltr'><strong>modi</strong></span> <span class='ocrx_word' id='word_1_110' title='bbox 765 2323 1422 2421; x_wconf 86' lang='lat' dir='ltr'><strong>circumscriptione</strong></span> <span class='ocrx_word' id='word_1_111' title='bbox 1459 2345 1540 2396; x_wconf 90' lang='lat' dir='ltr'><strong>ac</strong></span> <span class='ocrx_word' id='word_1_112' title='bbox 1577 2322 1981 2417; x_wconf 77' lang='lat' dir='ltr'><strong>provisione</strong></span> <span class='ocrx_word' id='word_1_113' title='bbox 2032 2321 2429 2395; x_wconf 85' lang='lat' dir='ltr'><strong>necessaria</strong></span> 
     </span>
     <span class='ocr_line' id='line_1_18' title="bbox 301 2436 2433 2539; baseline -0.003 -21"><span class='ocrx_word' id='word_1_114' title='bbox 301 2442 590 2518; x_wconf 91' lang='lat' dir='ltr'><strong>omnino</strong></span> <span class='ocrx_word' id='word_1_115' title='bbox 627 2451 824 2529; x_wconf 86' lang='lat' dir='ltr'><strong>sunt,</strong></span> <span class='ocrx_word' id='word_1_116' title='bbox 866 2441 1150 2539; x_wconf 87' lang='lat' dir='ltr'><strong>aliquod</strong></span> <span class='ocrx_word' id='word_1_117' title='bbox 1184 2466 1356 2517; x_wconf 87' lang='lat' dir='ltr'><strong>sane</strong></span> <span class='ocrx_word' id='word_1_118' title='bbox 1393 2440 1737 2537; x_wconf 89' lang='lat' dir='ltr'><strong>temporis</strong></span> <span class='ocrx_word' id='word_1_119' title='bbox 1772 2438 2085 2534; x_wconf 84' lang='lat' dir='ltr'><strong>spatium</strong></span> <span class='ocrx_word' id='word_1_120' title='bbox 2122 2436 2263 2512; x_wconf 88' lang='lat' dir='ltr'><strong>labi</strong></span> <span class='ocrx_word' id='word_1_121' title='bbox 2298 2461 2433 2512; x_wconf 82' lang='lat' dir='ltr'><strong>ne-</strong></span> 
     </span>
     <span class='ocr_line' id='line_1_19' title="bbox 299 2556 2433 2634; baseline -0.002 0"><span class='ocrx_word' id='word_1_122' title='bbox 299 2582 496 2634; x_wconf 89' lang='lat' dir='ltr'><strong>cesse</strong></span> <span class='ocrx_word' id='word_1_123' title='bbox 549 2559 643 2633; x_wconf 90' lang='lat' dir='ltr'><strong>sit</strong></span> <span class='ocrx_word' id='word_1_124' title='bbox 675 2583 694 2629; x_wconf 92' lang='lat'><strong>:</strong></span> <span class='ocrx_word' id='word_1_125' title='bbox 755 2558 921 2633; x_wconf 87' lang='lat' dir='ltr'><strong>hinc</strong></span> <span class='ocrx_word' id='word_1_126' title='bbox 957 2582 1046 2633; x_wconf 91' lang='lat' dir='ltr'><strong>ne</strong></span> <span class='ocrx_word' id='word_1_127' title='bbox 1084 2561 1478 2633; x_wconf 86' lang='lat' dir='ltr'><strong>animarum</strong></span> <span class='ocrx_word' id='word_1_128' title='bbox 1517 2558 1709 2632; x_wconf 89' lang='lat' dir='ltr'><strong>salus</strong></span> <span class='ocrx_word' id='word_1_129' title='bbox 1744 2580 1833 2631; x_wconf 88' lang='lat' dir='ltr'><strong>ex</strong></span> <span class='ocrx_word' id='word_1_130' title='bbox 1862 2556 1996 2631; x_wconf 85' lang='lat' dir='ltr'><strong>hac</strong></span> <span class='ocrx_word' id='word_1_131' title='bbox 2030 2556 2433 2631; x_wconf 86' lang='lat' dir='ltr'><strong>miserrima</strong></span> 
     </span>
     <span class='ocr_line' id='line_1_20' title="bbox 301 2677 2431 2765; baseline -0.001 -14"><span class='ocrx_word' id='word_1_132' title='bbox 301 2679 616 2755; x_wconf 89' lang='lat' dir='ltr'><strong>locorum</strong></span> <span class='ocrx_word' id='word_1_133' title='bbox 670 2677 1071 2753; x_wconf 87' lang='lat' dir='ltr'><strong>conditione</strong></span> <span class='ocrx_word' id='word_1_134' title='bbox 1122 2680 1390 2754; x_wconf 91' lang='lat' dir='ltr'><strong>diutius</strong></span> <span class='ocrx_word' id='word_1_135' title='bbox 1444 2680 1516 2752; x_wconf 88' lang='lat' dir='ltr'><strong>in</strong></span> <span class='ocrx_word' id='word_1_136' title='bbox 1568 2679 1951 2754; x_wconf 87' lang='lat' dir='ltr'><strong>discrimen</strong></span> <span class='ocrx_word' id='word_1_137' title='bbox 2014 2678 2431 2765; x_wconf 86' lang='lat' dir='ltr'><strong>adducatur,</strong></span> 
     </span>
     <span class='ocr_line' id='line_1_21' title="bbox 317 2794 2438 2894; baseline 0 -25"><span class='ocrx_word' id='word_1_138' title='bbox 317 2794 949 2870; x_wconf 83' lang='lat' dir='ltr'><strong>extraordinariam</strong></span> <span class='ocrx_word' id='word_1_139' title='bbox 1001 2797 1272 2871; x_wconf 90' lang='lat' dir='ltr'><strong>interea</strong></span> <span class='ocrx_word' id='word_1_140' title='bbox 1333 2797 1673 2894; x_wconf 78' lang='lat' dir='ltr'><strong>temporis</strong></span> <span class='ocrx_word' id='word_1_141' title='bbox 1734 2794 2219 2892; x_wconf 84' lang='lat' dir='ltr'><strong>providentiae</strong></span> <span class='ocrx_word' id='word_1_142' title='bbox 2289 2795 2438 2871; x_wconf 81' lang='lat' dir='ltr'><strong>for-</strong></span> 
     </span>
     <span class='ocr_line' id='line_1_22' title="bbox 307 2912 2439 3023; baseline 0 -38"><span class='ocrx_word' id='word_1_143' title='bbox 307 2934 504 2985; x_wconf 89' lang='lat' dir='ltr'><strong>mam</strong></span> <span class='ocrx_word' id='word_1_144' title='bbox 545 2912 1016 3023; x_wconf 78' lang='lat' dir='ltr'><strong>adhibendam</strong></span> <span class='ocrx_word' id='word_1_145' title='bbox 1053 2914 1626 2988; x_wconf 81' lang='lat' dir='ltr'><strong>existimavimus</strong></span> <span class='ocrx_word' id='word_1_146' title='bbox 1680 2914 1865 2987; x_wconf 87' lang='lat' dir='ltr'><strong>circa</strong></span> <span class='ocrx_word' id='word_1_147' title='bbox 1917 2935 2001 2985; x_wconf 88' lang='lat' dir='ltr'><strong>ea</strong></span> <span class='ocrx_word' id='word_1_148' title='bbox 2051 2913 2439 3008; x_wconf 87' lang='lat' dir='ltr'><strong>praedicta-</strong></span> 
     </span>
     <span class='ocr_line' id='line_1_23' title="bbox 307 3026 2431 3125; baseline 0 -24"><span class='ocrx_word' id='word_1_149' title='bbox 307 3052 472 3104; x_wconf 90' lang='lat' dir='ltr'><strong>rum</strong></span> <span class='ocrx_word' id='word_1_150' title='bbox 524 3026 967 3104; x_wconf 85' lang='lat' dir='ltr'><strong>Dioecesium</strong></span> <span class='ocrx_word' id='word_1_151' title='bbox 1027 3028 1638 3125; x_wconf 76' lang='lat' dir='ltr'><strong>suffraganearum</strong></span> <span class='ocrx_word' id='word_1_152' title='bbox 1700 3027 1853 3103; x_wconf 89' lang='lat' dir='ltr'><strong>loca</strong></span> <span class='ocrx_word' id='word_1_153' title='bbox 1902 3049 2087 3124; x_wconf 89' lang='lat' dir='ltr'><strong>quae</strong></span> <span class='ocrx_word' id='word_1_154' title='bbox 2138 3050 2180 3100; x_wconf 91' lang='lat' dir='ltr'><strong>a</strong></span> <span class='ocrx_word' id='word_1_155' title='bbox 2233 3027 2431 3102; x_wconf 83' lang='lat' dir='ltr'><strong>Vica-</strong></span> 
     </span>
     <span class='ocr_line' id='line_1_24' title="bbox 315 3142 2436 3241; baseline 0 -22"><span class='ocrx_word' id='word_1_156' title='bbox 315 3148 583 3222; x_wconf 89' lang='lat' dir='ltr'><strong>riorum</strong></span> <span class='ocrx_word' id='word_1_157' title='bbox 642 3144 1204 3241; x_wconf 85' lang='lat' dir='ltr'><strong>Apostolicorum</strong></span> <span class='ocrx_word' id='word_1_158' title='bbox 1259 3148 1681 3223; x_wconf 86' lang='lat' dir='ltr'><strong>auctoritate</strong></span> <span class='ocrx_word' id='word_1_159' title='bbox 1734 3158 1809 3217; x_wconf 87' lang='lat' dir='ltr'><strong>et</strong></span> <span class='ocrx_word' id='word_1_160' title='bbox 1858 3142 2257 3219; x_wconf 88' lang='lat' dir='ltr'><strong>ohedientia</strong></span> <span class='ocrx_word' id='word_1_161' title='bbox 2306 3170 2436 3221; x_wconf 83' lang='lat' dir='ltr'><strong>se·-</strong></span> 
     </span>
     <span class='ocr_line' id='line_1_25' title="bbox 300 3258 2429 3363; baseline -0.001 -23"><span class='ocrx_word' id='word_1_162' title='bbox 300 3276 590 3363; x_wconf 82' lang='lat' dir='ltr'><strong>gregata</strong></span> <span class='ocrx_word' id='word_1_163' title='bbox 666 3262 1200 3361; x_wconf 87' lang='lat' dir='ltr'><strong>reperiebantur</strong></span> <span class='ocrx_word' id='word_1_164' title='bbox 1281 3285 1446 3337; x_wconf 86' lang='lat' dir='ltr'><strong>eum</strong></span> <span class='ocrx_word' id='word_1_165' title='bbox 1497 3271 1891 3335; x_wconf 84' lang='lat' dir='ltr'><strong>memorata</strong></span> <span class='ocrx_word' id='word_1_166' title='bbox 1943 3258 2335 3338; x_wconf 88' lang='lat' dir='ltr'><strong>Conventio</strong></span> <span class='ocrx_word' id='word_1_167' title='bbox 2388 3286 2429 3337; x_wconf 90' lang='lat' dir='ltr'><strong>a</strong></span> 
     </span>
     <span class='ocr_line' id='line_1_26' title="bbox 307 3375 2433 3477; baseline -0.002 -19"><span class='ocrx_word' id='word_1_168' title='bbox 307 3381 564 3459; x_wconf 83' lang='lat' dir='ltr'><strong>Nostro</strong></span> <span class='ocrx_word' id='word_1_169' title='bbox 616 3393 693 3455; x_wconf 91' lang='lat' dir='ltr'><strong>et</strong></span> <span class='ocrx_word' id='word_1_170' title='bbox 747 3378 1108 3455; x_wconf 85' lang='lat' dir='ltr'><strong>Carissimi</strong></span> <span class='ocrx_word' id='word_1_171' title='bbox 1143 3380 1218 3451; x_wconf 90' lang='lat' dir='ltr'><strong>in</strong></span> <span class='ocrx_word' id='word_1_172' title='bbox 1255 3376 1540 3452; x_wconf 86' lang='lat' dir='ltr'><strong>Christo</strong></span> <span class='ocrx_word' id='word_1_173' title='bbox 1577 3376 1734 3451; x_wconf 88' lang='lat' dir='ltr'><strong>Filii</strong></span> <span class='ocrx_word' id='word_1_174' title='bbox 1785 3375 2021 3451; x_wconf 88' lang='lat' dir='ltr'><strong>Nostri</strong></span> <span class='ocrx_word' id='word_1_175' title='bbox 2072 3375 2433 3477; x_wconf 83' lang='lat' dir='ltr'><strong>Portugal-</strong></span> 
     </span>
     <span class='ocr_line' id='line_1_27' title="bbox 305 3492 2429 3593; baseline 0 -20"><span class='ocrx_word' id='word_1_176' title='bbox 305 3501 441 3575; x_wconf 89' lang='lat' dir='ltr'><strong>liae</strong></span> <span class='ocrx_word' id='word_1_177' title='bbox 499 3510 572 3575; x_wconf 90' lang='lat' dir='ltr'><strong>et</strong></span> <span class='ocrx_word' id='word_1_178' title='bbox 626 3495 1112 3593; x_wconf 78' lang='lat' dir='ltr'><strong>Algarbiorum</strong></span> <span class='ocrx_word' id='word_1_179' title='bbox 1152 3496 1367 3593; x_wconf 82' lang='lat' dir='ltr'><strong>Regis</strong></span> <span class='ocrx_word' id='word_1_180' title='bbox 1422 3494 1843 3569; x_wconf 88' lang='lat' dir='ltr'><strong>Fidelissimi</strong></span> <span class='ocrx_word' id='word_1_181' title='bbox 1872 3492 2429 3593; x_wconf 87' lang='lat' dir='ltr'><strong>Plenipotentia-</strong></span> 
     </span>
     <span class='ocr_line' id='line_1_28' title="bbox 307 3612 2429 3713; baseline 0 -22"><span class='ocrx_word' id='word_1_182' title='bbox 307 3620 431 3693; x_wconf 89' lang='lat' dir='ltr'><strong>riis</strong></span> <span class='ocrx_word' id='word_1_183' title='bbox 493 3619 770 3713; x_wconf 83' lang='lat' dir='ltr'><strong>signata</strong></span> <span class='ocrx_word' id='word_1_184' title='bbox 831 3614 991 3688; x_wconf 83' lang='lat' dir='ltr'><strong>fuit.</strong></span> <span class='ocrx_word' id='word_1_185' title='bbox 1047 3612 1320 3691; x_wconf 82' lang='lat' dir='ltr'><strong>Horum</strong></span> <span class='ocrx_word' id='word_1_186' title='bbox 1384 3615 1622 3712; x_wconf 84' lang='lat' dir='ltr'><strong>itaque</strong></span> <span class='ocrx_word' id='word_1_187' title='bbox 1683 3614 1996 3689; x_wconf 86' lang='lat' dir='ltr'><strong>locorum</strong></span> <span class='ocrx_word' id='word_1_188' title='bbox 2058 3636 2299 3689; x_wconf 86' lang='lat' dir='ltr'><strong>euram</strong></span> <span class='ocrx_word' id='word_1_189' title='bbox 2355 3629 2429 3692; x_wconf 89' lang='lat' dir='ltr'><strong>et</strong></span> 
     </span>
     <span class='ocr_line' id='line_1_29' title="bbox 301 3731 2423 3829; baseline 0 -21"><span class='ocrx_word' id='word_1_190' title='bbox 301 3732 987 3811; x_wconf 89' lang='lat' dir='ltr'><strong>administrationem</strong></span> <span class='ocrx_word' id='word_1_191' title='bbox 1023 3734 1112 3806; x_wconf 91' lang='lat' dir='ltr'><strong>ad</strong></span> <span class='ocrx_word' id='word_1_192' title='bbox 1139 3744 1424 3829; x_wconf 87' lang='lat' dir='ltr'><strong>tempus</strong></span> <span class='ocrx_word' id='word_1_193' title='bbox 1456 3731 1958 3806; x_wconf 86' lang='lat' dir='ltr'><strong>reservandam</strong></span> <span class='ocrx_word' id='word_1_194' title='bbox 1993 3734 2423 3823; x_wconf 77' lang='lat' dir='ltr'><strong>censuimuS‚</strong></span> 
     </span>
     <span class='ocr_line' id='line_1_30' title="bbox 297 3849 2425 3954; baseline -0.002 -27"><span class='ocrx_word' id='word_1_195' title='bbox 297 3853 469 3927; x_wconf 90' lang='lat' dir='ltr'><strong>illud</strong></span> <span class='ocrx_word' id='word_1_196' title='bbox 521 3872 858 3949; x_wconf 79' lang='lat' dir='ltr'><strong>expresse</strong></span> <span class='ocrx_word' id='word_1_197' title='bbox 921 3851 1350 3925; x_wconf 88' lang='lat' dir='ltr'><strong>mandantes</strong></span> <span class='ocrx_word' id='word_1_198' title='bbox 1392 3902 1414 3939; x_wconf 94' lang='lat'>‚</span> <span class='ocrx_word' id='word_1_199' title='bbox 1479 3864 1563 3925; x_wconf 91' lang='lat' dir='ltr'><strong>ut</strong></span> <span class='ocrx_word' id='word_1_200' title='bbox 1623 3850 1848 3954; x_wconf 81' lang='lat' dir='ltr'><strong>donec</strong></span> <span class='ocrx_word' id='word_1_201' title='bbox 1906 3849 2425 3946; x_wconf 83' lang='lat' dir='ltr'><strong>praedictarum</strong></span> 
     </span>
     <span class='ocr_line' id='line_1_31' title="bbox 289 3969 2416 4069; baseline -0.001 -22"><span class='ocrx_word' id='word_1_202' title='bbox 289 3973 768 4049; x_wconf 88' lang='lat' dir='ltr'><strong>Ecclesiarum</strong></span> <span class='ocrx_word' id='word_1_203' title='bbox 821 3971 1378 4069; x_wconf 86' lang='lat' dir='ltr'><strong>circumscriptio</strong></span> <span class='ocrx_word' id='word_1_204' title='bbox 1427 3969 1829 4068; x_wconf 86' lang='lat' dir='ltr'><strong>perficiatur</strong></span> <span class='ocrx_word' id='word_1_205' title='bbox 1868 4019 1890 4055; x_wconf 93' lang='lat'>,</span> <span class='ocrx_word' id='word_1_206' title='bbox 1946 3982 2021 4041; x_wconf 88' lang='lat' dir='ltr'><strong>et</strong></span> <span class='ocrx_word' id='word_1_207' title='bbox 2074 3970 2241 4045; x_wconf 90' lang='lat' dir='ltr'><strong>novi</strong></span> <span class='ocrx_word' id='word_1_208' title='bbox 2291 3992 2416 4061; x_wconf 83' lang='lat' dir='ltr'><strong>ea-</strong></span> 
     </span>
     <span class='ocr_line' id='line_1_32' title="bbox 296 4087 2419 4190; baseline -0.001 -22"><span class='ocrx_word' id='word_1_209' title='bbox 296 4094 628 4168; x_wconf 84' lang='lat' dir='ltr'><strong>rumdem</strong></span> <span class='ocrx_word' id='word_1_210' title='bbox 656 4091 990 4190; x_wconf 89' lang='lat' dir='ltr'><strong>Episcopi</strong></span> <span class='ocrx_word' id='word_1_211' title='bbox 1043 4114 1086 4164; x_wconf 91' lang='lat' dir='ltr'><strong>a</strong></span> <span class='ocrx_word' id='word_1_212' title='bbox 1136 4091 1340 4165; x_wconf 91' lang='lat' dir='ltr'><strong>nobis</strong></span> <span class='ocrx_word' id='word_1_213' title='bbox 1395 4089 1727 4167; x_wconf 86' lang='lat' dir='ltr'><strong>canonice</strong></span> <span class='ocrx_word' id='word_1_214' title='bbox 1780 4087 2089 4164; x_wconf 88' lang='lat' dir='ltr'><strong>instituti</strong></span> <span class='ocrx_word' id='word_1_215' title='bbox 2134 4110 2419 4185; x_wconf 86' lang='lat' dir='ltr'><strong>posses-</strong></span> 
     </span>
    </p>
   </div>
   <div class='ocr_carea' id='block_1_2' title="bbox 291 4207 2417 4396">
    <p class='ocr_par' dir='ltr' id='par_1_3' title="bbox 291 4207 2417 4396">
     <span class='ocr_line' id='line_1_33' title="bbox 291 4207 2417 4307; baseline -0.003 -16"><span class='ocrx_word' id='word_1_216' title='bbox 291 4215 570 4291; x_wconf 88' lang='lat' dir='ltr'><strong>sionem</strong></span> <span class='ocrx_word' id='word_1_217' title='bbox 622 4236 913 4291; x_wconf 86' lang='lat' dir='ltr'><strong>suarum</strong></span> <span class='ocrx_word' id='word_1_218' title='bbox 967 4211 1242 4291; x_wconf 80' lang='lat' dir='ltr'><strong>sedium</strong></span> <span class='ocrx_word' id='word_1_219' title='bbox 1293 4211 1557 4289; x_wconf 82' lang='lat' dir='ltr'><strong>fuerint</strong></span> <span class='ocrx_word' id='word_1_220' title='bbox 1605 4207 1870 4307; x_wconf 86' lang='lat' dir='ltr'><strong>adepti,</strong></span> <span class='ocrx_word' id='word_1_221' title='bbox 1908 4217 2153 4283; x_wconf 86' lang='lat' dir='ltr'><strong>cetera</strong></span> <span class='ocrx_word' id='word_1_222' title='bbox 2178 4212 2417 4286; x_wconf 87' lang='lat' dir='ltr'><strong>omnia</strong></span> 
     </span>
     <span class='ocr_line' id='line_1_34' title="bbox 1812 4326 1899 4396; baseline 0.011 -1"><span class='ocrx_word' id='word_1_223' title='bbox 1812 4326 1899 4396; x_wconf 83' lang='lat'><strong>16</strong></span> 
     </span>
    </p>
   </div>
  </div>
 </body>
</html>
