<?xml version="1.0" encoding="UTF-8"?>
<!DOCTYPE html PUBLIC "-//W3C//DTD XHTML 1.0 Transitional//EN"
    "http://www.w3.org/TR/xhtml1/DTD/xhtml1-transitional.dtd">
<html xmlns="http://www.w3.org/1999/xhtml" xml:lang="en" lang="en">
 <head>
  <title>
</title>
<meta http-equiv="Content-Type" content="text/html;charset=utf-8" />
  <meta name='ocr-system' content='tesseract 3.04.00' />
  <meta name='ocr-capabilities' content='ocr_page ocr_carea ocr_par ocr_line ocrx_word'/>
</head>
<body>
  <div class='ocr_page' id='page_1' title='image "./piiixpontificis00ixgoog_0078.png"; bbox 0 0 3317 5267; ppageno 0'>
   <div class='ocr_carea' id='block_1_1' title="bbox 797 484 3025 4340">
    <p class='ocr_par' dir='ltr' id='par_1_1' title="bbox 868 484 960 553">
     <span class='ocr_line' id='line_1_1' title="bbox 868 484 960 553; baseline 0 0"><span class='ocrx_word' id='word_1_1' title='bbox 868 484 960 553; x_wconf 85' lang='grc'><strong>68</strong></span> 
     </span>
    </p>

    <p class='ocr_par' dir='ltr' id='par_1_2' title="bbox 797 574 3019 3864">
     <span class='ocr_line' id='line_1_2' title="bbox 862 574 2998 691; baseline -0.002 -21"><span class='ocrx_word' id='word_1_2' title='bbox 862 606 1132 681; x_wconf 88' lang='lat' dir='ltr'><strong>mento,</strong></span> <span class='ocrx_word' id='word_1_3' title='bbox 1189 603 1264 667; x_wconf 85' lang='lat' dir='ltr'><strong>et</strong></span> <span class='ocrx_word' id='word_1_4' title='bbox 1312 594 1779 691; x_wconf 85' lang='lat' dir='ltr'><strong>prosperitate</strong></span> <span class='ocrx_word' id='word_1_5' title='bbox 1831 592 2245 689; x_wconf 76' lang='lat' dir='ltr'><strong>impensiuS,</strong></span> <span class='ocrx_word' id='word_1_6' title='bbox 2297 574 2595 688; x_wconf 78' lang='lat' dir='ltr'><strong>juvante</strong></span> <span class='ocrx_word' id='word_1_7' title='bbox 2647 588 2823 679; x_wconf 85' lang='lat' dir='ltr'><strong>Deo,</strong></span> <span class='ocrx_word' id='word_1_8' title='bbox 2884 594 2998 665; x_wconf 86' lang='lat' dir='ltr'><strong>vi-</strong></span> 
     </span>
     <span class='ocr_line' id='line_1_3' title="bbox 863 707 2997 809; baseline -0.002 -24"><span class='ocrx_word' id='word_1_9' title='bbox 863 735 1027 809; x_wconf 82' lang='lat' dir='ltr'><strong>gere</strong></span> <span class='ocrx_word' id='word_1_10' title='bbox 1078 712 1552 807; x_wconf 81' lang='lat' dir='ltr'><strong>dignoscatur.</strong></span> <span class='ocrx_word' id='word_1_11' title='bbox 1611 708 1709 783; x_wconf 88' lang='lat' dir='ltr'><strong>Et</strong></span> <span class='ocrx_word' id='word_1_12' title='bbox 1758 734 1833 783; x_wconf 90' lang='lat' dir='ltr'><strong>re</strong></span> <span class='ocrx_word' id='word_1_13' title='bbox 1886 708 2168 806; x_wconf 90' lang='lat' dir='ltr'><strong>quidem</strong></span> <span class='ocrx_word' id='word_1_14' title='bbox 2252 730 2414 781; x_wconf 89' lang='lat' dir='ltr'><strong>vera</strong></span> <span class='ocrx_word' id='word_1_15' title='bbox 2494 707 2793 805; x_wconf 82' lang='lat' dir='ltr'><strong>contigit</strong></span> <span class='ocrx_word' id='word_1_16' title='bbox 2835 762 2856 796; x_wconf 88' lang='lat'>,</span> <span class='ocrx_word' id='word_1_17' title='bbox 2906 720 2997 785; x_wconf 82' lang='lat' dir='ltr'><strong>ut</strong></span> 
     </span>
     <span class='ocr_line' id='line_1_4' title="bbox 865 822 3001 924; baseline -0.001 -24"><span class='ocrx_word' id='word_1_18' title='bbox 865 828 1302 924; x_wconf 88' lang='lat' dir='ltr'><strong>praeclarum</strong></span> <span class='ocrx_word' id='word_1_19' title='bbox 1343 826 1646 899; x_wconf 86' lang='lat' dir='ltr'><strong>eiusmet</strong></span> <span class='ocrx_word' id='word_1_20' title='bbox 1673 824 2317 901; x_wconf 83' lang='lat' dir='ltr'><strong>Confoederationis</strong></span> <span class='ocrx_word' id='word_1_21' title='bbox 2346 822 2784 899; x_wconf 88' lang='lat' dir='ltr'><strong>Gubernium</strong></span> <span class='ocrx_word' id='word_1_22' title='bbox 2822 850 3001 901; x_wconf 88' lang='lat' dir='ltr'><strong>con-</strong></span> 
     </span>
     <span class='ocr_line' id='line_1_5' title="bbox 867 941 3003 1041; baseline -0.001 -22"><span class='ocrx_word' id='word_1_23' title='bbox 867 946 1055 1019; x_wconf 87' lang='lat' dir='ltr'><strong>sulto</strong></span> <span class='ocrx_word' id='word_1_24' title='bbox 1108 945 1196 1019; x_wconf 88' lang='lat' dir='ltr'><strong>ad</strong></span> <span class='ocrx_word' id='word_1_25' title='bbox 1247 944 1430 1017; x_wconf 87' lang='lat' dir='ltr'><strong>hanc</strong></span> <span class='ocrx_word' id='word_1_26' title='bbox 1481 944 1817 1019; x_wconf 81' lang='lat' dir='ltr'><strong>Sanctam</strong></span> <span class='ocrx_word' id='word_1_27' title='bbox 1892 942 2153 1019; x_wconf 87' lang='lat' dir='ltr'><strong>Sedem</strong></span> <span class='ocrx_word' id='word_1_28' title='bbox 2228 941 2709 1038; x_wconf 80' lang='lat' dir='ltr'><strong>Apostolicam</strong></span> <span class='ocrx_word' id='word_1_29' title='bbox 2770 968 3003 1041; x_wconf 85' lang='lat' dir='ltr'><strong>nuper</strong></span> 
     </span>
     <span class='ocr_line' id='line_1_6' title="bbox 871 1060 3003 1160; baseline -0.002 -23"><span class='ocrx_word' id='word_1_30' title='bbox 871 1086 1079 1137; x_wconf 89' lang='lat' dir='ltr'><strong>suum</strong></span> <span class='ocrx_word' id='word_1_31' title='bbox 1133 1062 1837 1160; x_wconf 88' lang='lat' dir='ltr'><strong>Plenipotentiarium</strong></span> <span class='ocrx_word' id='word_1_32' title='bbox 1901 1060 2414 1135; x_wconf 80' lang='lat' dir='ltr'><strong>Administrum</strong></span> <span class='ocrx_word' id='word_1_33' title='bbox 2484 1062 2825 1137; x_wconf 83' lang='lat' dir='ltr'><strong>dilectum</strong></span> <span class='ocrx_word' id='word_1_34' title='bbox 2896 1062 3003 1132; x_wconf 81' lang='lat' dir='ltr'><strong>fi·-</strong></span> 
     </span>
     <span class='ocr_line' id='line_1_7' title="bbox 868 1177 3003 1275; baseline -0.001 -22"><span class='ocrx_word' id='word_1_35' title='bbox 868 1180 1041 1253; x_wconf 91' lang='lat' dir='ltr'><strong>lium</strong></span> <span class='ocrx_word' id='word_1_36' title='bbox 1095 1179 1445 1255; x_wconf 86' lang='lat' dir='ltr'><strong>Joannem</strong></span> <span class='ocrx_word' id='word_1_37' title='bbox 1498 1177 1841 1275; x_wconf 88' lang='lat' dir='ltr'><strong>Campillo</strong></span> <span class='ocrx_word' id='word_1_38' title='bbox 1894 1180 1965 1251; x_wconf 91' lang='lat' dir='ltr'><strong>in</strong></span> <span class='ocrx_word' id='word_1_39' title='bbox 2020 1177 2388 1253; x_wconf 89' lang='lat' dir='ltr'><strong>Oratorem</strong></span> <span class='ocrx_word' id='word_1_40' title='bbox 2425 1180 2791 1275; x_wconf 78' lang='lat' dir='ltr'>legaverit,</span> <span class='ocrx_word' id='word_1_41' title='bbox 2824 1180 3003 1253; x_wconf 82' lang='lat' dir='ltr'><strong>ntis</strong></span> 
     </span>
     <span class='ocr_line' id='line_1_8' title="bbox 869 1294 3005 1394; baseline -0 -24"><span class='ocrx_word' id='word_1_42' title='bbox 869 1308 1152 1394; x_wconf 87' lang='lat' dir='ltr'><strong>praeter</strong></span> <span class='ocrx_word' id='word_1_43' title='bbox 1201 1297 1338 1371; x_wconf 86' lang='lat' dir='ltr'><strong>alia</strong></span> <span class='ocrx_word' id='word_1_44' title='bbox 1407 1308 1765 1394; x_wconf 81' lang='lat' dir='ltr'><strong>satageret</strong></span> <span class='ocrx_word' id='word_1_45' title='bbox 1826 1294 2041 1372; x_wconf 85' lang='lat' dir='ltr'><strong>Nobis</strong></span> <span class='ocrx_word' id='word_1_46' title='bbox 2100 1296 2603 1371; x_wconf 87' lang='lat' dir='ltr'><strong>devotissimas</strong></span> <span class='ocrx_word' id='word_1_47' title='bbox 2664 1296 3005 1370; x_wconf 86' lang='lat' dir='ltr'><strong>exhibere</strong></span> 
     </span>
     <span class='ocr_line' id='line_1_9' title="bbox 871 1412 3005 1513; baseline -0.002 -22"><span class='ocrx_word' id='word_1_48' title='bbox 871 1416 1418 1513; x_wconf 80' lang='lat' dir='ltr'><strong>supplicationes</strong></span> <span class='ocrx_word' id='word_1_49' title='bbox 1456 1416 1875 1513; x_wconf 72' lang='lat' dir='ltr'><strong>implorandi</strong></span> <span class='ocrx_word' id='word_1_50' title='bbox 1912 1416 2166 1513; x_wconf 65' lang='lat' dir='ltr'><strong>gnatia,</strong></span> <span class='ocrx_word' id='word_1_51' title='bbox 2194 1424 2279 1489; x_wconf 86' lang='lat' dir='ltr'><strong>ut</strong></span> <span class='ocrx_word' id='word_1_52' title='bbox 2304 1416 2595 1491; x_wconf 86' lang='lat' dir='ltr'><strong>alterius</strong></span> <span class='ocrx_word' id='word_1_53' title='bbox 2632 1414 2801 1489; x_wconf 77' lang='lat' dir='ltr'><strong>nov&#39;i</strong></span> <span class='ocrx_word' id='word_1_54' title='bbox 2825 1412 3005 1511; x_wconf 91' lang='lat' dir='ltr'><strong>Epi-</strong></span> 
     </span>
     <span class='ocr_line' id='line_1_10' title="bbox 871 1530 3002 1631; baseline -0.001 -24"><span class='ocrx_word' id='word_1_55' title='bbox 871 1547 1204 1629; x_wconf 86' lang='lat' dir='ltr'><strong>scopatus</strong></span> <span class='ocrx_word' id='word_1_56' title='bbox 1258 1534 1634 1619; x_wconf 88' lang='lat' dir='ltr'><strong>instituti0,</strong></span> <span class='ocrx_word' id='word_1_57' title='bbox 1664 1556 1843 1631; x_wconf 86' lang='lat' dir='ltr'><strong>quae</strong></span> <span class='ocrx_word' id='word_1_58' title='bbox 1898 1535 2041 1607; x_wconf 89' lang='lat' dir='ltr'><strong>iam</strong></span> <span class='ocrx_word' id='word_1_59' title='bbox 2076 1530 2632 1629; x_wconf 80' lang='lat' dir='ltr'><strong>excogitabatur,</strong></span> <span class='ocrx_word' id='word_1_60' title='bbox 2662 1552 2853 1605; x_wconf 91' lang='lat' dir='ltr'><strong>nunc</strong></span> <span class='ocrx_word' id='word_1_61' title='bbox 2904 1530 3002 1604; x_wconf 92' lang='lat' dir='ltr'><strong>ibi</strong></span> 
     </span>
     <span class='ocr_line' id='line_1_11' title="bbox 871 1648 3006 1747; baseline -0.001 -23"><span class='ocrx_word' id='word_1_62' title='bbox 871 1652 1328 1747; x_wconf 87' lang='lat' dir='ltr'><strong>exequutioni</strong></span> <span class='ocrx_word' id='word_1_63' title='bbox 1404 1652 1891 1725; x_wconf 79' lang='lat' dir='ltr'><strong>demandetur.</strong></span> <span class='ocrx_word' id='word_1_64' title='bbox 1947 1648 2097 1723; x_wconf 89' lang='lat' dir='ltr'><strong>Hac</strong></span> <span class='ocrx_word' id='word_1_65' title='bbox 2148 1648 2468 1745; x_wconf 83' lang='lat' dir='ltr'><strong>profecto</strong></span> <span class='ocrx_word' id='word_1_66' title='bbox 2534 1660 2777 1723; x_wconf 88' lang='lat' dir='ltr'><strong>mente</strong></span> <span class='ocrx_word' id='word_1_67' title='bbox 2828 1672 3006 1724; x_wconf 86' lang='lat' dir='ltr'><strong>con-</strong></span> 
     </span>
     <span class='ocr_line' id='line_1_12' title="bbox 873 1766 3007 1866; baseline -0.001 -24"><span class='ocrx_word' id='word_1_68' title='bbox 873 1770 1168 1865; x_wconf 91' lang='lat' dir='ltr'><strong>silioque</strong></span> <span class='ocrx_word' id='word_1_69' title='bbox 1220 1766 1363 1843; x_wconf 92' lang='lat' dir='ltr'><strong>Nos</strong></span> <span class='ocrx_word' id='word_1_70' title='bbox 1398 1770 1739 1866; x_wconf 81' lang='lat' dir='ltr'><strong>superiori</strong></span> <span class='ocrx_word' id='word_1_71' title='bbox 1766 1791 1953 1842; x_wconf 84' lang='lat' dir='ltr'><strong>anno</strong></span> <span class='ocrx_word' id='word_1_72' title='bbox 1980 1768 2314 1841; x_wconf 85' lang='lat' dir='ltr'><strong>iussimus</strong></span> <span class='ocrx_word' id='word_1_73' title='bbox 2346 1781 2491 1841; x_wconf 88' lang='lat' dir='ltr'><strong>tres</strong></span> <span class='ocrx_word' id='word_1_74' title='bbox 2528 1766 2682 1840; x_wconf 90' lang='lat' dir='ltr'><strong>illas</strong></span> <span class='ocrx_word' id='word_1_75' title='bbox 2716 1790 3007 1865; x_wconf 87' lang='lat' dir='ltr'><strong>peram-</strong></span> 
     </span>
     <span class='ocr_line' id='line_1_13' title="bbox 872 1886 3007 1985; baseline 0 -25"><span class='ocrx_word' id='word_1_76' title='bbox 872 1888 1025 1985; x_wconf 86' lang='lat' dir='ltr'><strong>plas</strong></span> <span class='ocrx_word' id='word_1_77' title='bbox 1078 1887 1509 1975; x_wconf 74' lang='lat' dir='ltr'><strong>ProvinciaS,</strong></span> <span class='ocrx_word' id='word_1_78' title='bbox 1563 1889 1860 1962; x_wconf 90' lang='lat' dir='ltr'><strong>alteram</strong></span> <span class='ocrx_word' id='word_1_79' title='bbox 1912 1888 2181 1963; x_wconf 85' lang='lat' dir='ltr'><strong>scilicet</strong></span> <span class='ocrx_word' id='word_1_80' title='bbox 2235 1910 2275 1960; x_wconf 90' lang='lat' dir='ltr'><strong>a</strong></span> <span class='ocrx_word' id='word_1_81' title='bbox 2326 1886 2588 1963; x_wconf 86' lang='lat' dir='ltr'><strong>Sancta</strong></span> <span class='ocrx_word' id='word_1_82' title='bbox 2640 1888 2811 1962; x_wconf 87' lang='lat' dir='ltr'><strong>Fide</strong></span> <span class='ocrx_word' id='word_1_83' title='bbox 2850 1940 2875 1976; x_wconf 87' lang='lat'><strong>,</strong></span> <span class='ocrx_word' id='word_1_84' title='bbox 2930 1900 3007 1961; x_wconf 86' lang='lat' dir='ltr'><strong>et</strong></span> 
     </span>
     <span class='ocr_line' id='line_1_14' title="bbox 877 2002 3010 2101; baseline 0.001 -25"><span class='ocrx_word' id='word_1_85' title='bbox 877 2005 1086 2077; x_wconf 86' lang='lat' dir='ltr'><strong>aliam</strong></span> <span class='ocrx_word' id='word_1_86' title='bbox 1141 2002 1541 2078; x_wconf 88' lang='lat' dir='ltr'><strong>Corrientes</strong></span> <span class='ocrx_word' id='word_1_87' title='bbox 1581 2057 1606 2093; x_wconf 85' lang='lat'>‚</span> <span class='ocrx_word' id='word_1_88' title='bbox 1686 2028 1766 2079; x_wconf 88' lang='lat' dir='ltr'><strong>ac</strong></span> <span class='ocrx_word' id='word_1_89' title='bbox 1818 2003 2163 2101; x_wconf 81' lang='lat' dir='ltr'><strong>reliquam</strong></span> <span class='ocrx_word' id='word_1_90' title='bbox 2212 2002 2579 2078; x_wconf 85' lang='lat' dir='ltr'><strong>Entrerios</strong></span> <span class='ocrx_word' id='word_1_91' title='bbox 2634 2004 3010 2079; x_wconf 80' lang='lat' dir='ltr'><strong>vernacule</strong></span> 
     </span>
     <span class='ocr_line' id='line_1_15' title="bbox 877 2117 3011 2219; baseline 0.001 -26"><span class='ocrx_word' id='word_1_92' title='bbox 877 2120 1018 2193; x_wconf 86' lang='lat' dir='ltr'><strong>illic</strong></span> <span class='ocrx_word' id='word_1_93' title='bbox 1067 2133 1505 2217; x_wconf 87' lang='lat' dir='ltr'><strong>nuncupatas</strong></span> <span class='ocrx_word' id='word_1_94' title='bbox 1558 2144 1599 2193; x_wconf 90' lang='lat' dir='ltr'><strong>a</strong></span> <span class='ocrx_word' id='word_1_95' title='bbox 1653 2121 2055 2195; x_wconf 83' lang='lat' dir='ltr'><strong>vastissima</strong></span> <span class='ocrx_word' id='word_1_96' title='bbox 2104 2120 2192 2193; x_wconf 88' lang='lat' dir='ltr'><strong>de</strong></span> <span class='ocrx_word' id='word_1_97' title='bbox 2262 2118 2543 2195; x_wconf 88' lang='lat' dir='ltr'><strong>Buenos</strong></span> <span class='ocrx_word' id='word_1_98' title='bbox 2599 2117 2818 2219; x_wconf 82' lang='lat' dir='ltr'><strong>Ayres</strong></span> <span class='ocrx_word' id='word_1_99' title='bbox 2880 2144 3011 2195; x_wconf 86' lang='lat' dir='ltr'><strong>seu</strong></span> 
     </span>
     <span class='ocr_line' id='line_1_16' title="bbox 875 2234 3015 2335; baseline 0.001 -26"><span class='ocrx_word' id='word_1_100' title='bbox 875 2236 1138 2309; x_wconf 90' lang='lat' dir='ltr'><strong>SSmae</strong></span> <span class='ocrx_word' id='word_1_101' title='bbox 1167 2237 1533 2311; x_wconf 78' lang='lat' dir='ltr'><strong>Trinitatis</strong></span> <span class='ocrx_word' id='word_1_102' title='bbox 1559 2234 1878 2313; x_wconf 83' lang='lat' dir='ltr'><strong>Dioecesi</strong></span> <span class='ocrx_word' id='word_1_103' title='bbox 1904 2236 2189 2332; x_wconf 84' lang='lat' dir='ltr'><strong>penitus</strong></span> <span class='ocrx_word' id='word_1_104' title='bbox 2216 2235 2735 2325; x_wconf 69' lang='lat' dir='ltr'><strong>dismembrati,</strong></span> <span class='ocrx_word' id='word_1_105' title='bbox 2764 2260 3015 2335; x_wconf 86' lang='lat' dir='ltr'><strong>quem-</strong></span> 
     </span>
     <span class='ocr_line' id='line_1_17' title="bbox 880 2352 3010 2451; baseline 0.002 -26"><span class='ocrx_word' id='word_1_106' title='bbox 880 2355 1258 2427; x_wconf 78' lang='lat' dir='ltr'><strong>admodum</strong></span> <span class='ocrx_word' id='word_1_107' title='bbox 1321 2380 1409 2429; x_wconf 86' lang='lat' dir='ltr'><strong>ex</strong></span> <span class='ocrx_word' id='word_1_108' title='bbox 1463 2356 1719 2430; x_wconf 89' lang='lat' dir='ltr'><strong>Nostra</strong></span> <span class='ocrx_word' id='word_1_109' title='bbox 1759 2408 1783 2442; x_wconf 89' lang='lat'>‚</span> <span class='ocrx_word' id='word_1_110' title='bbox 1846 2356 2205 2451; x_wconf 88' lang='lat' dir='ltr'><strong>ipsiusque</strong></span> <span class='ocrx_word' id='word_1_111' title='bbox 2285 2352 2729 2451; x_wconf 81' lang='lat' dir='ltr'><strong>Apostolicae</strong></span> <span class='ocrx_word' id='word_1_112' title='bbox 2808 2354 3010 2430; x_wconf 85' lang='lat' dir='ltr'><strong>Sedis</strong></span> 
     </span>
     <span class='ocr_line' id='line_1_18' title="bbox 881 2470 3017 2570; baseline 0.001 -27"><span class='ocrx_word' id='word_1_113' title='bbox 881 2473 1297 2546; x_wconf 87' lang='lat' dir='ltr'><strong>auctoritate</strong></span> <span class='ocrx_word' id='word_1_114' title='bbox 1349 2497 1479 2570; x_wconf 87' lang='lat' dir='ltr'><strong>per</strong></span> <span class='ocrx_word' id='word_1_115' title='bbox 1532 2473 2021 2548; x_wconf 72' lang='lat' dir='ltr'><strong>venerabilem</strong></span> <span class='ocrx_word' id='word_1_116' title='bbox 2074 2470 2397 2545; x_wconf 86' lang='lat' dir='ltr'><strong>Fratrem</strong></span> <span class='ocrx_word' id='word_1_117' title='bbox 2468 2470 2805 2547; x_wconf 85' lang='lat' dir='ltr'><strong>Nostrum</strong></span> <span class='ocrx_word' id='word_1_118' title='bbox 2860 2472 3017 2546; x_wconf 77' lang='lat' dir='ltr'><strong>Ma-</strong></span> 
     </span>
     <span class='ocr_line' id='line_1_19' title="bbox 880 2586 3013 2687; baseline 0.002 -27"><span class='ocrx_word' id='word_1_119' title='bbox 880 2590 1114 2661; x_wconf 85' lang='lat' dir='ltr'><strong>rinum</strong></span> <span class='ocrx_word' id='word_1_120' title='bbox 1142 2588 1388 2663; x_wconf 84' lang='lat' dir='ltr'><strong>Marini</strong></span> <span class='ocrx_word' id='word_1_121' title='bbox 1416 2590 2035 2687; x_wconf 79' lang='lat' dir='ltr'><strong>Archiepiscopum</strong></span> <span class='ocrx_word' id='word_1_122' title='bbox 2058 2586 2565 2661; x_wconf 86' lang='lat' dir='ltr'><strong>Palmirensem</strong></span> <span class='ocrx_word' id='word_1_123' title='bbox 2591 2590 2663 2661; x_wconf 90' lang='lat' dir='ltr'><strong>in</strong></span> <span class='ocrx_word' id='word_1_124' title='bbox 2690 2589 3013 2685; x_wconf 87' lang='lat' dir='ltr'><strong>partibus</strong></span> 
     </span>
     <span class='ocr_line' id='line_1_20' title="bbox 881 2698 3019 2806; baseline 0.003 -29"><span class='ocrx_word' id='word_1_125' title='bbox 881 2706 1290 2795; x_wconf 84' lang='lat' dir='ltr'><strong>infidelium,</strong></span> <span class='ocrx_word' id='word_1_126' title='bbox 1345 2732 1428 2783; x_wconf 86' lang='lat' dir='ltr'><strong>ac</strong></span> <span class='ocrx_word' id='word_1_127' title='bbox 1477 2732 1697 2806; x_wconf 84' lang='lat' dir='ltr'><strong>penes</strong></span> <span class='ocrx_word' id='word_1_128' title='bbox 1748 2710 2009 2783; x_wconf 85' lang='lat' dir='ltr'><strong>dietam</strong></span> <span class='ocrx_word' id='word_1_129' title='bbox 2070 2704 2653 2802; x_wconf 77' lang='lat' dir='ltr'><strong>Argentinensem</strong></span> <span class='ocrx_word' id='word_1_130' title='bbox 2708 2698 3019 2783; x_wconf 76' lang='lat' dir='ltr'><strong>Co‘nfoe-</strong></span> 
     </span>
     <span class='ocr_line' id='line_1_21' title="bbox 883 2822 3011 2922; baseline 0.001 -25"><span class='ocrx_word' id='word_1_131' title='bbox 883 2824 1322 2897; x_wconf 87' lang='lat' dir='ltr'><strong>derationem</strong></span> <span class='ocrx_word' id='word_1_132' title='bbox 1355 2823 1773 2922; x_wconf 80' lang='lat' dir='ltr'><strong>Delegatum</strong></span> <span class='ocrx_word' id='word_1_133' title='bbox 1812 2822 2291 2921; x_wconf 85' lang='lat' dir='ltr'><strong>Apostolicum</strong></span> <span class='ocrx_word' id='word_1_134' title='bbox 2330 2824 2471 2897; x_wconf 89' lang='lat' dir='ltr'><strong>iam</strong></span> <span class='ocrx_word' id='word_1_135' title='bbox 2508 2836 2746 2900; x_wconf 83' lang='lat' dir='ltr'><strong>actum</strong></span> <span class='ocrx_word' id='word_1_136' title='bbox 2791 2824 3011 2899; x_wconf 79' lang='lat' dir='ltr'><strong>fuisse</strong></span> 
     </span>
     <span class='ocr_line' id='line_1_22' title="bbox 881 2940 3019 3039; baseline 0.001 -24"><span class='ocrx_word' id='word_1_137' title='bbox 881 2952 1192 3031; x_wconf 58' lang='lat' dir='ltr'><strong>constan</strong></span> <span class='ocrx_word' id='word_1_138' title='bbox 1239 2944 1340 3015; x_wconf 88' lang='lat' dir='ltr'><strong>ita</strong></span> <span class='ocrx_word' id='word_1_139' title='bbox 1392 2954 1632 3017; x_wconf 87' lang='lat' dir='ltr'><strong>tamen</strong></span> <span class='ocrx_word' id='word_1_140' title='bbox 1684 2954 1769 3017; x_wconf 89' lang='lat' dir='ltr'><strong>ut</strong></span> <span class='ocrx_word' id='word_1_141' title='bbox 1819 2940 2199 3039; x_wconf 85' lang='lat' dir='ltr'><strong>spiritualis</strong></span> <span class='ocrx_word' id='word_1_142' title='bbox 2249 2942 2659 3015; x_wconf 87' lang='lat' dir='ltr'><strong>earumdem</strong></span> <span class='ocrx_word' id='word_1_143' title='bbox 2712 2940 3019 3017; x_wconf 84' lang='lat' dir='ltr'><strong>Provin-</strong></span> 
     </span>
     <span class='ocr_line' id='line_1_23' title="bbox 883 3058 3015 3155; baseline 0 -20"><span class='ocrx_word' id='word_1_144' title='bbox 883 3061 1154 3135; x_wconf 86' lang='lat' dir='ltr'><strong>ciarum</strong></span> <span class='ocrx_word' id='word_1_145' title='bbox 1206 3062 1725 3137; x_wconf 81' lang='lat' dir='ltr'><strong>administratio</strong></span> <span class='ocrx_word' id='word_1_146' title='bbox 1774 3063 1897 3136; x_wconf 91' lang='lat' dir='ltr'><strong>uni</strong></span> <span class='ocrx_word' id='word_1_147' title='bbox 1936 3058 2339 3155; x_wconf 86' lang='lat' dir='ltr'><strong>Apostolico</strong></span> <span class='ocrx_word' id='word_1_148' title='bbox 2374 3058 2651 3134; x_wconf 71' lang='lat' dir='ltr'><strong>vicario</strong></span> <span class='ocrx_word' id='word_1_149' title='bbox 2694 3062 2783 3135; x_wconf 83' lang='lat' dir='ltr'><strong>ad</strong></span> <span class='ocrx_word' id='word_1_150' title='bbox 2818 3063 3015 3135; x_wconf 89' lang='lat' dir='ltr'><strong>eius-</strong></span> 
     </span>
     <span class='ocr_line' id='line_1_24' title="bbox 881 3174 3013 3275; baseline 0 -26"><span class='ocrx_word' id='word_1_151' title='bbox 881 3176 1046 3249; x_wconf 91' lang='lat' dir='ltr'><strong>dem</strong></span> <span class='ocrx_word' id='word_1_152' title='bbox 1099 3174 1173 3249; x_wconf 90' lang='lat' dir='ltr'><strong>S.</strong></span> <span class='ocrx_word' id='word_1_153' title='bbox 1231 3175 1432 3251; x_wconf 83' lang='lat' dir='ltr'><strong>Sedis</strong></span> <span class='ocrx_word' id='word_1_154' title='bbox 1465 3178 1985 3275; x_wconf 87' lang='lat' dir='ltr'><strong>beneplacitum</strong></span> <span class='ocrx_word' id='word_1_155' title='bbox 2036 3184 2327 3271; x_wconf 87' lang='lat' dir='ltr'><strong>propter</strong></span> <span class='ocrx_word' id='word_1_156' title='bbox 2376 3174 2766 3250; x_wconf 82' lang='lat' dir='ltr'><strong>instantem</strong></span> <span class='ocrx_word' id='word_1_157' title='bbox 2821 3177 3013 3273; x_wconf 84' lang='lat' dir='ltr'><strong>ipsa-</strong></span> 
     </span>
     <span class='ocr_line' id='line_1_25' title="bbox 885 3292 3015 3392; baseline 0 -23"><span class='ocrx_word' id='word_1_158' title='bbox 885 3317 1046 3369; x_wconf 85' lang='lat' dir='ltr'><strong>rum</strong></span> <span class='ocrx_word' id='word_1_159' title='bbox 1099 3292 1628 3371; x_wconf 86' lang='lat' dir='ltr'><strong>Provinciarum</strong></span> <span class='ocrx_word' id='word_1_160' title='bbox 1670 3350 1695 3385; x_wconf 90' lang='lat'>,</span> <span class='ocrx_word' id='word_1_161' title='bbox 1748 3316 1929 3392; x_wconf 88' lang='lat' dir='ltr'><strong>quae</strong></span> <span class='ocrx_word' id='word_1_162' title='bbox 2000 3294 2087 3368; x_wconf 86' lang='lat' dir='ltr'><strong>ad</strong></span> <span class='ocrx_word' id='word_1_163' title='bbox 2118 3350 2121 3355; x_wconf 83' lang='lat'>-</span> <span class='ocrx_word' id='word_1_164' title='bbox 2148 3295 2678 3392; x_wconf 86' lang='lat' dir='ltr'><strong>quatuordecim</strong></span> <span class='ocrx_word' id='word_1_165' title='bbox 2742 3294 3015 3370; x_wconf 83' lang='lat' dir='ltr'><strong>Leuca-</strong></span> 
     </span>
     <span class='ocr_line' id='line_1_26' title="bbox 797 3395 3015 3510; baseline 0.001 -25"><span class='ocrx_word' id='word_1_166' title='bbox 797 3456 804 3463; x_wconf 91' lang='lat'><em>·</em></span> <span class='ocrx_word' id='word_1_167' title='bbox 883 3434 1044 3485; x_wconf 89' lang='lat' dir='ltr'><strong>rum</strong></span> <span class='ocrx_word' id='word_1_168' title='bbox 1095 3414 1600 3510; x_wconf 75' lang='lat' dir='ltr'><strong>quadraturam</strong></span> <span class='ocrx_word' id='word_1_169' title='bbox 1655 3415 1873 3488; x_wconf 87' lang='lat' dir='ltr'><strong>millia</strong></span> <span class='ocrx_word' id='word_1_170' title='bbox 1924 3436 2229 3509; x_wconf 87' lang='lat' dir='ltr'><strong>quacum</strong></span> <span class='ocrx_word' id='word_1_171' title='bbox 2278 3412 2421 3485; x_wconf 86' lang='lat' dir='ltr'><strong>late</strong></span> <span class='ocrx_word' id='word_1_172' title='bbox 2470 3395 2713 3508; x_wconf 76' lang='lat' dir='ltr'><strong>patere</strong></span> <span class='ocrx_word' id='word_1_173' title='bbox 2754 3464 2774 3499; x_wconf 89' lang='lat'><strong>,</strong></span> <span class='ocrx_word' id='word_1_174' title='bbox 2840 3412 3015 3487; x_wconf 84' lang='lat' dir='ltr'><strong>illo-—</strong></span> 
     </span>
     <span class='ocr_line' id='line_1_27' title="bbox 883 3528 3017 3628; baseline 0 -26"><span class='ocrx_word' id='word_1_175' title='bbox 883 3552 1188 3626; x_wconf 82' lang='lat' dir='ltr'><strong>rumque</strong></span> <span class='ocrx_word' id='word_1_176' title='bbox 1238 3530 1618 3605; x_wconf 85' lang='lat' dir='ltr'><strong>incolarum</strong></span> <span class='ocrx_word' id='word_1_177' title='bbox 1653 3584 1677 3618; x_wconf 88' lang='lat'>‚</span> <span class='ocrx_word' id='word_1_178' title='bbox 1730 3532 1852 3628; x_wconf 83' lang='lat' dir='ltr'><strong>qui</strong></span> <span class='ocrx_word' id='word_1_179' title='bbox 1902 3528 2303 3603; x_wconf 85' lang='lat' dir='ltr'><strong>biseentum</strong></span> <span class='ocrx_word' id='word_1_180' title='bbox 2359 3538 2519 3602; x_wconf 85' lang='lat' dir='ltr'><strong>octo</strong></span> <span class='ocrx_word' id='word_1_181' title='bbox 2570 3528 2789 3603; x_wconf 88' lang='lat' dir='ltr'><strong>millia</strong></span> <span class='ocrx_word' id='word_1_182' title='bbox 2838 3550 3017 3604; x_wconf 86' lang='lat' dir='ltr'><strong>con-</strong></span> 
     </span>
     <span class='ocr_line' id='line_1_28' title="bbox 883 3646 3017 3744; baseline 0.001 -22"><span class='ocrx_word' id='word_1_183' title='bbox 883 3650 1087 3724; x_wconf 86' lang='lat' dir='ltr'><strong>tinuo</strong></span> <span class='ocrx_word' id='word_1_184' title='bbox 1139 3648 1736 3725; x_wconf 74' lang='lat' dir='ltr'><strong>increbrescente-s</strong></span> <span class='ocrx_word' id='word_1_185' title='bbox 1788 3670 2153 3723; x_wconf 85' lang='lat' dir='ltr'><strong>recensere</strong></span> <span class='ocrx_word' id='word_1_186' title='bbox 2203 3646 2663 3744; x_wconf 89' lang='lat' dir='ltr'><strong>perhibentur</strong></span> <span class='ocrx_word' id='word_1_187' title='bbox 2691 3700 2714 3735; x_wconf 90' lang='lat'>‚</span> <span class='ocrx_word' id='word_1_188' title='bbox 2766 3670 3017 3724; x_wconf 58' lang='lat' dir='ltr'><strong>neces-</strong></span> 
     </span>
     <span class='ocr_line' id='line_1_29' title="bbox 886 3764 2415 3864; baseline -0.001 -24"><span class='ocrx_word' id='word_1_189' title='bbox 886 3770 1176 3842; x_wconf 87' lang='lat' dir='ltr'><strong>sitatem</strong></span> <span class='ocrx_word' id='word_1_190' title='bbox 1227 3768 1618 3864; x_wconf 80' lang='lat' dir='ltr'><strong>provisorie</strong></span> <span class='ocrx_word' id='word_1_191' title='bbox 1670 3768 2073 3843; x_wconf 83' lang='lat' dir='ltr'><strong>concredita</strong></span> <span class='ocrx_word' id='word_1_192' title='bbox 2124 3764 2415 3840; x_wconf 83' lang='lat' dir='ltr'><strong>fuerint.</strong></span> 
     </span>
    </p>

    <p class='ocr_par' dir='ltr' id='par_1_3' title="bbox 885 3884 3025 4340">
     <span class='ocr_line' id='line_1_30' title="bbox 1041 3884 3025 3986; baseline 0.001 -25"><span class='ocrx_word' id='word_1_193' title='bbox 1041 3886 1150 3961; x_wconf 85' lang='lat' dir='ltr'><strong>Ex</strong></span> <span class='ocrx_word' id='word_1_194' title='bbox 1191 3885 1447 3983; x_wconf 88' lang='lat' dir='ltr'><strong>quibus</strong></span> <span class='ocrx_word' id='word_1_195' title='bbox 1473 3910 1683 3983; x_wconf 86' lang='lat' dir='ltr'><strong>porro</strong></span> <span class='ocrx_word' id='word_1_196' title='bbox 1718 3888 2009 3986; x_wconf 80' lang='lat' dir='ltr'><strong>aliisquo</strong></span> <span class='ocrx_word' id='word_1_197' title='bbox 2045 3885 2377 3983; x_wconf 80' lang='lat' dir='ltr'><strong>gravibus</strong></span> <span class='ocrx_word' id='word_1_198' title='bbox 2412 3884 2801 3960; x_wconf 83' lang='lat' dir='ltr'><strong>rationibus</strong></span> <span class='ocrx_word' id='word_1_199' title='bbox 2830 3886 3025 3963; x_wconf 86' lang='lat' dir='ltr'><strong>ultro</strong></span> 
     </span>
     <span class='ocr_line' id='line_1_31' title="bbox 885 4004 3017 4105; baseline 0.002 -29"><span class='ocrx_word' id='word_1_200' title='bbox 885 4004 1110 4103; x_wconf 87' lang='lat' dir='ltr'><strong>liquet</strong></span> <span class='ocrx_word' id='word_1_201' title='bbox 1161 4007 1612 4103; x_wconf 80' lang='lat' dir='ltr'><strong>maximeque</strong></span> <span class='ocrx_word' id='word_1_202' title='bbox 1682 4019 1888 4105; x_wconf 83' lang='lat' dir='ltr'><strong>urget</strong></span> <span class='ocrx_word' id='word_1_203' title='bbox 1966 4005 2349 4080; x_wconf 83' lang='lat' dir='ltr'><strong>necessitas</strong></span> <span class='ocrx_word' id='word_1_204' title='bbox 2424 4019 3017 4104; x_wconf 85' lang='lat' dir='ltr'><strong>praeconceptum</strong></span> 
     </span>
     <span class='ocr_line' id='line_1_32' title="bbox 886 4121 3023 4229; baseline -0.001 -32"><span class='ocrx_word' id='word_1_205' title='bbox 886 4124 1197 4219; x_wconf 80' lang='lat' dir='ltr'><strong>erigendi</strong></span> <span class='ocrx_word' id='word_1_206' title='bbox 1249 4123 1703 4221; x_wconf 86' lang='lat' dir='ltr'><strong>Episcopium</strong></span> <span class='ocrx_word' id='word_1_207' title='bbox 1734 4178 1757 4213; x_wconf 91' lang='lat'>,</span> <span class='ocrx_word' id='word_1_208' title='bbox 1810 4148 1919 4213; x_wconf 88' lang='lat' dir='ltr'><strong>ac,</strong></span> <span class='ocrx_word' id='word_1_209' title='bbox 1972 4134 2056 4198; x_wconf 89' lang='lat' dir='ltr'><strong>ut</strong></span> <span class='ocrx_word' id='word_1_210' title='bbox 2105 4124 2257 4229; x_wconf 70' lang='lat' dir='ltr'><strong>eius</strong></span> <span class='ocrx_word' id='word_1_211' title='bbox 2310 4124 2381 4195; x_wconf 89' lang='lat' dir='ltr'><strong>in</strong></span> <span class='ocrx_word' id='word_1_212' title='bbox 2436 4134 2756 4219; x_wconf 87' lang='lat' dir='ltr'><strong>tempore</strong></span> <span class='ocrx_word' id='word_1_213' title='bbox 2808 4121 3023 4195; x_wconf 80' lang='lat' dir='ltr'><strong>Anti-</strong></span> 
     </span>
     <span class='ocr_line' id='line_1_33' title="bbox 886 4231 3023 4340; baseline 0.002 -29"><span class='ocrx_word' id='word_1_214' title='bbox 886 4250 1032 4313; x_wconf 87' lang='lat' dir='ltr'><strong>stes</strong></span> <span class='ocrx_word' id='word_1_215' title='bbox 1085 4240 1474 4336; x_wconf 85' lang='lat' dir='ltr'><strong>impensius</strong></span> <span class='ocrx_word' id='word_1_216' title='bbox 1529 4244 1920 4340; x_wconf 84' lang='lat' dir='ltr'><strong>meliusque</strong></span> <span class='ocrx_word' id='word_1_217' title='bbox 1972 4231 2233 4317; x_wconf 65' lang='lat' dir='ltr'><strong>navare</strong></span> <span class='ocrx_word' id='word_1_218' title='bbox 2256 4235 2499 4315; x_wconf 69' lang='lat' dir='ltr'><strong>&#39;valeat</strong></span> <span class='ocrx_word' id='word_1_219' title='bbox 2544 4240 3023 4339; x_wconf 86' lang='lat' dir='ltr'><strong>spiritualibus</strong></span> 
     </span>
    </p>
   </div>
  </div>
 </body>
</html>
