3317 5267
824 430 1070 626 ιῖῗιῗῐη,
1126 562 1211 614 ac
1248 538 1443 613 illum
1470 536 1728 609 latinae
1756 532 2112 609 Ecclesiae
2147 532 2700 629 amplectantur.
2749 532 2974 626 Quod

826 660 1113 758 quidem
1164 678 1379 755 quam
1434 654 1694 729 falsum
1745 652 1867 737 sit,
1923 660 1998 723 et
2031 673 2074 721 a
2114 650 2414 725 veritate
2451 652 2768 727 alienum
2795 656 2976 729 evi-

824 788 1243 865 dentissime
1294 786 1706 871 ostendunt,
1761 806 1846 857 ac
1900 792 2254 855 testantur
2319 793 2430 857 tot
2491 781 2976 861 Decessorum

828 910 1243 985 Nostrorum
1296 904 1860 993 constitutiones
1911 913 1986 975 et
2039 901 2486 998 Apostolicae
2525 898 2840 981 Litterae
2879 906 2980 979 ad

826 1027 1296 1102 ecclesiastica
1351 1022 1821 1099 Orientalium
1873 1020 2158 1117 negotia
2209 1033 2646 1117 spectantes,
2701 1023 2976 1121 quibus

828 1144 1043 1235 iidem
1097 1141 1685 1217 Praedecessores
1745 1136 1983 1213 Nostri
2047 1158 2192 1213 non
2255 1138 2492 1213 solum
2551 1138 2978 1216 constanter

826 1262 1297 1347 declararunt,
1356 1261 1425 1335 id
1478 1258 1609 1334 sibi
1665 1260 1738 1332 in
1793 1259 2034 1349 animo
2073 1276 2514 1353 numquuam
2555 1258 2800 1349 fuisse,
2837 1284 2978 1335 ve-

824 1400 983 1455 rum
1036 1380 1259 1453 etiam
1310 1376 1613 1474 professi
1667 1387 1862 1462 sunt,
1917 1397 1996 1447 se
2032 1374 2324 1449 omnino
2363 1375 2567 1463 velle,
2611 1389 2692 1452 ut
2715 1377 2980 1453 Orien-

828 1497 1075 1571 talium
1126 1495 1599 1571 Ecclesiarum
1654 1494 1858 1577 rituS,
1917 1492 1988 1563 in
2039 1512 2218 1587 quos
2281 1492 2514 1567 nullus
2574 1496 2760 1569 circa
2821 1519 2976 1569 ca·-

824 1614 1163 1690 tholicam
1214 1612 1453 1699 fldem,
1524 1610 1631 1683 vel
1677 1624 1991 1689 morum.
2045 1608 2492 1683 honestatem
2561 1610 2976 1709 irrepsisset

826 1752 1051 1818 error,
1100 1729 1273 1803 sal-ti
1326 1752 1408 1803 ac
1446 1727 1615 1801 tecti
1652 1724 2128 1799 haberentur.·
2150 1722 2422 1815 Quibus
2459 1730 2782 1825 repetitis
2820 1730 2976 1804 cla-

824 1848 1267 1945 rissimisque
1306 1846 1798 1922 -Decessorum
1872 1844 2290 1919 Nostrorum
2359 1846 2964 1925 declarationibus

764 1988 772 1993 ·
824 1968 1031 2065 plane
1096 1950 1529 2065 respondent
1600 1980 1754 2040 tum
1836 1976 2105 2052 vetera,
2161 1976 2316 2039 tum
2370 1968 2682 2041 recentia
2741 1966 2961 2055 facta,

824 2110 989 2163 cum
1026 2088 1161 2162 dici
1216 2108 1579 2185 nunquam
1632 2086 1884 2182 possit,
1923 2082 2106 2157 hanc
2151 2082 2624 2179 Apostolicam
2663 2086 2952 2174 Sedem,

826 2206 935 2280 vel
1006 2228 1363 2281 sacrorum
1444 2204 1926 2289 Antistitibus,
2003 2203 2114 2279 vel
2186 2203 2677 2279 ecciesiasticis
2753 2207 2947 2291 viria,

821 2324 935 2397 vel
986 2323 1263 2420 populis
1315 2321 1792 2397 Orientalibus
1845 2322 1932 2395 ad
1985 2321 2404 2396 catholicam
2445 2324 2796 2398 unitatem
2831 2349 2951 2399 re-

821 2442 1043 2515 versis
1097 2444 1560 2539 praecepisse,
1616 2453 1701 2515 ut
1751 2462 1958 2516 suum
2015 2440 2412 2535 legitimum
2465 2444 2686 2516 ritum
2724 2456 2960 2519 muta·
3017 2439 3026 2447 ’

820 2573 1007 2632 rent.
1092 2556 1325 2657 Atque
1394 2560 1726 2632 universa
1817 2555 2598 2655 constantinopolitana
2685 2562 2941 2637 civitas

824 2698 1051 2772 nuper
1100 2675 1303 2762 vidit,
1360 2676 1722 2771 quomodo
1781 2671 2214 2755 Venerabilis
2275 2672 2560 2749 Fratrer
2619 2676 2954 2753 Meletius

823 2792 1411 2890 Archiepiscopus
1476 2792 1912 2880 Dramensis,
1978 2792 2096 2890 qui
2161 2814 2325 2867 cum
2387 2814 2669 2868 summa
2731 2798 2952 2871 animi

816 2912 1055 2987 Nostri
1106 2914 1613 2999 consolatione,
1671 2924 1746 2987 et
1795 2913 2118 2987 omnium
2171 2911 2522 2988 bonorum
2576 2914 2830 3011 gaudio
2861 2916 2956 2989 ad

822 3030 1211 3105 catholicae
1276 3030 1633 3105 Ecclesiae
1697 3032 2044 3128 gremium
2117 3030 2350 3117 rediit,
2427 3032 2714 3129 proprio
2779 3033 2953 3119 ritu,

818 3172 899 3222 ac
952 3148 1385 3223 solemnibus
1438 3150 1897 3223 caeremoniis
1950 3160 2026 3221 et
2084 3170 2346 3245 pompa
2409 3172 2561 3222 rem
2621 3150 2940 3224 divinam

817 3286 1075 3361 magna
1128 3264 1364 3361 populi
1419 3263 1816 3361 frequentia
1869 3266 2242 3363 peregerit.
2301 3264 2577 3363 ltaque,
2639 3266 2952 3341 Venera-

813 3382 993 3457 biles
1046 3382 1361 3470 Fratres,
1420 3406 1545 3479 pro
1594 3385 1856 3457 eximia
1912 3396 2151 3457 vestra
2203 3384 2585 3481 episcopali
2623 3386 2954 3461 sollicitu-

816 3502 981 3575 dine
1030 3524 1121 3575 ne
1174 3502 1513 3576 desinatis
1568 3513 1961 3575 vestrarum
2001 3496 2448 3575 Dioecesium
2489 3500 2694 3578 Clero
2730 3504 2950 3576 etiam

810 3626 1025 3713 atque
1078 3616 1294 3689 etiam
1347 3614 1731 3704 inculcare,
1773 3626 1854 3689 ut
1891 3617 2314 3714 opportunis
2349 3617 2750 3717 quibusque
2787 3642 2948 3694 mo-

811 3735 919 3807 dis
991 3736 1321 3830 detegere
1392 3757 1473 3807 ac
1545 3732 1869 3809 refellere
1944 3736 2232 3810 studeat
2295 3736 2750 3825 calumniam,
2805 3761 2946 3835 qua

810 3852 1139 3926 malevoli
1200 3850 1524 3925 homines
1592 3851 2083 3947 imperitorum
2147 3854 2419 3928 animos
2484 3855 2556 3927 in
2629 3878 2942 3931 errorem

812 3972 1167 4059 inducere,
1224 3981 1299 4044 et
1351 3970 1684 4045 invidiam
1751 3972 2133 4071 odiumque
2197 3984 2442 4047 contra
2501 3972 2684 4049 hanc
2747 3971 2942 4071 Apo-

808 4088 1129 4164 stolicam
1184 4088 1439 4163 Sedem
1492 4090 1805 4164 excitare
1856 4104 2226 4166 conantur.

962 4206 1104 4281 Nos
1160 4230 1366 4302 porro
1404 4228 1567 4282 cum
1608 4209 1676 4280 in
1715 4208 1848 4284 hac
1889 4208 2080 4285 Petri
2123 4208 2474 4283 Cathedra
2511 4232 2768 4286 arcano
2819 4210 2930 4283 di-
