3317 5267
889 424 1038 496 238
1476 527 1733 621 1>le
1791 524 2401 619 EPISCOPVS

1583 900 1803 948 SERVVS
1842 898 2147 948 SERVORVM
2187 897 2287 944 nul

1913 1110 1988 1157 An

851 1294 1346 1387 Ancstsnscor'vu
1389 1332 1632 1382 oosuvu
1672 1328 1937 1378 tostum:
1980 1320 2433 1373 cnsrsosrom
2476 1303 2759 1371 n'uonut
2798 1325 3039 1373 assu.

1621 1677 2007 1725 nummus
2048 1678 2259 1726 ruma

1283 1758 1542 1808 snam!
1583 1758 1653 1805 m·
1694 1757 2089 1806 ssosromcu
2127 1752 2595 1807 numerium!

879 1976 1058 2139 Ad
1111 2062 1498 2157 reparanda
1547 2060 1834 2149 damna,
1874 2082 2053 2157 quae
2086 2059 2297 2158 longo
2348 2060 2491 2133 iam
2544 2068 2871 2156 tempore
2925 2061 3001 2133 in

875 2178 1236 2257 lndiarum
1285 2176 1755 2255 Orientalium
1807 2176 2140 2253 Ecclesiis
2192 2198 2282 2250 ex
2330 2175 2633 2251 dissidiis
2694 2198 2779 2251 ac
2830 2199 2999 2273 per-

875 2295 1400 2373 turbationibus
1451 2296 1592 2373 illic
1642 2298 1910 2372 exortis
1964 2294 2431 2384 obvenerunt,
2486 2305 2703 2392 atque
2740 2295 2829 2369 ad
2866 2318 2999 2392 pa-

877 2436 1036 2490 cem
1063 2412 1464 2489 Christiano
1500 2414 1697 2511 gregi
1734 2410 1905 2486 inibi
1940 2412 2369 2487 reddendam
2395 2436 2521 2510 pro
2554 2412 2783 2487 nostri
2818 2408 3005 2507 Apo-

877 2530 1178 2609 stolatus
1229 2530 1456 2607 officio
1510 2530 1791 2606 assidua
1835 2530 2063 2607 studia
2116 2550 2461 2627 curasque
2512 2552 2765 2605 omnes
2816 2530 3002 2603 iam-

874 2651 1150 2749 pridem
1201 2649 1656 2726 contulimus.
1714 2646 1979 2726 Notum
2032 2650 2225 2723 enim
2280 2670 2447 2725 vero
2502 2661 2999 2745 perspectum-

875 2790 1016 2868 que
1053 2766 1213 2843 Tibi
1263 2778 1402 2857 est,
1441 2762 1879 2843 Venerabilis
1914 2766 2189 2858 Frater,
2226 2769 2301 2843 in
2338 2766 2591 2841 iisdem
2627 2765 2992 2853 Ecclesiis‚

875 2906 1054 2984 quae
1107 2908 1149 2959 a
1203 2882 1362 2959 RR.
1420 2881 1559 2959 ΡΡ.
1615 2882 2117 2961 Decessoribus
2164 2884 2468 2972 Nostris,
2508 2896 2724 2981 atque
2774 2881 2997 2957 etiam

875 3026 916 3077 a
969 3000 1186 3079 Nobis
1251 2998 1689 3077 vicariorum
1757 3000 2325 3099 Apostolicorum
2386 3022 2597 3075 curae
2658 3022 2741 3074 ac
2790 2999 2999 3096 regi—

873 3119 1076 3211 mini,
1131 3118 1226 3197 ob
1275 3120 1813 3196 conditionem·
1793 3144 1867 3195 m
1902 3144 2045 3219 qua
2090 3118 2556 3197 versabantur
2604 3120 3001 3218 provisor-ia

873 3239 1146 3317 ratione
1195 3238 1636 3315 concreditae
1688 3237 1968 3313 fiterant
2007 3292 2027 3326 ,
2084 3238 2236 3314 loca
2298 3238 2495 3313 varia
2555 3248 2802 3312 extare
2842 3290 2866 3325 ‚
2920 3238 2995 3311 in

871 3355 1128 3453 quibus
1153 3357 1606 3433 ecclesiastici
1638 3357 1767 3431 viri
1792 3378 1989 3431 sacra
2017 3355 2407 3431 ministeria
2432 3358 2521 3431 ad
2550 3356 2735 3431 hanc
2768 3380 2997 3455 usque

873 3472 1062 3549 diem
1115 3486 1478 3562 exercent,
1513 3476 1687 3573 quin
1740 3496 2054 3573 unquam
2092 3475 2468 3571 praedictis
2507 3472 2801 3550 vicariis
2834 3498 2995 3549 sese

869 3588 1296 3667 subiecerint
1325 3644 1346 3681 ,
1399 3616 1628 3691 neque
1682 3594 2239 3670 iurisdictionem
2292 3593 2385 3667 ab
2434 3594 2607 3693 ipsis
2626 3646 2647 3682 ‚
2706 3594 2811 3668 uti
2864 3616 2995 3691 par

871 3719 1050 3795 erat,
1106 3707 1564 3784 obtinuerint.
1603 3706 1783 3785 Huic
1820 3720 2021 3787 tanto
2056 3710 2243 3787 malo
2294 3712 2689 3785 remedium
2740 3708 2991 3785 afferre

867 3828 1238 3924 cupientes
1287 3848 1507 3923 penes
1559 3824 2027 3903 Carissimum
2066 3830 2141 3901 in
2202 3826 2484 3904 Christo
2524 3826 2785 3903 Filium
2842 3824 2991 3901 No-

865 3958 1098 4019 strum
1149 3940 1616 4042 Portugalliae
1651 3956 1867 4043 atque
1906 3944 2395 4043 Algarbiorum
2447 3945 2720 4044 Regem
2776 3944 2985 4021 Fide-

860 4060 1210 4135 lissimum
1264 4060 1518 4137 iterato
1567 4072 1785 4159 atque
1838 4074 2171 4161 urgenter
2220 4062 2639 4154 institimus,
2690 4072 2773 4137 ut
2820 4062 2985 4135 finis

861 4175 1262 4255 huiusmodi
1311 4178 1961 4276 perturbationibus
2010 4183 2497 4280 imponeretur
2532 4234 2555 4271 ‚
2622 4193 2697 4255 et
2746 4181 2985 4279 aliqua
