3317 5267
2304 450 2392 520 59

263 588 484 667 quem
563 565 1168 664 opportuniorem,
1245 570 1458 657 atque
1510 560 2061 637 commodiorem
2114 584 2269 637 esse
2320 564 2395 637 in

268 683 579 762 Domino
630 682 987 758 iudicabit.

422 802 796 877 Praeterea
822 814 906 875 ut
975 798 1144 873 novi
1169 796 1640 893 Episcopatus
1695 795 2201 899 Pastopolitani
2238 824 2397 875 ere-

267 924 412 997 ctio
451 920 672 1018 probe
697 918 847 1004 fiat,
887 917 1178 1012 eiusque
1215 914 1683 989 incolumitati
1714 928 1926 1013 atque
1956 918 2393 997 incremento

263 1038 794 1135 provideamuS,
849 1042 1081 1105 ratam
1160 1031 1584 1128 penitusque
1635 1044 1999 1129 acceptam
2052 1035 2395 1112 habemus

265 1155 722 1251 sponsionem
753 1148 906 1247 jam
938 1146 1030 1222 ab
1055 1150 1211 1245 ipso
1244 1145 1624 1243 Municipio
1676 1147 2201 1247 Pastopolitano
2250 1152 2399 1229 No-

265 1273 380 1347 bis
407 1272 696 1360 factam,
745 1291 887 1366 qua
921 1268 1112 1341 ultro
1150 1278 1544 1362 sponteque
1594 1269 1946 1363 promisit,
1978 1294 2055 1345 se
2106 1294 2189 1345 ea
2240 1296 2401 1347 om-

271 1392 392 1465 nia
443 1390 977 1488 praestiturum,
1033 1408 1214 1483 quae
1293 1396 1622 1480 oportere
1672 1386 1906 1461 solent
1956 1390 2044 1462 ad
2094 1393 2400 1488 quemli-

269 1508 398 1583 bet
447 1507 958 1605 Episcopatum
995 1504 1280 1578 noviter
1331 1502 1907 1591 constituendum
1954 1506 2159 1604 juxta
2203 1518 2401 1583 cete-

268 1648 510 1701 rarum
550 1629 621 1698 in
659 1625 793 1698 illis
823 1622 1262 1719 Regionibus
1289 1620 1767 1694 Ecclesiarum
1798 1644 2147 1713 normam,
2178 1648 2400 1723 eaque

273 1745 511 1820 omnia
531 1742 846 1817 maxima
864 1740 1222 1837 diligentia
1247 1748 1323 1811 et
1349 1738 1814 1813 sollicitudine
1837 1762 1993 1815 esse
2014 1742 2392 1817 facturum.

427 1863 702 1937 Interea
756 1872 996 1933 tamen
1073 1858 1440 1953 temporiS‚
1497 1857 1721 1930 donec
1771 1858 2171 1933 dotationes
2224 1862 2401 1935 istae

271 1985 348 2057 in
399 1982 604 2055 bonis
633 1977 1002 2053 stabilibus
1027 1972 1438 2056 fundentur,
1481 1974 1723 2046 hahita
1758 1976 2213 2071 peculiarium
2265 1978 2404 2051 cir-

276 2098 867 2173 cumstantiarum
917 2093 1218 2179 ratione,
1249 2089 1722 2187 indulgemuS,
1779 2103 1993 2189 atque
2046 2096 2403 2189 permitti-

271 2236 464 2302 mus,
503 2224 584 2287 ut
609 2214 799 2309 ipsae
852 2210 1064 2283 modo
1097 2208 1168 2281 in
1205 2206 1719 2281 Ecclesiasticis
1748 2208 2178 2284 decimarum
2234 2234 2401 2309 pro-

275 2329 610 2404 ventibus
661 2328 1212 2403 constituantur.
1245 2325 1320 2399 Si
1373 2346 1569 2412 vero,
1599 2326 1787 2420 quod
1816 2322 2005 2400 Deus
2029 2351 2173 2403 non
2198 2328 2401 2418 faxit,

273 2448 631 2535 acciderit,
662 2457 744 2520 ut
767 2446 843 2518 hi
870 2444 1184 2519 redditus
1214 2442 1586 2539 aliquando
1611 2443 1962 2533 deficiant,
1993 2450 2403 2523 eorumdem

277 2564 856 2641 christifidelium
917 2562 1066 2636 zelo
1119 2572 1194 2634 et
1233 2560 1579 2657 Religioni
1609 2564 2099 2661 maximopere
2139 2566 2407 2641 intere-

277 2686 377 2759 rit
425 2707 650 2781 usque
701 2683 788 2757 ad
840 2682 1443 2779 opportunitatem
1495 2681 1847 2776 supplere.
1908 2682 2132 2780 Super
2182 2708 2405 2782 prae-

275 2803 443 2879 fatis
493 2814 734 2877 autem
785 2802 1214 2875 decimarum
1294 2798 1755 2895 proventibus
1808 2809 1963 2874 tum
2015 2802 2406 2901 Episcopa-

278 2922 368 2995 lis
419 2918 728 3006 Mensae,
767 2930 923 2992 tum
977 2916 1414 2990 Cathedralis
1466 2913 1772 3012 Capituli
1828 2918 2118 3018 ejusque
2171 2920 2409 2994 Fabri-

148 3023 161 3044 *
279 3064 430 3128 cae,
470 3051 624 3114 tum
662 3036 1071 3113 Dioecesani
1125 3034 1522 3124 Seminarii,
1578 3036 1938 3133 divinique
1990 3041 2221 3115 cultus
2272 3064 2403 3115 re—

277 3158 598 3255 spectiva
645 3156 914 3230 dotatio
965 3164 1344 3241 statuatur,
1377 3164 1588 3248 prout
1621 3176 1711 3227 ex
1762 3156 2178 3230 eorumdem
2224 3158 2403 3231 red—

279 3276 560 3350 dituum
611 3273 953 3349 divisione
979 3274 1442 3371 opportunius
1497 3271 1586 3344 ab
1640 3270 2097 3371 Exequutore
2151 3275 2406 3352 Nostro

273 3392 728 3489 judicabitur.

335 3490 344 3498 ’
440 3506 1041 3605 Pastopolitanam
1096 3504 1491 3613 Dioecesim
1543 3508 1616 3579 in
1668 3506 2193 3606 Suffraganeam
2246 3538 2407 3589 con-

281 3628 648 3702 stituimus
701 3624 1056 3702 Ecclesiae
1107 3627 1410 3701 Sanctae
1439 3624 1630 3701 Fidei
1665 3628 1753 3701 de
1782 3626 2075 3726 Bogota,
2116 3634 2404 3731 eiusque

285 3742 832 3840 Archiepiscopo
883 3744 1396 3840 metropolitico
1449 3744 1598 3817 iure
1633 3744 2041 3821 subiicimus
2080 3750 2407 3825 omnibus

283 3873 364 3937 et
412 3861 708 3959 singulis
760 3860 1156 3959 quibusque
1209 3860 1500 3948 iuribus,
1530 3859 1939 3951 honoribus,
1971 3868 2407 3963 praerogati-

285 3979 422 4063 vis,
453 3976 722 4074 gratiis,
780 3976 1093 4066 indultis,
1135 3978 1542 4074 privilegiis,
1581 3980 1991 4077 cunctisque
2044 3982 2195 4055 aliis
2248 4006 2407 4058 om-

282 4096 492 4170 nibus
543 4094 941 4184 fruituram,
997 4120 1182 4194 quae
1235 4098 1504 4194 pariter
1555 4108 1831 4171 ceterae
1902 4098 2088 4174 illius
2140 4100 2405 4177 Metro-

283 4212 580 4313 politani
636 4210 1292 4310 Archiepiscopatus
1347 4212 1705 4289 Ecclesiae
1764 4214 2269 4314 suffraganeae,
2326 4240 2407 4294 ac
