3317 5267
2289 433 2421 504 521

454 547 518 639 §.
579 552 648 620 8.
707 544 878 621 Post
956 547 1464 645 quinquaginta
1517 557 1592 620 et
1645 548 1943 645 amplius
1998 571 2221 624 annos
2253 600 2273 636 ‚
2342 571 2427 624 eo

295 677 556 760 nempe
609 675 976 758 reparatae
1029 665 1274 738 salutis
1327 661 1806 750 MDCLxxx,
1872 689 2083 742 causa
2133 689 2173 740 a
2226 689 2425 740 sacra

295 779 568 853 rituum
603 780 1142 877 congregatione
1183 791 1624 875 reassumpta
1666 793 1801 868 est,
1842 793 1915 855 et
1960 783 2139 878 juris
2175 784 2419 857 ordine

297 907 582 969 servato
625 894 922 970 feliciter
969 909 1285 993 peracta,
1327 896 1865 992 diligentissime
1901 899 2228 994 perlectis
2260 923 2429 995 per-

296 1015 678 1112 pensisque
730 1015 1024 1112 singulis
1083 1015 1498 1090 venerahilis
1549 1015 1749 1089 Servi
1803 1015 1929 1090 Dei
1982 1019 2288 1114 scriptis,
2344 1041 2431 1094 eo

299 1133 390 1206 de
443 1133 660 1206 animi
713 1134 1222 1230 tranquillitate
1277 1145 1604 1230 excepto,
1662 1135 1848 1230 quod
1902 1137 2197 1210 inveniri
2268 1136 2431 1209 nul-

299 1250 580 1324 latenus
616 1253 872 1348 potuit,
915 1263 1338 1350 maturoque
1367 1253 1630 1348 judicio
1674 1251 2055 1328 virtutibus
2094 1255 2163 1326 in
2210 1255 2431 1350 gradu

299 1367 585 1443 heroico
621 1369 1161 1457 animadversis,
1192 1367 1280 1442 lv
1313 1369 1476 1444 Idus
1505 1371 1743 1465 aprilis
1776 1395 1967 1446 anno
1991 1369 2301 1445 MDCCX
2314 1369 2431 1443 Lu
2548 1439 2555 1444 .

296 1483 720 1565 Benedictus
793 1483 955 1558 XIV
1011 1485 1504 1582 praedecessor
1567 1485 1825 1560 Noster
1876 1489 1965 1560 de
2046 1488 2431 1561 virtutibus

298 1601 926 1699 theologalibus-et
977 1603 1464 1690 cardinalibuS‚
1507 1604 1735 1700 iisque
1772 1607 2063 1680 adnexis
2100 1607 2169 1677 in
2208 1607 2429 1702 gradu

297 1722 580 1796 heroico
631 1733 962 1797 constare
1017 1723 1354 1798 decrevit.

457 1841 522 1936 §.
585 1847 654 1913 9.
705 1841 905 1916 Haud
967 1842 1166 1915 brevi
1223 1853 1542 1937 tempore
1579 1843 1845 1939 elapso,
1884 1842 1975 1914 ΠΙ
2032 1841 2187 1916 Kal.
2227 1855 2453 1917 octo-·

291 1959 440 2032 bris
492 1982 678 2034 anno
729 1957 1357 2046 MDCGLXXVHI,
1413 1957 1582 2033 Pius
1636 1958 1730 2033 VI
1788 1963 1957 2033 item
2014 1963 2428 2056 praedeces-

292 2101 412 2152 sor
447 2077 702 2152 Noster
737 2079 959 2150 edixit
1011 2091 1334 2179 constare
1369 2078 1448 2148 in
1501 2079 1710 2150 tertio
1762 2101 2017 2175 qenere
2052 2078 2141 2151 de
2188 2079 2429 2176 primo

293 2191 642 2266 miraculo
677 2195 1199 2279 instantaneae‚
1231 2195 1689 2294 inteqraeque
1715 2195 2111 2268 sanationis
2149 2196 2427 2270 Mariae

291 2309 534 2408 Eqidii
591 2309 708 2386 Gil
759 2335 804 2382 a
856 2326 1132 2384 tumore
1209 2333 1583 2384 canceroso
1634 2313 1709 2384 in
1764 2313 2091 2386 mamilla
2122 2365 2142 2400 ,
2201 2337 2284 2388 ac
2336 2313 2423 2386 de

289 2427 589 2501 secundo
637 2431 1054 2526 repentinae
1103 2430 1596 2529 perfectaeque
1647 2432 2041 2502 curationis
2082 2429 2423 2528 Alphonsi

301 2543 536 2620 Ottero
593 2543 885 2620 Grassal
937 2547 1022 2619 ab
1075 2545 1358 2618 humeri
1410 2547 1767 2644 fractura,
1824 2559 2123 2645 tutoque
2176 2547 2427 2622 decia-

290 2663 474 2734 ravit
507 2665 694 2738 idem
737 2661 1066 2736 Pontifex
1105 2661 1272 2736 Pius
1313 2661 1406 2734 vl
1449 2662 1681 2736 idibus
1735 2663 2059 2739 decemb.
2102 2663 2419 2761 ejusdem

294 2780 454 2852 anni
509 2783 787 2878 procedi
845 2805 1048 2877 posse
1097 2781 1184 2854 ad
1251 2781 1675 2855 venerabilis
1728 2781 1925 2854 Servi
1982 2781 2109 2855 Dei
2146 2779 2423 2855 beatifi-

288 2901 638 2973 cationem
670 2952 690 2988 ‚
747 2899 836 2972 ab
888 2903 1138 2974 eodem
1193 2913 1553 2996 peractam
1611 2899 1683 2970 in
1752 2900 2073 2972 vaticana
2137 2899 2421 2972 basilica

297 3013 386 3088 vl
439 3039 662 3090 nonas
717 3017 886 3112 maji
939 3039 1126 3090 anno
1179 3011 1745 3088 MDCCLXXIX.

442 3135 506 3230 §.
572 3139 664 3208 10
717 3133 899 3208 Cum
953 3147 1192 3208 autem
1248 3134 1498 3208 beatus
1551 3131 1845 3206 Michael
1889 3133 2091 3206 novis
2143 3129 2422 3207 claruis-

291 3264 399 3326 set
450 3253 784 3350 prodigiis
813 3305 834 3335 ‚
884 3254 1280 3350 dignusque
1334 3251 1582 3347 majori
1638 3251 1905 3325 honore
1957 3264 2367 3326 censeretur
2395 3307 2416 3340 ‚

288 3369 426 3446 duo
461 3395 502 3442 a
555 3393 753 3444 sacra
805 3371 1071 3444 rituum
1105 3370 1650 3466 congregatione
1702 3369 1888 3441 inter
1939 3377 2195 3454 cetera,
2238 3393 2417 3467 quae

289 3485 756 3560 afferebantur
781 3488 866 3560 ad
905 3489 1252 3560 trutinam
1281 3486 1555 3559 delecta
1581 3497 1751 3559 sunt
1787 3485 2127 3582 prodigia.
2158 3485 2420 3561 Evenit

290 3605 598 3702 primum
651 3604 784 3678 suh
835 3605 1116 3677 initium
1191 3605 1456 3676 mensis
1509 3603 1677 3699 maji
1734 3626 1849 3674 an.
1908 3599 2417 3677 MDCCLXXX

289 3741 450 3792 cum
523 3717 874 3792 Granatae
955 3719 1022 3790 in
1080 3717 1372 3792 ecclesia
1453 3717 1753 3790 fratrum
1836 3717 2414 3792 discalceatorum

288 3835 548 3908 ordinis
599 3835 1136 3930 augustissimae
1193 3831 1574 3906 Trinitatis
1627 3835 1969 3908 solemnia
2042 3847 2417 3930 agerentur

287 3953 376 4026 ob
423 3953 758 4027 caelitum
811 3953 1116 4028 honores
1166 3950 1379 4026 beato
1431 3951 1751 4026 Michaeli
1806 3953 2145 4026 redditos,
2188 3951 2417 4024 Fran-

285 4068 466 4146 cisca
543 4067 1267 4166 Navarretess-y-Sanz
1364 4067 1689 4166 Hyacinti
1773 4065 2297 4166 Miras-y-Cola
2308 4068 2413 4141 faz

281 4185 730 4264 chiromedici
785 4210 963 4261 uxor
1040 4196 1370 4283 quartum
1415 4197 1488 4260 et
1558 4187 2079 4284 sexagesimum
2158 4187 2411 4260 aetatis
