3317 5267
853 407 995 476 698

839 529 1254 618 opportuno.
1293 515 1450 606 Quo
1485 517 1671 591 circa
1705 519 2023 592 omnium
2050 513 2359 591 fidelium
2396 515 2739 612 pietatem
2772 515 2969 590 exci-

837 647 990 708 tare
1025 633 1616 721 existimavimus,
1655 645 1745 707 ut
1792 657 1935 708 una
1990 632 2373 708 Nobiscum
2416 631 2777 730 Vobisque
2826 633 2973 706 cle-
3066 629 3075 634 ’

840 751 1368 824 meritissimum
1420 750 1770 824 luminum
1836 763 1913 824 et
1964 751 2599 826 misericordiarum
2680 747 2977 824 Patrem

838 869 1377 944 ferventissimis
1432 869 1987 968 humillimisque
2036 869 2363 966 precibus
2414 870 2569 944 sine
2604 870 2980 943 intermis-

845 987 1042 1062 sione
1095 996 1324 1072 orent,
1379 998 1456 1058 et
1507 985 1911 1073 obsecrent,
1964 978 2042 1058 et
2092 985 2534 1080 plenitudine
2566 986 2729 1062 fidei
2778 1007 2983 1059 sem-

843 1125 972 1200 per
995 1100 1404 1196 confugiant
1429 1103 1517 1175 ad
1547 1101 1933 1176 Dominum
1960 1117 2289 1176 nostrum
2318 1101 2551 1176 lesum
2580 1100 2976 1190 Christum,

845 1223 968 1318 qui
1019 1221 1322 1294 redemit
1370 1245 1498 1295 nos
1551 1219 1701 1296 Deo
1748 1223 1817 1294 in
1872 1221 2213 1318 sanguine
2266 1243 2423 1308 suo,
2464 1221 2776 1318 Eiusque
2828 1221 2983 1294 dul-

845 1337 1211 1412 cissimum
1263 1335 1422 1411 Cor·
1449 1336 2039 1434 flagrantissimae
2090 1359 2255 1434 erga
2308 1359 2439 1411 nos
2502 1338 2821 1411 caritatis
2862 1337 2979 1409 vi·

846 1459 1140 1532 etimam
1177 1457 1388 1530 enixe
1423 1457 1817 1554 iugiter-que
1868 1467 2194 1543 exorent,
2234 1467 2317 1530 ut
2354 1458 2617 1532 amoris
2662 1456 2773 1530 sui
2828 1455 2985 1528 vin-

849 1573 1022 1650 culis
1051 1575 1286 1649 omnia
1321 1575 1408 1648 ad
1445 1571 1759 1670 seipsum
1804 1573 2067 1660 trahat,
2108 1587 2333 1670 utque
2366 1595 2619 1648 omnes
2650 1572 2981 1648 homines

847 1691 1298 1766 sanctissimo
1375 1715 1504 1766 suo
1555 1713 1799 1766 amore
1874 1689 2297 1766 inflammati
2372 1691 2759 1765 secundum
2840 1687 2985 1764 Cor

848 1807 1024 1883 Eius
1075 1808 1464 1896 ambulent,
1529 1810 1736 1905 digne
1791 1807 1941 1884 Deo
1992 1832 2120 1906 per
2168 1809 2409 1884 omnia
2460 1809 2850 1906 placentes,
2908 1809 2985 1880 in

819 1928 1047 2009 ,omni
1119 1928 1308 2003 bono
1360 1951 1571 2024 opere
1649 1926 2181 2002 fructificantes.
2246 1927 2428 2002 Cum
2506 1939 2751 2000 autem
2826 1928 2985 2001 sine

850 2043 1064 2119 dubio
1117 2045 1458 2141 gratiores
1491 2045 1639 2119 sint
1691 2043 1841 2119 Deo
1876 2045 2244 2120 hominum
2298 2067 2571 2142 preceS,
2610 2045 2671 2118 si
2724 2045 2985 2119 animis

853 2165 942 2237 ab
995 2166 1189 2238 omni
1241 2164 1398 2239 labe
1451 2166 1644 2262 puris
1698 2165 1786 2238 ad
1838 2165 2071 2262 ipsum
2124 2166 2490 2252 accedant,
2532 2165 2785 2240 iccirco
2818 2185 2985 2238 cae-

851 2282 1066 2356 lestes
1101 2281 1457 2357 Ecclesiae
1503 2283 1875 2356 thesauros
1900 2282 2405 2379 dispensationi
2443 2281 2743 2356 Nostrae
2778 2302 2983 2355 com-

853 2397 1112 2473 missos
1147 2397 1731 2472 Christifidelibus
1768 2394 2170 2494 Apostolica
2210 2397 2629 2472 liberalitate
2666 2417 2973 2470 reseme
3020 2423 3035 2432 ·

855 2516 1286 2602 censuimus,
1340 2528 1423 2587 ut
1471 2514 1683 2588 iidem
1736 2513 1977 2588 fideles
2028 2516 2115 2590 ad
2164 2535 2407 2588 veram
2460 2514 2793 2610 pietatem
2852 2533 2961 2584 ve-

855 2631 1256 2704 hementius
1292 2632 1584 2717 incensi,
1625 2653 1709 2704 ac
1745 2654 1871 2727 per
1907 2631 2391 2707 poenitentiae
2438 2631 2971 2705 Sacramentum

854 2771 896 2820 a
946 2761 1395 2845 peccatorum
1449 2749 1745 2823 maculis
1796 2749 2061 2846 expiati
2110 2747 2439 2824 fidentius
2490 2771 2659 2822 suas
2726 2769 2979 2844 preces

853 2865 942 2940 ad
996 2863 1224 2940 Deum
1275 2863 1638 2940 effundant
1666 2917 1687 2952 ,
1742 2865 2033 2962 eiusque
2084 2863 2632 2942 misericordiam
2684 2876 2763 2939 et
2810 2887 2979 2961 gra-

853 2984 1035 3055 'tiam
1087 2996 1632 3080 consequantur.

1008 3099 1214 3174 Hisce
1265 3101 1480 3196 igitur
1531 3099 1821 3175 Litteris
1870 3101 2291 3176 auctoritate
2342 3099 2597 3176 Nostra
2670 3099 2985 3198 Aposto-

855 3223 990 3296 lica
1043 3222 1395 3324 'omnibus
1447 3234 1522 3295 et
1571 3223 1863 3320 siugulis
1944 3223 2309 3321 utriusque
2360 3245 2573 3298 sexus
2646 3225 2981 3300 catholici

861 3338 1052 3414 orbis
1101 3338 1418 3412 fidelibus
1473 3337 1865 3412 Plenariam
1920 3337 2435 3434 indulgentiam
2467 3339 2558 3413 ad
2598 3339 2825 3414 instar
2860 3341 2985 3414 lu-

856 3455 1064 3530 bilaei
1101 3456 1552 3531 concedimus
1588 3457 1775 3529 intra
1802 3458 2007 3532 unius
2044 3467 2325 3532 tantum
2364 3457 2630 3531 mensis
2664 3459 2982 3554 spatium

859 3595 1086 3670 usque
1137 3573 1226 3647 ad
1260 3585 1494 3647 totum
1545 3571 1865 3646 futurum
1900 3595 2163 3648 annum
2226 3578 2417 3647 1865
2460 3585 2535 3648 et
2584 3595 2727 3648 non
2763 3574 2979 3660 ultra,

857 3713 900 3764 a
951 3688 1194 3776 Vobis,
1249 3688 1703 3764 Venerabiles
1752 3689 2061 3778 FratreS,
2116 3689 2409 3788 aliisque
2460 3690 2793 3787 legitimis
2868 3691 2985 3766 lo-

861 3831 1102 3886 corum
1153 3808 1538 3884 ordinariis
1589 3809 2073 3898 statuendum,
2122 3810 2373 3884 eodem
2424 3832 2712 3906 prorsus
2764 3812 2981 3884 modo

860 3939 931 4002 et
985 3926 1237 4015 forma,
1292 3951 1430 4028 qua
1484 3928 1572 4001 ab
1631 3928 1831 4003 initio
1882 3929 2193 4026 supremi
2246 3927 2483 4006 Nostri
2520 3925 2983 4004 Pontificatus

859 4045 1338 4120 concessimus
1373 4067 1498 4142 per
1552 4044 1987 4143 Apostolicas
2022 4044 2313 4120 Nostras
2364 4041 2668 4118 Litteras
2720 4041 2982 4118 inssfor-

856 4183 973 4234 ma
1049 4163 1295 4241 Brevis
1353 4163 1465 4241 die
1545 4167 1642 4236 20
1696 4165 1959 4240 mensis
2036 4161 2455 4240 Novembris
2508 4187 2695 4240 anno
2782 4164 2977 4235 1846
