3317 5267
852 450 999 523 436

840 574 1087 641 sancta
1141 566 1507 639 vocatione
1534 548 1960 637 'immobiles
2013 572 2506 660 permaneant,
2543 574 2622 637 et
2653 562 2980 638 alacriori

842 708 1069 783 usque
1122 684 1299 779 pede
1352 683 1684 757 incedant
1734 704 1860 777 per
1911 681 2202 755 semitas
2257 678 2568 766 Domini,
2609 692 2826 777 atque
2861 681 2983 753 in·-

838 812 1031 877 stent
1096 801 1311 888 viam,
1374 820 1557 897 quae
1616 799 1814 873 ducit
1875 800 1960 872 ad
2026 797 2274 872 vitam.
2345 796 2444 873 Ac
2505 821 2632 894 pro
2697 800 2982 896 egregia

842 930 1079 992 vestra
1134 917 1465 1014 religione
1520 938 1886 1013 nunquam
1939 915 2241 989 desinite
2293 916 2532 989 omnia
2581 916 2852 1002 conari,
2909 927 2994 989 ut

842 1036 911 1107 in
967 1036 1161 1110 omni
1212 1033 1558 1121 bonitate,
1596 1032 1968 1128 patientia,
2005 1032 2358 1118 doctrina,
2399 1032 2985 1118 mansuetudine,

846 1153 1147 1225 lenitate
1200 1134 1497 1225 miseros
1550 1160 1870 1223 errantes
1923 1146 2206 1224 Christo
2266 1148 2704 1237 lucrifacere,
2771 1164 2992 1249 atque

848 1271 935 1343 ad
990 1270 1283 1344 unicum
1338 1269 1493 1343 eius
1546 1267 1732 1343 ovile
1784 1267 2144 1355 reducere,
2209 1277 2286 1341 et
2346 1268 2418 1341 in
2481 1290 2686 1365 spem
2749 1280 2992 1343 aeter-

846 1410 981 1461 nae
1030 1386 1487 1461 haereditatis
1543 1386 1920 1459 restituere
1993 1384 2301 1481 possitis.
2365 1383 2566 1459 Inter
2625 1387 2994 1481 angustias

844 1526 1017 1579 vero
1070 1517 1144 1577 et
1194 1502 1676 1587 difficultateS,
1729 1523 1912 1597 quae
1965 1500 2158 1575 hisce
2221 1500 2678 1597 potissimum
2741 1524 2994 1597 asper-

844 1620 1047 1693 rimis
1104 1618 1543 1715 temporibus
1578 1616 1670 1689 ah
1705 1616 2084 1712 episcopali
2131 1627 2368 1691 vestro
2405 1638 2700 1691 munere
2741 1616 2994 1692 abesse

698 1774 707 1781 ·
845 1761 992 1813 non
1050 1746 1379 1835 possunt,
1434 1732 1764 1811 confidite
1817 1734 1888 1805 in
1943 1734 2169 1828 gratia
2224 1731 2510 1807 Domini
2561 1734 2802 1811 Nostri
2829 1735 2994 1811 lesu

847 1852 1117 1927 Christi
1169 1875 1337 1950 prae
1390 1850 1611 1925 oculis
1666 1847 2036 1935 habentes,
2093 1849 2282 1945 quod
2336 1850 2462 1946 qui
2511 1850 2602 1925 ad
2637 1851 2992 1926 iustitiam

846 1971 1179 2046 erudiunt
1238 1968 1505 2044 multos
1568 1965 1940 2063 fulgebunt
2002 1968 2204 2063 quasi
2269 1967 2518 2041 stellae
2581 1969 2654 2043 in
2715 1992 2994 2067 perpe-

848 2102 1009 2162 tuas
1062 2066 1549 2161 aeternitates.
1596 2084 1942 2181 Denique,
1987 2084 2437 2161 Venerabiles
2487 2086 2804 2177 Fratres,
2861 2112 2994 2185 pro

852 2216 1049 2279 certo
1103 2203 1425 2277 habeatis
1484 2202 1822 2289 velimuS,
1879 2201 2332 2297 praecipuam
2395 2224 2580 2291 esse,
2643 2226 2785 2301 qua
2847 2203 2996 2281 Vos

848 2322 921 2393 in
980 2318 1284 2395 Domino
1342 2319 1866 2415 prosequimur,
1920 2316 2516 2393 benevolentiam.
2587 2316 2820 2417 Atque
2883 2322 2996 2395 in-

854 2436 1067 2508 terim
1120 2435 1307 2507 haud
1362 2436 1774 2509 omittimus
1829 2434 1900 2507 in
1947 2433 2140 2507 omni
2191 2434 2512 2509 oratione
2561 2448 2639 2511 et
2661 2436 2996 2513 obsecra-

854 2554 1047 2627 tione
1100 2573 1265 2625 cum
1318 2554 1712 2649 gratiarum
1767 2548 2046 2625 actione
2097 2573 2138 2623 a
2173 2547 2322 2625 Deo
2355 2548 2646 2649 Optimo
2682 2550 2996 2631 Maximo

854 2670 1223 2745 humiliter
1298 2672 1647 2766 enixeque
1740 2678 2012 2764 petere,
2091 2679 2172 2741 ut
2245 2666 2600 2744 uberrima
2671 2694 2996 2770 quaeque

854 2808 1023 2859 suae
1101 2787 1443 2863 honitatis
1516 2788 1700 2863 dona
1787 2808 2002 2883 super
2073 2783 2218 2861 Vos
2291 2786 2642 2883 propitius
2713 2810 3000 2887 semper

850 2904 1191 2991 effundat,
1256 2928 1441 3003 quae
1500 2906 1575 2978 in
1634 2904 1928 2980 dilectas
1989 2926 2274 3001 quoque
2341 2928 2514 2981 oves
2593 2906 2998 3003 vigilantiae

848 3034 1127 3097 vestrae
1186 3024 1603 3099 commissas
1666 3022 1948 3119 copiose
2017 3022 2474 3097 descendant.
2553 3023 2786 3123 Atque
2845 3024 3002 3099 ho·-

850 3164 1005 3213 rum
1072 3143 1462 3235 auspicem,
1532 3154 1609 3214 et
1670 3139 2264 3236 propensissimae
2323 3137 2626 3215 Nostrae
2703 3141 2774 3215 in
2851 3138 2995 3217 Vos

852 3255 1237 3329 voluntatis
1290 3258 1547 3352 pignus
1602 3254 2089 3352 Apostolicam
2127 3252 2713 3333 Benedictionem
2751 3280 2842 3334 ex
2879 3258 2998 3331 in-

853 3374 1033 3445 timo
1082 3374 1291 3448 corde
1346 3374 1740 3469 profectam
1796 3371 2016 3449 Vobis
2069 3374 2268 3469 ipsis,
2329 3372 2788 3451 venerabiles
2824 3376 3001 3451 Fra-

853 3499 1025 3574 tres,
1080 3492 1497 3588 cunctisque
1550 3490 1847 3578 clericis,
1902 3490 2248 3586 laicisque
2301 3490 2622 3568 fidelibus
2659 3494 3000 3591 cuiusque

852 3603 1189 3681 Vestrum
1242 3632 1451 3681 curae
1504 3608 1934 3683 concreditis
1993 3619 2456 3703 peramanter
2517 3609 2992 3706 impertimus.

1010 3718 1271 3795 Datum
1338 3723 1617 3797 Romae
1706 3723 1892 3819 apud
1960 3721 2034 3795 S.
2103 3720 2406 3797 Petrum
2475 3725 2589 3799 die
2643 3728 2688 3799 8
2747 3722 3001 3823 Aprilis

854 3860 1045 3913 anno
1110 3843 1341 3915 ¹862.

1020 3953 1487 4033 Pontificatus
1542 3956 1779 4033 Nostri
1837 3958 2045 4033 Anno
2095 3958 2600 4033 decimosexto.
