3317 5267
2248 483 2393 554 ¹87
2506 568 2520 585 ,

278 605 524 679 nimus
577 600 886 675 evenire.
943 598 1040 675 Et
1099 601 1500 675 mirandum
1581 599 1899 697 profecto
1938 651 1959 687 ‚
2028 600 2217 697 quod
2274 600 2395 673 uni

283 719 670 817 S'ubalpino
723 716 1084 795 Gubernio
1136 720 1426 817 impune
1479 719 1690 793 liceat
1740 719 2085 793 eiusmodi
2136 718 2403 815 princi-

283 839 488 935 pium
539 836 898 931 despicere
935 860 1016 911 ac
1055 837 1342 925 violare,
1383 858 1546 911 cum
1583 836 1951 911 videamus
1986 836 2219 932 ipsum
2267 834 2405 911 ho-

283 957 566 1033 stilibus
617 956 766 1031 suis
819 958 1042 1055 copiis
1072 1012 1092 1047 ‚
1150 958 1478 1033 universa
1533 956 1823 1053 Europa
1900 956 2345 1053 inspectante
2376 1008 2397 1043 ,

287 1076 362 1147 in
413 1074 676 1149 alienas
730 1074 1036 1151 ditiones
1089 1076 1506 1172 irrumpere,
1574 1074 2071 1172 legitimosque
2126 1098 2216 1149 ex
2266 1074 2403 1149 illis

287 1190 646 1288 Principes
701 1192 1080 1267 exturbare
1121 1217 1138 1265 ε
1198 1217 1288 1266 ex
1325 1216 1466 1291 quo
1506 1192 1901 1289 perniciosa
1948 1192 2405 1289 consequitur

287 1306 682 1383 absurditas
721 1362 743 1397 ‚
799 1308 1108 1383 alienum
1161 1330 1418 1404 nempe
1473 1308 1963 1381 interventum
2026 1306 2401 1381 dumtaxat

289 1423 570 1497 admitti
606 1423 690 1500 ad
729 1423 1187 1499 rebellionem
1223 1424 1705 1497 suscitandam
1742 1436 1959 1521 atque
1994 1418 2401 1495 fovendam.

445 1538 624 1615 Hinc
675 1552 918 1615 autem
969 1550 1370 1639 opportuna
1421 1538 1640 1614 Nobis
1694 1541 1919 1614 oritur
1952 1540 2228 1615 occasio
2276 1560 2405 1611 ex-

289 1658 551 1732 citandi
603 1680 852 1734 omnes
905 1656 1232 1753 Europae
1287 1654 1650 1753 Principes
1691 1709 1714 1742 ,
1768 1670 1853 1730 ut
1901 1679 2032 1753 pro
2082 1664 2405 1753 spectata

293 1778 610 1873 ipsorum
663 1776 932 1852 consilii
958 1776 1306 1872 gravitate
1358 1787 1435 1848 et
1483 1775 1833 1871 sapientia
1882 1774 2068 1850 serio
2104 1796 2405 1871 perpen-

285 1894 462 1967 dant
509 1916 692 1991 quae
743 1904 1153 1990 quantaque
1207 1892 1394 1965 mala
1445 1892 1520 1963 in
1554 1891 1983 1979 detestabili,
2024 1913 2239 1989 quem
2292 1890 2399 1963 la-

291 2023 722 2101 mentamur,
777 2022 1040 2087 eventu
1091 2011 1564 2086 cumulentur.
1624 2010 1875 2107 Agitur
1910 2012 2103 2085 enim
2138 2011 2225 2085 de
2263 2010 2405 2082 im-

293 2128 491 2201 mani
541 2128 918 2203 violatione
955 2183 982 2213 ,
1044 2150 1228 2225 quae
1279 2138 1526 2201 contra
1605 2128 2003 2201 universale
2080 2127 2399 2225 gentium

297 2246 410 2319 ius
461 2245 782 2343 nequiter
833 2256 948 2319 est
996 2255 1301 2342 patrata,
1354 2266 1677 2341 quaeque
1704 2243 1840 2317 nisi
1877 2245 2167 2320 omnino
2201 2266 2405 2319 coer-

299 2370 570 2451 ceatur,
607 2362 796 2436 nulla
831 2362 1162 2459 deinceps
1199 2361 1498 2457 legitimi
1533 2362 1875 2458 cuiusque
1901 2362 2073 2437 iuris
2106 2361 2406 2436 firmitas

300 2502 382 2554 ac
435 2480 778 2554 securitas
829 2480 1092 2576 poterit
1141 2479 1552 2555 consistere.
1627 2476 1881 2575 Agitur
1930 2479 2019 2554 de
2080 2479 2409 2555 rebellio-

297 2596 407 2671 nis
459 2597 802 2694 principio
844 2650 862 2683 ,
919 2596 1031 2671 cui
1084 2595 1546 2693 Subalpinum
1613 2591 2051 2671 Gubernium
2104 2598 2409 2694 turpiter

293 2714 619 2800 inservit,
673 2725 750 2789 et
800 2738 890 2788 ex
925 2737 1067 2811 quo
1102 2736 1408 2811 pronum
1443 2724 1556 2786 est
1590 2712 2022 2809 intelligere,
2060 2724 2407 2811 quantum

295 2832 714 2929 cuicumque
768 2830 1124 2907 Gubernio
1175 2832 1554 2907 discrimen
1606 2832 1681 2903 in
1732 2832 1883 2906 dies
1924 2844 2405 2929 comparetur,

297 2961 376 3023 et
424 2960 690 3047 quanta
741 2950 814 3023 in
849 2952 1256 3025 universam
1291 2950 1574 3025 civilem
1609 2950 2027 3024 societatem
2064 2950 2415 3025 redundet

295 3066 668 3164 pernicies,
725 3090 890 3141 cum
949 3067 1048 3141 ita
1101 3067 1293 3140 fatali
1351 3066 1886 3142 Communismo
1957 3067 2189 3157 aditus
2240 3088 2414 3161 ape-

305 3183 554 3257 riatur.
619 3183 868 3281 Agitur
916 3185 1006 3260 de
1060 3184 1338 3259 violatis
1391 3183 1825 3258 solemnibus
1894 3181 2417 3257 Conventioni—

309 3296 444 3373 bus
485 3350 506 3387 ‚
561 3323 740 3397 quae
780 3352 801 3388 ,
859 3301 966 3374 uti
1015 3300 1312 3375 aliorum
1367 3299 1440 3371 in
1491 3297 1781 3393 Europa
1850 3296 2410 3393 principatuum,

311 3418 414 3491 ita
465 3416 682 3491 etiam
762 3418 986 3492 civilis
1064 3414 1472 3491 Pontificiae
1549 3412 1853 3489 Ditionis
1934 3416 2415 3512 integritatem

307 3546 578 3613 sartam
630 3547 1036 3635 tectamque
1087 3536 1354 3611 servari
1409 3534 1697 3610 omnino
1732 3533 2123 3630 postulant.
2168 3533 2419 3633 Agitur

314 3656 404 3731 de
455 3656 765 3731 violenta
815 3658 1209 3753 direptione
1261 3656 1446 3729 illius
1497 3654 1959 3751 principatu&
2000 3654 2121 3751 qui
2174 3655 2422 3752 singu-

316 3775 446 3848 lari
500 3775 782 3849 divinae
831 3774 1314 3871 providentiae
1365 3772 1656 3847 consilio
1712 3770 2033 3847 Romano
2097 3768 2421 3845 Pontifici

305 3892 516 3967 datus
567 3904 678 3968 est
728 3893 818 3967 ad
871 3892 1353 3989 Apostolicum
1389 3911 1600 3965 suum
1635 3888 2105 3963 Ministerium
2142 3889 2213 3961 in
2252 3890 2418 3962 uni-

309 4033 592 4085 versam
645 4008 1037 4087 Ecclesiam
1087 4010 1498 4109 plenissima
1547 4008 1877 4083 libertate
1914 4008 2411 4083 exercendum.

306 4126 506 4222 Quae
557 4127 874 4226 profecto
927 4128 1218 4203 libertas
1251 4148 1572 4201 summae
1611 4126 1941 4201 omnihus
1978 4124 2419 4225 Principibus
