3317 5267
893 462 984 535 ¹4

891 588 1174 664 verunt,
1207 574 1733 672 religiosissime
1760 572 2051 647 reddere
2084 574 2443 659 studeant,
2478 574 2839 672 vitamque
2868 600 2997 651 san

885 696 1204 773 ctissime
1241 704 1480 791 agant,
1519 716 1611 766 ex
1647 690 1909 789 proprii
1963 691 2278 765 Instituti
2316 691 2617 789 legibus,
2658 714 2741 767 ac
2782 692 3025 783 Vobis,

891 823 1270 909 vestroque
1322 810 1540 907 gregi,
1597 832 1741 906 qua
1793 806 2039 895 verbo,
2096 830 2239 905 qua
2288 808 2647 906 exemplo,
2690 832 2833 905 qua
2876 834 3029 907 pre-

891 926 1091 1003 cibus
1143 927 1398 999 utilem
1451 948 1742 1021 operam
1796 934 2089 997 navent.

1043 1044 1430 1141 Praecipuo
1483 1044 1705 1118 etiam
1757 1044 2133 1139 pastoralis
2184 1053 2465 1117 vestrae
2535 1044 3023 1122 sollicitudinis

893 1173 969 1235 et
993 1162 1308 1237 caritatis
1341 1160 1582 1236 studio
1613 1158 1939 1256 Virgines
1975 1157 2125 1235 Deo
2160 1182 2397 1235 sacras
2430 1162 2787 1257 respicite,
2836 1186 3021 1260 quae

893 1292 1060 1354 sunt
1087 1280 1348 1353 selecta
1373 1302 1540 1375 pars
1567 1278 1828 1375 gregis»,
1858 1276 1991 1353 flos
2014 1278 2473 1353 ecclesiastici
2500 1280 2863 1376 germinis,
2890 1283 3021 1357 de-

883 1424 1010 1473 cus
1057 1410 1134 1473 et
1185 1406 1689 1473 ornamentum
1738 1398 2005 1495 gratiae
2082 1396 2467 1495 spiritualis
2501 1450 2521 1487 ‚
2582 1385 3021 1497 omnemque

889 1516 1024 1589 illis
1078 1538 1367 1613 operam
1423 1528 1500 1589 et
1581 1515 1989 1589 adiumenta
2042 1513 2381 1611 praebete
2422 1566 2444 1602 ,
2510 1528 2593 1590 ut
2668 1538 3023 1593 memores

893 1648 1182 1709 sanctae
1235 1627 1627 1711 vocationis
1683 1656 1823 1732 qua
1876 1635 2068 1729 ipsas
2120 1632 2313 1709 Deus
2366 1637 2679 1724 vocavit,
2734 1636 2825 1711 ab
2886 1637 3025 1711 hu-

890 1756 1122 1828 manis
1146 1758 1152 1773 '
1176 1752 1416 1828 oeulos
1465 1754 1677 1850 plane
1728 1764 2059 1825 avertant
2089 1804 2112 1840 ,
2168 1751 2257 1828 ad
2330 1751 2663 1829 caelestia
2740 1776 3025 1852 semper

893 1872 1355 1959 attollant,.et
1389 1869 1707 1968 quotidie
1756 1868 1987 1965 magis
2022 1880 2281 1943 euntes
2320 1868 2409 1942 de
2450 1872 2713 1945 virtute
2766 1874 2837 1944 in
2874 1872 3021 1944 vir-

896 2004 1124 2083 tutem
1178 1990 1613 2068 contendant
1659 1988 1930 2062 bonum
1967 1986 2231 2061 Christi
2270 1989 2583 2086 undique
2631 1990 3021 2067 diffundere

889 2111 1206 2185 odorem.
1267 2106 1498 2204 Atque
1533 2104 1623 2179 ab
1659 2105 1943 2201 egregia
1994 2116 2230 2177 vestra
2264 2104 2605 2202 religione
2638 2106 2847 2180 enixe
2884 2130 3019 2202 po-

894 2225 1267 2312 stulamus,
1325 2234 1406 2297 ut
1440 2245 1729 2318 semper
1776 2243 1948 2318 prae
1998 2222 2222 2296 oculis
2276 2221 2573 2310 habere,
2612 2224 2797 2299 serio
2848 2246 3023 2299 con-

895 2344 1232 2428 siderare,
1289 2351 1366 2413 et
1415 2339 1711 2415 omnino
1766 2338 2024 2434 exequi
2078 2338 2342 2425 velitis,
2408 2360 2591 2436 quae
2642 2340 2831 2415 idem
2864 2340 3017 2415 Be-

895 2462 1218 2537 nedictus
1255 2457 1414 2533 xlv
1472 2455 1987 2531 Praedecessor
2020 2455 2278 2532 Noster
2305 2457 2597 2554 provide
2622 2460 3019 2555 sapienter-

893 2605 1031 2679 que
1083 2589 1330 2654 monet
1357 2628 1378 2665 ,
1435 2576 1685 2653 edocet
1736 2598 1819 2651 ac
1870 2576 2138 2651 statuit
2190 2576 2265 2651 in
2314 2596 2445 2651 sua
2482 2574 3023 2653 Constitutione

889 2705 978 2777 de
1029 2698 1478 2797 designandis
1531 2694 1995 2771 Confessariis
2046 2696 2637 2773 extraordinariis·
2667 2720 2801 2795 pro
2850 2697 3023 2775 Mo·-

895 2817 1198 2893 nialibus
1244 2814 1375 2915 (1).
2502 2885 2524 2897 ..

1044 2934 1392 3031 Denique,
1449 2931 1903 3007 venerabiles
1956 2931 2241 3005 Fratres
2269 2983 2292 3020 ,
2368 2944 2449 3008 ut
2524 2934 3015 3009 sanctissimae

890 3066 1176 3129 nostrae
1251 3051 1632 3149 religionis·
1683 3049 1875 3125 bono
1930 3060 2007 3123 et
2057 3052 2717 3127 commendatarum
2798 3048 3015 3127 Vobis

891 3175 1134 3249 ovium
1169 3171 1380 3245 saluti
1407 3168 1632 3266 magis
1685 3192 1769 3243 ac
1804 3169 2031 3265 magis
2062 3169 2427 3245 consulere
2454 3172 2773 3258 valeatis,
2810 3192 3015 3245 sum-

895 3314 1186 3388 mopere
1239 3300 1571 3386 optamus
1623 3298 1706 3363 ut
1758 3286 2223 3361 Provincialia
2270 3287 2581 3367 Concilia
2612 3314 2705 3365 ex
2756 3290 3011 3367 Sacro-

891 3432 1052 3483 rum
1133 3407 1508 3483 Canonum
1574 3408 2014 3503 praescripto
2086 3407 2638 3483 concelebranda
2715 3411 3003 3483 curetis.

894 3524 1184 3629 Etenim
1234 3523 1452 3619 probe
1513 3524 1903 3619 intelligitis
1934 3575 1957 3609 ,
2010 3522 2145 3598 hoc
2196 3546 2365 3597 sane
2417 3534 2627 3619 paeto
2710 3521 2879 3610 Vos,
2934 3535 3011 3599 et

892 3642 1164 3717 collatis
1217 3640 1403 3714 inter
1443 3638 1582 3715 Vos
1615 3640 1951 3727 consiliis,
1988 3650 2064 3714 et
2097 3641 2310 3717 rebus
2346 3640 2677 3717 omnibus
2704 3652 3005 3715 ‚mature

893 3759 1282 3857 perpensis,
1313 3780 1522 3855 posse
1571 3756 1845 3831 facilius
1877 3770 1957 3830 et
1980 3758 2369 3833 consultius
2405 3770 2803 3856 opportuna
2854 3780 3011 3833 ma·-

891 3874 978 3949 lis
1029 3874 1362 3949 adhibere
1415 3874 1758 3961 remedia,
1786 3886 1860 3947 et
1913 3884 2311 3950 vestrarum
2349 3872 2793 3951 Dioeeesium
2828 3898 3011 3970 pro-

889 3996 1214 4091 speritati
1265 3994 1663 4092 providere,
1692 4006 1769 4067 et
1804 3992 2267 4069 Dioeeesanas
2308 3994 2566 4071 deinde
2594 4016 2847 4091 eogere
2873 3994 3015 4091 Sy-

969 4246 986 4265 ⁰
1051 4248 1144 4331 (1)
1181 4248 1415 4317 Constit
1482 4274 1511 4312 α
1556 4250 1876 4318 Pastoralis
1902 4270 2081 4317 curae
2128 4275 2155 4311 n
2187 4247 2373 4315 Nonis
2412 4248 2657 4330 Augusti
2688 4249 2989 4317 an.1748.
