3317 5267
2334 413 2479 487 697

371 557 404 602 n
467 554 606 630 gna
659 529 1046 606 subsistere
1083 527 1218 628 (1),
1257 539 1332 603 et
1397 528 1573 603 nihil
1629 539 1779 605 tam
1832 526 2301 614 mortiferum,
2332 538 2483 600 tam

365 676 400 722 ιι
461 671 800 747 praeceps
851 649 940 722 ad
980 671 1252 734 casum,
1294 658 1444 720 tam
1471 647 1879 744 expositum
1928 647 2017 722 ad
2069 646 2307 720 omnia
2361 670 2481 743 pe·

363 791 396 838 υ
457 766 700 853 ricula,
777 766 838 840 si
891 765 1026 840 hoc
1077 765 1310 838 solum
1363 762 1566 839 nobis
1615 773 1955 858 ,putantes
2008 785 2219 858 posse
2269 762 2483 837 suffi-

368 910 402 953 »
463 907 621 961 cere
653 935 674 972 ‚
733 883 922 980 quod
971 882 1270 956 liberum
1331 880 1729 968 arbitrium,
1784 900 1949 955 cum
2000 903 2478 967 nasceremur,

371 1027 406 1073 ι)
470 1002 902 1099 accepimu8‚
931 1001 1114 1076 ultra
1168 1001 1310 1074 iam
1361 1023 1404 1072 a
1457 997 1761 1076 Domino
1814 998 1987 1072 nihil
2024 1022 2475 1097 quaeramus,

367 1143 404 1190 »
465 1119 676 1206 idest,
717 1124 1024 1192 auctoris
1061 1118 1286 1192 nostri
1315 1115 1542 1203 obliti,
1581 1118 1733 1193 eius
1771 1118 2193 1213 potentiam,
2234 1129 2315 1192 ut
2348 1141 2479 1192 nos

364 1260 400 1304 »ι
459 1235 920 1332 ostendamus
943 1231 1675 1318 liberoS,.ahiut·emus
1704 1230 1836 1328 (Ξ).
1878 1231 2113 1329 Atque
2140 1233 2355 1308 etiam
2388 1257 2479 1308 ne

364 1378 398 1422 η
459 1353 806 1428 omittatis
842 1353 1094 1426 docere
1149 1350 1416 1444 regiam
1463 1359 1895 1446 potestatem
1934 1373 2075 1428 non
2106 1353 2209 1428 ad.
2246 1352 2479 1428 solum

361 1497 398 1542 υ
463 1473 710 1548 mundi
761 1473 1105 1570 regimen,
1167 1471 1288 1546 sed
1361 1471 1677 1544 maxime
1728 1472 1819 1546 ad
1870 1471 2479 1567 Ecclesiae-prae-

366 1615 404 1660 »
465 1590 726 1666 sidium
775 1613 934 1666 esse
985 1588 1312 1666 collatam
1343 1583 1473 1685 (3),
1513 1600 1588 1662 et
1639 1589 1813 1664 nihil
1856 1611 2022 1666 esse
2074 1589 2260 1686 quod
2314 1589 2481 1662 eivi-

360 1730 394 1776 »
457 1717 686 1780 tatum
723 1705 1198 1803 Principibus,
1239 1717 1312 1780 et
1359 1705 1669 1802 Regibus
1704 1709 1953 1782 maiori
2005 1706 2479 1804 fructui,glo-

362 1846 399 1896 n
456 1824 742 1921 riaeque
793 1847 950 1900 esse
1005 1824 1232 1920 possit
1261 1873 1284 1909 ,
1347 1845 1561 1920 quam
1617 1824 1707 1910 si,
1762 1836 1842 1897 ut
1908 1823 2475 1920 sapientissimus

360 1966 394 2012 n
453 1941 1022 2042 fortissimusque
1073 1943 1256 2018 alter
1309 1941 1819 2018 Praedecessor
1868 1943 2125 2018 Noster
2176 1965 2235 2016 s.
2273 1941 2473 2016 Felix

352 2082 390 2128 ι»
449 2058 708 2134 Zenoni
761 2059 1178 2158 Imperatori
1215 2059 1721 2156 perscribebat,
1761 2059 2158 2134 Ecclesiam
2208 2060 2477 2136 cattio-

355 2198 390 2244 >2
449 2173 660 2250 licam
696 2231 712 2248 .
761 2231 778 2250 .
817 2232 833 2249 .
881 2231 896 2248 .
931 2179 1172 2253 sinant
1225 2177 1326 2255 uti
1391 2175 1675 2272 ‘legibus
1729 2177 1901 2262 suis,
1979 2198 2109 2252 nee
2162 2175 2475 2252 libertati

353 2314 390 2358 n
455 2291 608 2368 eius
659 2316 1092 2392 quemquam
1129 2293 1552 2389 permittant
1581 2291 1952 2368 obsistere.
1998 2349 2015 2364 .
2065 2349 2081 2366 .
2128 2348 2144 2364 .
2178 2291 2469 2366 Cei-tuin

354 2430 390 2476 »
449 2418 564 2482 est
617 2411 837 2495 enim,
893 2410 1030 2486 hoc
1083 2409 1296 2486 rebus
1347 2410 1494 2486 suis
1547 2434 1704 2484 esse
1758 2393 2236 2496 salutarunt,
2302 2431 2467 2484 cum

353 2548 388 2592 »ι
447 2525 534 2598 de
585 2529 814 2604 causis
890 2525 1016 2602 Dei
1067 2540 1318 2626 agatur
1347 2581 1370 2616 ,
1445 2528 1642 2602 iuxta
1700 2529 1918 2625 ipsius
1980 2529 2466 2606 constitutum

351 2663 384 2710 »
444 2643 708 2738 regiam
767 2644 1202 2719 voluntatem
1267 2643 1763 2724 Sacer-dotibus
1818 2643 2082 2726 Christi
2135 2653 2471 2720 studeant

350 2781 384 2828 s
445 2758 770 2849 subdere,
825 2786 966 2836 non
1021 2761 1376 2858 praeferre
1423 2789 1456 2832 »
1521 2762 1650 2860 (4).

495 2877 632 2952 Sed
679 2879 740 2952 si
787 2901 1098 2972 semper,
1138 2877 1588 2952 venerabiles
1647 2879 1955 2965 Fratres,
1994 2902 2181 2954 nunc
2234 2879 2463 2974 potis-

339 2993 598 3067 simum
657 2995 728 3068 in
783 2997 999 3068 tantis
1055 2994 1434 3081 Ecclesiae,
1491 2996 1857 3092 civilisque
1908 2997 2266 3070 societatis
2344 3019 2469 3068 ea·-

338 3112 800 3204 lamitatibus,
858 3115 930 3188 in
985 3125 1182 3190 tanta
1235 3115 1802 3190 adversariorum
1852 3127 2099 3190 contra
2148 3137 2303 3188 rem
2356 3138 2467 3189 ca-

340 3231 700 3321 tholicam,
757 3245 832 3308 et
883 3234 1065 3310 hanc
1120 3233 1596 3331 Apostolicam
1632 3234 1889 3310 Sedem
1944 3234 2463 3330 conspiratione

345 3360 682 3450 tantaque
736 3375 1059 3428 errorum
1103 3354 1453 3449 congerie,
1497 3375 1785 3442 necesse
1846 3354 2137 3428 omnino
2188 3363 2327 3438 est,
2382 3361 2471 3425 ut

335 3466 669 3544 adeamus
695 3491 861 3544 cum
887 3469 1138 3545 fiducia
1167 3469 1254 3542 ad
1279 3469 1614 3545 thronum
1643 3469 1939 3565 gratiae,
1964 3479 2047 3542 ut
2074 3468 2469 3544 miseriem·-

333 3581 522 3656 diam
578 3606 1124 3684 consequamur,
1157 3595 1232 3658 et
1255 3585 1558 3682 gratiam
1613 3585 2064 3660 inveniamus
2098 3585 2171 3658 in
2196 3583 2462 3662 auxilio

519 3817 598 3894 (1)
645 3814 706 3878 S.
757 3813 1012 3880 Caelest.
1063 3813 1240 3898 epist.
1275 3815 1352 3878 22
1395 3812 1470 3878 ad
1513 3813 1987 3898 Synod.-pres.
2032 3813 2190 3896 apud
2233 3815 2445 3879 Coust.

339 3929 402 3996 p·
452 3909 683 4084 ¹238.
729 4001 1038 4067 Innocent.
1113 4001 1136 4064 1
1188 3999 1368 4082 epist.
1427 4002 1504 4065 29
1581 4000 1656 4066 ad
1698 4001 1901 4086 Epis&
1946 4019 2115 4067 ⁰⁰⁰⁰·
2162 3997 2445 4081 carthag.

251 4069 254 4072 ⁴
337 4097 496 4178 apud
538 4095 743 4162 Coust.
791 4115 932 4180 pag.
979 4095 1119 4162 891.

499 4191 586 4274 (3)
626 4191 686 4256 S.
735 4191 852 4257 Leo
891 4189 1084 4276 Epist.
1131 4193 1246 4256 156
1288 4193 1346 4257 al
1393 4193 1528 4258 1215.

496 4289 582 4372 (t)
624 4287 764 4354 Pius
807 4286 912 4356 vll
953 4288 1144 4371 Epist.
1176 4287 1418 4373 Encycl.
1463 4322 1484 4349 ι
1525 4290 1648 4356 Diu
1676 4275 1846 4355 'satis
1876 4314 1930 4355 n.
1961 4290 2035 4355 ¹5
2063 4290 2216 4356 ‘maii
2266 4287 2441 4354 18⁰⁰.
