3317 5267
321 538 616 638 singulis
669 539 1038 634 utriusque
1091 557 1302 608 sexus
1343 532 1869 610 inhabitanibus
1904 538 2225 633 personis
2262 534 2447 633 ·(pe-

327 660 569 732 culiari
623 668 862 729 tamen
919 654 1394 748 exemptionis
1448 653 1809 748 privilegio
1870 676 2011 728 non
2075 654 2449 749 gaudenti-

323 772 488 871 bus)
541 773 826 845 valeant
877 783 952 843 et
1002 768 1306 844 debeant
1361 768 1474 841 illa
1529 790 1851 866 quaeque
1903 770 2053 841 sive
2106 792 2449 865 persona-
2528 764 2547 809 f

325 891 445 978 lia,
487 890 637 963 sive
674 890 913 973 realia,
969 890 1118 961 sive
1165 890 1390 960 mixta
1423 886 1583 981 jura
1619 898 1699 959 et
1732 888 1975 959 munia
2009 910 2089 960 ac
2116 888 2445 974 honoreS,

326 994 724 1094 facultates,
765 1008 1154 1103 privilegia,
1194 1019 1268 1080 et
1302 1005 1596 1104 quaevis
1637 1015 1871 1077 cetera
1910 1004 2225 1078 obtinere
2262 1006 2447 1079 tueri

321 1140 398 1200 et
449 1150 804 1213 exercere,
860 1150 1040 1223 quae
1087 1126 1292 1220 juxta
1341 1146 1578 1197 sacros
1629 1146 1939 1197 canones
1976 1136 2049 1193 et
2088 1122 2445 1217 Apostolia-

324 1270 443 1320 cas
479 1247 1020 1320 constitutiones
1047 1246 1164 1317 alii
1191 1268 1318 1341 per
1353 1266 1474 1316 eas
1516 1243 1838 1339 regiones
1892 1242 2223 1337 Episcopi
2260 1242 2451 1315 ordi·-

323 1363 520 1436 narie
571 1360 1062 1459 praeseferunt
1095 1362 1320 1456 iisque
1358 1360 1665 1455 gaudent
1694 1370 1907 1455 atque
1942 1358 2441 1453 defunguntur.

322 1475 622 1551 Proinde
675 1476 958 1573 proprio
1006 1474 1166 1570 jure
1201 1474 1560 1570 libereque
1596 1487 1813 1573 queat
1848 1496 2059 1570 super
2097 1474 2181 1546 iis
2217 1474 2451 1547 omni-

325 1594 459 1669 bus
487 1607 563 1670 et
597 1594 888 1690 siugulis
916 1594 1129 1667 modo
1167 1594 1577 1666 memoratis
1615 1616 1697 1665 ea
1738 1590 1991 1679 facere,
2031 1614 2299 1689 gerere,
2340 1592 2455 1664 ad-

330 1715 762 1798 ministrare,
793 1713 1172 1808 inquirere,
1202 1713 1600 1796 decernere,
1631 1734 1711 1785 ac
1739 1713 2201 1809 exequutioni
2243 1732 2453 1783 man·-

328 1834 522 1921 dare,
578 1854 760 1929 quae
813 1852 939 1925 per
987 1852 1226 1903 sacros
1277 1852 1609 1916 canoneS,
1666 1839 1741 1900 et
1795 1829 2231 1925 Apostolicas
2276 1852 2450 1901 con—

329 1952 743 2026 stitutiones
793 1946 1160 2043 Episcopis
1193 1950 1262 2019 in
1301 1948 1620 2043 proprias
1655 1946 2034 2035 EcclesiaS,
2090 1948 2447 2021 dioeceses

327 2078 544 2164 atque
598 2067 861 2141 incolas
924 2064 1323 2138 concredita
1369 2115 1388 2150 ,
1467 2064 1810 2138 attributa
1851 2118 1871 2153 ,
1928 2067 2448 2162 commissaque

322 2197 524 2272 sunt3
562 2184 874 2280 itemque
912 2182 1262 2279 synodum
1297 2183 1818 2270 dioecesanam,
1858 2186 2137 2281 quando
2174 2196 2249 2257 et
2284 2206 2455 2279 quo-

324 2303 536 2376 modo
591 2303 656 2375 ei
707 2300 1042 2397 expedire
1095 2301 1326 2373 visum
1364 2299 1605 2387 fuerit,
1647 2323 2037 2376 convocare
2074 2315 2287 2399 atque
2314 2326 2443 2400 pe-

325 2442 570 2515 ragere
625 2418 1106 2516 reliquamque
1160 2418 1584 2490 ordinariam
1616 2419 2180 2513 jurisdictionem
2218 2431 2293 2494 et
2320 2422 2451 2494 ad·-

323 2535 920 2608 ministrationem
957 2556 1312 2620 exercere,
1354 2544 1564 2607 cauto
1601 2547 1883 2608 tantum
1912 2556 2001 2608 ne
2027 2537 2189 2633 quis
2218 2560 2445 2610 novus

326 2649 583 2725 Portus
637 2650 838 2723 Pacis
895 2648 1208 2723 Antistes
1261 2660 1426 2723 ante
1478 2673 1646 2723 suae
1684 2652 2233 2725 consecrationis
2286 2651 2447 2748 Epi-

323 2768 622 2863 scopalis
673 2766 1198 2861 susceptionem
1255 2790 1470 2862 super
1521 2770 1961 2863 propositam
2012 2769 2147 2843 sibi
2200 2768 2447 2842 Eccle-

325 2885 502 2957 siam
557 2884 848 2980 ejusque
879 2880 1270 2957 Dioecesim
1307 2882 1656 2957 ullatenus
1694 2886 2117 2958 ordinariam
2152 2885 2448 2981 jurisdi-

319 3006 634 3079 ctionem
683 3026 1134 3099 praesumere
1190 3002 1299 3073 vel
1353 3024 1682 3076 exercere
1734 3003 2019 3077 audeat.

475 3122 628 3195 Iam
682 3146 850 3197 vero
913 3124 1000 3195 ad
1062 3142 1322 3196 novam
1387 3116 1648 3195 Portus
1713 3120 1917 3197 Pacis
1978 3122 2449 3220 Episcopatus

321 3240 811 3317 fundationem
863 3252 1365 3337 posteramque
1420 3238 2015 3326 incolumitatem,
2070 3250 2147 3313 et
2204 3240 2452 3313 incre-

323 3372 646 3432 mentum
699 3370 892 3431 ratas
945 3371 1020 3431 et
1072 3379 1284 3454 quam
1361 3354 1638 3453 plenius
1704 3370 2031 3453 acceptas
2096 3380 2255 3431 esse
2304 3356 2447 3431 de·-

321 3477 678 3550 cernimus
731 3498 852 3550 eas
907 3476 1386 3550 commendati
1440 3474 1779 3548 Gubernii
1832 3474 2113 3549 Haitani
2168 3476 2449 3575 religio-

323 3618 438 3669 sas
489 3596 908 3693 sponsiones
945 3597 1033 3668 ad
1069 3596 1250 3669 hanc
1287 3620 1346 3667 s.
1385 3594 1642 3670 Sedem
1682 3596 2005 3671 consulto
2030 3596 2445 3693 perhibitus,

323 3710 796 3786 satisfaciendi
848 3733 1104 3808 nempe
1161 3735 1382 3809 usque
1418 3712 1506 3785 ad
1545 3713 2049 3787 necessitatem
2084 3725 2161 3787 et
2186 3736 2451 3811 oppor-

322 3829 706 3904 tunitatem
759 3854 938 3927 quae
991 3832 1064 3903 in
1118 3830 1250 3904 hoc
1307 3840 1539 3903 totum
1594 3854 1773 3929 opus
1811 3832 2287 3930 requiruntur.
2336 3832 2445 3905 Ita

321 3948 536 4044 igitur
587 3950 904 4046 diligenti
955 3972 1124 4023 cura
1177 3958 1251 4020 et
1304 3948 1512 4045 pleno
1565 3960 1859 4044 sumptu
1912 3950 2131 4043 ipsius
2166 3948 2450 4023 Haitani

323 4065 662 4142 Gubernii
699 4078 1200 4164 comparentur
1234 4079 1718 4165 perpetuoque
1756 4088 1921 4139 cum
1957 4068 2271 4143 dominio
2324 4068 2455 4142 ad-

323 4182 728 4279 judicentur
783 4198 890 4263 tot
943 4186 1116 4259 satis
1169 4186 1444 4282 amplae
1501 4199 1574 4258 et
1629 4187 1971 4260 decentes
2020 4188 2459 4275 aedesgcone-

1825 4306 1919 4377 23
