3317 5267
903 499 938 564 ⁴
961 497 1050 565 (34

851 609 1206 705 'positum
1263 609 1616 705 integrum
1649 660 1673 695 ‚
1720 606 2284 705 inviolatumque
2334 609 2689 697 custodire
2716 662 2739 697 ,
2796 623 2873 682 et
2922 634 3031 688 ca·

893 727 1194 802 thelicae
1261 725 1642 814 Ecclesiae,
1718 737 1933 822 atque
2004 726 2213 800 huius
2288 725 2731 824 Apostolicae
2820 727 3021 802 Sedis

891 859 1176 917 eausam
1233 843 1381 916 iura
1435 857 1516 916 ac
1569 843 1759 940 leges
1820 850 2107 916 strenue
2182 839 2387 932 tueri,
2460 841 2873 930 defendere,
2948 867 3031 918 ac

807 971 818 990 ⁸
893 971 1048 1035 toto
1097 961 1335 1035 animo
1387 957 1521 1033 illis
1574 955 1852 1035 fortiter
1902 959 2272 1048 obsistere,
2328 961 2449 1056 qui
2486 959 2735 1057 ‚ipsam
2770 957 3027 1035 Eccle-

889 1077 1068 1150 siam
1123 1087 1196 1150 et
1245 1075 1528 1164 Sedem,
1583 1097 1968 1173 carumque
2021 1077 2173 1149 iura
2222 1076 2551 1173 legesque
2604 1101 3023 1174 oppugnare

889 1209 1256 1269 conantur.
1316 1193 1650 1268 Vestrum
1704 1193 1815 1268 est
1866 1189 2145 1266 assidue
2212 1185 2618 1290 advigilare,
2686 1205 2769 1268 ut
2838 1191 3023 1268 Cleri

893 1311 1256 1407 disciplina
1317 1323 1508 1384 sarta
1571 1323 1761 1385 tecta
1822 1322 2171 1396 servetur,
2236 1319 2313 1382 et
2372 1331 2621 1383 omnes
2684 1309 3025 1384 ecclesia-

891 1431 1048 1504 stici
1118 1431 1244 1502 viri
1307 1429 1398 1502 ab
1458 1429 1546 1504 iis
1613 1430 2078 1515 declinantes,
2153 1449 2335 1525 quae
2408 1425 2697 1502 Clericis
2770 1429 3025 1516 vetita,

893 1573 1212 1647 quaeque
1272 1550 1464 1646 ipsos
1525 1571 1973 1646 nequaquam
2036 1549 2318 1635 decent,
2392 1547 2805 1643 exemplum
2880 1551 3029 1622 sint

892 1668 1204 1741 fidelium
1259 1669 1332 1739 in
1384 1666 1626 1754 verbo,
1686 1667 1759 1740 in
1812 1665 2375 1750 conversatione,
2430 1664 2503 1737 in
2556 1666 2883 1750 caritate,
2952 1667 3025 1738 in

892 1785 1053 1872 fide,
1109 1785 1182 1856 in
1235 1785 1588 1871 castitate,
1646 1806 1729 1857 ac
1778 1781 2046 1879 proprii
2100 1781 2475 1854 ministerii
2510 1781 2757 1855 munia
2818 1785 3027 1856 navi-

899 1914 1030 1988 ter,
1083 1901 1390 1974 scienter
1441 1910 1825 1995 sancteque
1878 1898 2164 1984 obeant,
2220 1910 2297 1970 et
2350 1899 2421 1970 in
2476 1899 2881 1971 animarum
2914 1923 3031 1974 sa·-

891 2019 1114 2092 lutem
1167 2018 1550 2092 curandam
1613 2016 1781 2090 totis
1837 2016 2103 2090 viribus
2156 2013 2599 2102 incumbant,
2652 2027 2729 2089 et
2788 2039 3024 2092 sacras

894 2137 1312 2232 praesertim
1363 2133 1775 2231 disciplinas
1828 2132 2072 2207 sedulo
2128 2130 2482 2218 excolant,
2548 2155 2691 2228 quo
2752 2133 3027 2228 possint

891 2272 1142 2325 omnes
1195 2251 1558 2326 exhortari
1611 2251 1685 2324 in
1738 2250 2057 2324 doctrina
2107 2271 2305 2334 sana,
2362 2262 2439 2322 et
2488 2271 2638 2334 eos,
2694 2249 2819 2345 qui
2856 2274 3026 2324 con-

895 2370 1278 2454 tradicunt,
1331 2369 1721 2441 revincere.
1782 2368 2108 2463 {gnorare
2162 2377 2403 2440 autem
2458 2365 2753 2440 minime
2816 2382 3023 2464 pote-

895 2491 1026 2562 stis
1057 2537 1078 2574 ,
1130 2485 1398 2560 Dilecte
1487 2485 1618 2558 Fili
1682 2481 1937 2560 Noster
2006 2507 2088 2558 ao
2160 2483 2613 2559 venerabiles
2684 2485 3021 2574 Fratrem

891 2623 1107 2700 quam
1178 2601 1643 2676 vehementer
1702 2599 2061 2674 Ecclesiae
2123 2601 2407 2674 intersit
2465 2599 2661 2676 bisce
2718 2607 3025 2698 potissi—

893 2741 1090 2792 mum
1143 2717 1689 2793 luctuosissimis
1745 2717 2183 2812 temporibus
2236 2717 2527 2790 idoneos
2577 2717 2845 2792 habere
2884 2721 3023 2792 mi-

893 2839 1181 2924 nistros,
1237 2838 1358 2934 qui
1413 2835 1695 2911 nonnisi
1736 2857 1841 2908 -ex
1893 2833 2185 2910 Clericis
2238 2835 2507 2932 optime
2560 2836 3028 2911 institutisfl-

893 2957 990 3030 eri
1071 2968 1396 3053 possunt.
1483 2953 1717 3052 Atque
1788 2953 2039 3028 iccirco
2118 2953 2397 3028 vestras
2468 2973 2717 3027 omnes
2788 2977 3029 3044 curas,

891 3073 1496 3170 cogitationesque
1549 3071 1621 3143 in
1674 3071 1745 3144 id
1796 3070 2173 3166 praecipue
2236 3069 2618 3142 intendatis
2682 3085 2971 3167 opertet
3002 3127 3023 3160 ,

889 3203 971 3263 ut
1021 3191 1502 3264 adolescentes
1557 3185 1809 3262 Clerici
1862 3187 1935 3261 in
1988 3187 2243 3260 vestris
2295 3186 2706 3261 Seminariis
2760 3189 2878 3263 vel
2932 3191 3025 3265 ab

891 3307 1178 3379 ineunte
1233 3317 1468 3380 aetate
1521 3327 1648 3400 per
1700 3303 2079 3400 magistros
2132 3302 2443 3397 pietatis,
2498 3317 2855 3400 sanaeque
2890 3307 3027 3380 do-

891 3423 1160 3495 ctrinae
1221 3421 1424 3496 laude
1497 3434 1856 3518 spectatos
1922 3423 2013 3496 ad
2084 3421 2638 3496 ecclesiasticum
2686 3422 3023 3519 spiritum

771 3617 778 3624 ,
889 3551 1170 3612 mature
1221 3539 1606 3636 fingantur,
1663 3553 1745 3614 ac
1798 3541 2049 3614 litteris
2110 3549 2185 3612 et
2246 3535 2631 3634 disciplinis
2692 3560 3021 3635 praeser—

895 3658 1026 3730 tim
1080 3657 1296 3731 saeris
1350 3655 1440 3728 ab
1493 3659 1689 3732 omni
1751 3656 2087 3753 cuiusque
2154 3652 2485 3750 profanae
2544 3655 2885 3729 novitatis
2950 3669 3027 3730 et

893 3777 1148 3852 erroris
1201 3775 1514 3872 periculo
1569 3777 1813 3850 alienis
1869 3775 2401 3872 diligentissime
2437 3775 2873 3848 erudiantur.
2918 3773 3019 3850 Ae

891 3905 1346 3990 sutnmopere
1403 3905 1679 3978 cavete,
1732 3915 1823 3966 ne
1877 3895 1949 3965 ln
2004 3892 2555 3990 theologicarum
2594 3894 3015 3988 praesertim

891 4024 1158 4100 rerum,
1215 4021 1290 4085 et
1339 4005 1515 4084 iuris
1567 4009 1886 4084 canonici
1950 4011 2243 4084 scientia
2306 4010 2641 4083 tradenda
2702 4010 2749 4082 ii
2814 4010 3021 4084 adhi-

895 4127 1200 4202 beantur
1249 4125 1434 4217 libri,
1489 4127 1745 4225 quibus
1781 4125 1999 4202 falsae
2041 4129 2433 4225 opinioneS,
2470 4139 2545 4202 et
2580 4149 2850 4203 errores
2886 4151 3017 4200 ve-

893 4261 1016 4318 rae
1065 4261 1585 4342 germanaeque
1620 4243 2007 4320 catholicae
2044 4245 2429 4334 Ecclesiae,
2468 4258 2541 4318 et
2577 4245 2786 4316 huius
2819 4241 3011 4338 Apo-

889 4361 1174 4438 swliene
1273 4359 1473 4436 Sedis
1549 4363 1911 4438 doctrinae
1996 4352 2471 4460 repugnantes
2558 4375 2633 4436 et
2726 4360 3001 4434 adversi
