3317 5267
2248 473 2393 548 345

267 587 702 664 Gubernium
781 611 877 664 ex
955 589 1238 664 decreto
1316 588 1430 666 die
1505 599 1713 668 sexto
1814 585 2121 666 octobris
2208 609 2397 669 anno

229 705 644 782 .1nillesimo
695 707 1284 803 octingentesimo
1335 704 1781 801 sexagesimo
1834 705 2025 786 edito
2099 705 2395 786 minimo

262 821 616 896 dubitavit
667 821 981 900 redditus
1035 845 1116 898 ao
1169 820 1354 898 bona
1408 817 1797 917 Gynmasio
1844 843 1899 894 a.
1934 821 2155 906 Nobis
2204 843 2395 900 oon-

261 959 488 1024 eessa,
537 949 612 1012 et
662 961 704 1010 a
758 940 1032 1035 privato
1060 933 1321 1016 Nostro
1371 938 1807 1034 patrimonio
1830 961 2197 1036 nunquam
2244 939 2397 1018 dis·

261 1065 518 1144 tracta,
572 1065 842 1152 petere,
895 1070 972 1133 et
1020 1054 1138 1130 illa
1191 1077 1530 1152 usurpare
1581 1066 1661 1130 et
1712 1055 2043 1150 invadere
2102 1055 2395 1135 minita-

265 1180 420 1247 tum
471 1183 608 1246 est.
639 1171 754 1248 Ex
805 1197 948 1269 quo
989 1174 1254 1260 evenit,
1293 1183 1376 1245 ut
1427 1172 1687 1268 privati
1720 1171 1959 1253 Nostri
1986 1174 2392 1268 patrimonii

263 1289 794 1367 administrator
843 1291 1102 1368 Nostro
1154 1293 1374 1368 etiam
1439 1293 1646 1370 iussu
1694 1292 1973 1370 debitas
2049 1292 2393 1372 reclama-

261 1406 490 1482 tiones
542 1419 616 1482 et
667 1410 1216 1506 protestationes
1268 1411 1526 1488 iterum
1575 1411 1979 1508 iterumque
2054 1411 2391 1491 emittere

257 1519 447 1596 haud
501 1522 843 1598 omiserit.
902 1522 1382 1614 Quamobrem
1462 1536 1654 1603 certa
1709 1525 2005 1602 seientia
2032 1575 2055 1614 ‚
2112 1539 2395 1607 matura

257 1641 761 1740 deliberatione
813 1644 1089 1732 Nostra,
1143 1645 1372 1741 deque
1428 1643 1873 1742 Apostolicue
1912 1645 2209 1724 Nostrae
2261 1671 2397 1743 po-

261 1764 544 1838 testatis
577 1762 1016 1859 plenitudine
1042 1763 1240 1840 hisce
1291 1762 1580 1839 Litteris
1605 1761 2047 1862 supradictas
2096 1765 2395 1846 Nostrae

257 1879 698 1974 Apostolieas
747 1879 1054 1955 Litteras
1107 1893 1184 1956 et
1233 1877 1825 1979 Chirographum,
1899 1892 1975 1958 et
2024 1885 2265 1960 omnia
2312 1885 2391 1962 in

257 1993 396 2070 iuis
447 2006 742 2084 statuta,
797 2021 930 2072 neo
981 2019 1124 2072 non
1177 1998 1466 2086 omnia,.
1509 2011 1584 2072 et
1633 1998 1909 2095 singula
1960 2008 2119 2074 aeta
2170 1999 2389 2076 etiam

259 2113 744 2190 translationis
793 2115 1085 2191 dominii
1139 2117 1394 2192 exinde
1465 2128 1711 2194 secuta
1772 2118 2003 2216 quoad
2085 2115 2393 2215 Gymna-

257 2231 450 2313 sium
473 2283 498 2319 ‚
553 2233 752 2330 pium
799 2232 1218 2310 institutum
1246 2285 1267 2321 ‚
1341 2244 1418 2310 et
1467 2233 1775 2311 Clerieos
1834 2237 1908 2310 in
1982 2235 2388 2332 Episcopali

254 2347 762 2446 Senogelliensi
797 2351 1190 2427 Seminario
1227 2352 1705 2430 instituendos
1742 2353 2393 2450 plenissime-ahto.-

251 2477 528 2564 ganteS,
567 2491 818 2545 omnes
869 2471 1208 2568 cuiusque
1261 2471 1537 2566 generis
1587 2469 1873 2559 fundoS,
1942 2472 2257 2550 redditus
2307 2494 2393 2551 ao

251 2587 442 2663 bona
493 2597 648 2662 tum
701 2585 1138 2685 Gymnasio,'
1174 2599 1330 2667 tum
1403 2589 1522 2686 pio
1574 2589 1943 2678 Instituto,
2022 2602 2175 2664 tum
2228 2586 2393 2667 Gle-

255 2705 418 2782 rieis
463 2705 538 2782 in
590 2704 982 2782 Seminario
1034 2704 1432 2802 Episoopali
1485 2707 1991 2804 senogalliensi
2042 2707 2311 2784 alendis
2344 2731 2391 2782 a

251 2820 472 2898 Nobis
526 2823 916 2920 adsignata,
971 2845 1056 2896 ae
1107 2823 1180 2902 in
1253 2825 1671 2900 memoratis
1722 2822 2001 2900 Nostris
2079 2821 2389 2919 Aposto-

251 2939 408 3013 lieis
458 2939 748 3038 Litteris
795 2951 874 3016 et
924 2939 1410 3037 Chirographo
1461 2941 1817 3036 descripta
1866 2940 1955 3013 ad
2024 2940 2387 3035 privatum

254 3055 592 3132 Nostrum
643 3057 1150 3153 patrimonium
1221 3057 1416 3132 omni
1469 3080 1559 3130 ex
1613 3069 1813 3152 parte
1864 3055 2097 3134 denuo
2172 3079 2387 3138 reve.-

249 3193 526 3262 eamus,
559 3187 640 3250 et
689 3176 780 3250 ad
829 3175 1020 3270 idem
1075 3161 1580 3271 patrimonium
1616 3174 1971 3270 pertinere
2023 3173 2377 3264 volumus,

249 3293 692 3393 declaramus
719 3345 742 3381 ,
771 3294 1302 3372 reinsumimus
1354 3305 1430 3370 et
1477 3291 1923 3370 deseruimus
1954 3343 1977 3380 ‚
2040 3315 2124 3368 ee
2174 3289 2384 3389 plane

247 3410 542 3486 liberam
597 3413 686 3488 de
721 3413 806 3488 iis
857 3413 1188 3490 omnibus
1241 3411 1600 3488 statuendi
1652 3422 2115 3506 potestatem,
2150 3434 2233 3489 ae
2267 3411 2387 3490 ius.

249 3527 468 3604 Nobis
525 3551 998 3608 reservemus.
1057 3529 1258 3620 Quod
1309 3530 1506 3606 enim
1533 3530 1795 3604 attinet
1843 3531 1937 3606 ad
1984 3539 2137 3607 tres
2158 3553 2381 3610 novas

246 3647 608 3743 paroecias
660 3645 1096 3743 Senogelliae
1150 3669 1192 3724 a
1240 3645 1464 3724 Nobis
1515 3658 1814 3734 emotas,
1888 3645 2325 3727 declaramus
2356 3697 2379 3741 ‚

246 3763 452 3841 firme
503 3763 741 3856 omnia
791 3785 1160 3842 remanere
1187 3815 1210 3851 ‚
1267 3786 1450 3871 quae
1497 3761 1588 3846 de
1641 3763 1779 3845 illis
1824 3765 2323 3851 ‚constituimus
2353 3815 2389 3853 ,,

248 3905 330 3956 ae
383 3881 739 3970 volumus,
795 3893 878 3957 ut
933 3884 1300 3979 paroeciae
1349 3883 1544 3980 ipsae
1607 3894 1952 3980 perpetuo
2004 3905 2089 3956 ae
2162 3881 2383 3966 libere

245 3999 570 4078 fruantur
623 3999 860 4076 fundis
909 4023 994 4076 ae
1045 4001 1462 4089 redditibus,
1517 4024 1699 4099 quos
1748 3999 1893 4079 Nos
1941 4001 2212 4076 eisdem
2268 4011 2382 4073 at-

245 4117 652 4207 tribuimus,
691 4139 778 4194 ea
830 4129 1072 4194 tamen
1123 4119 1304 4216 lege,
1339 4130 1420 4192 ut
1472 4117 1689 4194 iidem
1714 4117 1917 4196 fundi
1958 4141 2038 4194 ac
2064 4117 2379 4196 redditus

248 4237 498 4314 intacti
549 4259 833 4342 semper
885 4248 1381 4332 permaneant,
1413 4259 1498 4312 ee
1547 4235 1741 4314 nullo
1792 4259 2079 4334 prorsus
2132 4236 2373 4324 modo,
