3317 5267
908 401 1055 474 616

1059 510 1406 612 Equidem
1458 511 1786 588 homines
1837 511 2038 586 iuxta
2091 512 2457 610 propriam
2531 537 2616 590 ac
2685 516 3035 592 diversam

902 635 1241 733 cuiusque
1290 632 1769 708 conditionem
1831 631 1978 706 suis
2027 630 2387 708 laboribus
2467 635 2866 711 necessaria
2929 636 3037 707 vi-

904 767 1023 830 tae
1074 751 1415 851 praesidia
1466 749 1599 825 sibi
1648 772 2062 846 comparare
2123 750 2387 826 debent
2435 774 2564 828 seu
2621 753 2698 827 in
2749 753 3033 840 litteris,

904 897 993 948 sc
1040 870 1355 948 scientiis
1408 867 1836 956 excolendis,
1891 891 2020 944 seu
2071 869 2145 943 in
2197 869 2470 946 artibus
2498 881 2652 946 tum
2689 871 3044 968 ingenuis,

905 1002 1063 1065 tum
1118 986 1522 1084 vulgaribus
1573 987 2010 1075 exercendis,
2071 1011 2202 1064 sen
2251 987 2322 1062 in
2377 987 2675 1085 publicis
2715 1039 2740 1075 ,
2797 991 3042 1086 priva·

905 1110 1141 1206 iisque
1192 1102 1603 1180 muneribus
1642 1101 2013 1193 obeundis,
2071 1127 2200 1180 seu
2252 1105 2324 1178 in
2377 1127 2619 1180 rerum
2671 1127 3045 1182 commer-

904 1229 1019 1302 cio
1069 1224 1421 1312 habendo,
1494 1223 1619 1297 sed
1671 1224 1960 1298 omnino
2009 1235 2322 1321 oportet,
2395 1235 2478 1298 ut
2555 1225 2796 1299 omnia
2879 1245 3044 1300 cum

907 1343 1308 1429 honestate,
1384 1341 1680 1428 iustitia,
1735 1341 2144 1438 integritate
2195 1353 2270 1416 ct
2329 1343 2626 1418 caritate
2665 1356 2916 1441 agant,
2972 1355 3046 1417 ct

911 1463 1141 1538 Deum
1197 1484 1362 1559 prae
1424 1460 1645 1534 oculis
1699 1482 1982 1558 semper
2041 1460 2380 1551 habeant,
2459 1463 2754 1560 eiusque
2829 1485 3039 1536 man·

903 1585 1099 1672 data,
1172 1605 1255 1655 ac
1306 1591 1684 1678 praecepta
1737 1579 2271 1677 diligentissime
2343 1579 2754 1658 observent.

957 1695 964 1700 ’
1064 1701 1217 1776 lam
1271 1723 1440 1776 vero
1490 1698 1940 1776 dissimulare
2013 1723 2160 1777 non
2229 1725 2612 1799 possumus
2653 1753 2678 1791 ,
2749 1701 3046 1778 acerbis-

902 1821 1088 1896 simo
1138 1818 1282 1894 Nos
1330 1818 1492 1916 angi
1545 1815 1846 1905 dolore,
1915 1841 2082 1892 cum
2137 1818 2209 1892 in
2282 1817 2488 1894 Italia
2571 1818 2898 1896 nonnulli
2957 1843 3044 1896 ex

906 1948 1207 2034 utroque
1262 1933 1466 2010 Clero
1500 1935 1943 2031 reperiantur
1983 1935 2140 2023 viri,
2179 1935 2303 2034 qui
2337 1937 2516 2012 adeo
2551 1947 2840 2012 sanctae
2881 1961 3046 2012 suae

893 2056 1297 2132 -vocationis
1348 2066 1519 2130 sunt
1568 2054 1795 2142 obliti,
1851 2067 1934 2131 ut
1996 2055 2294 2130 minime
2383 2055 2806 2132 erubescant
2897 2059 3050 2134 cxi-

910 2174 1192 2249 tialibus
1244 2173 1459 2249 etiam
1512 2173 1794 2270 scriptis
1845 2172 2060 2249 falsas
2139 2159 2609 2252 disseminare
2689 2175 3045 2252 doctrinas

908 2315 991 2366 sc
1043 2291 1463 2388 populorum
1515 2290 1792 2366 animos
1841 2302 2090 2366 contra
2153 2289 2324 2380 Nos,
2399 2303 2476 2368 et
2524 2293 2710 2368 hanc
2749 2291 3046 2391 Aposto-

908 2411 1117 2488 licam
1171 2409 1429 2486 Sodem
1482 2412 1822 2499 excitare,
1859 2433 1942 2486 ac
1967 2413 2254 2488 civilem
2291 2411 2656 2489 Nostrum'
2685 2425 2770 2488 et
2823 2413 3042 2512 ipsius

910 2527 1111 2602 Sedis
1163 2528 1637 2624 principatum
1689 2551 2121 2627 oppugnare,
2175 2541 2250 2606 et
2300 2531 2756 2628 nequissimis
2791 2531 3044 2607 catho-

907 2643 1087 2718 licae
1134 2641 1489 2719 Ecclesiae
1520 2694 1541 2729 ,
1622 2644 2082 2745 eiusdemque
2159 2649 2362 2724 Sedis
2441 2649 2770 2725 hostibus
2849 2649 3042 2725 omni

916 2782 1129 2857 opera
1180 2758 1555 2856 studioque
1607 2761 2058 2858 impudenter
2105 2765 2375 2841 favere.
2415 2763 2554 2856 Qui
2589 2767 3044 2844 ecclesiastici

913 2878 1046 2950 viri
1114 2899 1155 2950 a
1227 2876 1373 2951 suis
1458 2876 1940 2969 Antistitihus,
1978 2895 2054 2956 et
2111 2906 2154 2956 a
2219 2882 2464 2972 Nobis,
2529 2895 2748 2984 atque
2785 2883 2878 2960 ab
2915 2883 3046 2958 hac

910 2995 1173 3072 Sancta
1222 2995 1403 3071 Sede
1453 2996 1931 3074 desciscentes
1975 3053 2000 3084 ,
2055 3011 2132 3076 et
2201 3001 2568 3106 Suhalpini
2645 2999 2988 3079 Gubernii
3018 3055 3038 3089 ,

908 3115 1205 3213 eiusque
1230 3113 1772 3210 Magistratuum
1801 3115 2067 3207 favore,
2099 3131 2176 3193 et
2203 3121 2466 3197 auxilio
2494 3120 2658 3196 freti
2691 3146 2780 3198 eo
2815 3133 3046 3196 teme-

911 3231 1146 3306 ritatis
1170 3231 1639 3319 devenerunt,
1685 3245 1792 3320 nt,
1823 3235 2314 3312 ecclesiasticis
2352 3240 2670 3315 censuris
2695 3253 2774 3314 et
2796 3237 3044 3336 poenis

910 3349 1117 3447 plane
1168 3349 1455 3448 spretis,
1494 3350 1786 3425 minime
1839 3353 2330 3446 extimuerint,
2369 3359 2710 3456 quasdam
2756 3357 3046 3434 omnino

886 3468 1414 3566 improbandas
1466 3471 1854 3548 Societates
1911 3471 2540 3566 Clerico-liberali,
2613 3477 2709 3552 Di
2795 3491 3048 3552 muno

914 3613 1253 3677 soccorso,
1308 3589 1882 3688 Emancipatrice
1929 3591 2045 3666 del
2085 3592 2294 3670 Clero
2317 3593 2620 3672 italiam>
2653 3595 2868 3694 vulgo
2919 3618 3052 3692 np-

911 3709 1232 3809 pellatas,
1290 3707 1597 3806 aliasque
1652 3709 1898 3782 eodem
1937 3734 2154 3808 pravo
2213 3713 2469 3811 spiritu
2492 3716 2850 3789 animatas
2875 3735 3054 3787 con-

912 3827 1233 3913 stituere,
1314 3836 1387 3899 et
1438 3825 1764 3924 quamvis
1817 3849 1858 3898 a
1909 3831 2209 3926 propriis
2267 3829 2720 3908 Antistitibus
2791 3829 3052 3902 merito

916 3942 1267 4019 interdicti
1320 3967 1361 4017 a
1412 3967 1613 4019 sacro
1644 3944 2034 4022 ministerio
2071 3948 2434 4038 obeundo,
2465 3959 2708 4041 tamen
2761 3947 3056 4020 minime

916 4073 1185 4158 pavent
1262 4060 1458 4149 illud,
1518 4061 1738 4136 veluti
1795 4063 2097 4151 intrusi,
2179 4065 2251 4140 in
2332 4063 2652 4162 pluribus
2732 4061 3054 4160 Templis

931 4200 1299 4275 perperam
1358 4193 1433 4253 et
1476 4178 1712 4254 illicite
1765 4203 2118 4255 exercere.
2175 4179 2617 4278 Quapropter
2683 4193 2761 4252 et
2849 4201 3054 4252 com-
