3317 5267
2319 411 2456 482 551

338 515 475 604 lius
526 523 845 613 Nationis
897 524 985 600 ad
1037 521 1427 602 severiores
1495 524 1992 624 gravioresque
2063 525 2468 625 disciplinas

335 647 759 727 excolendas
836 645 1305 744 propensione
1334 697 1357 732 ,
1430 666 1680 719 eorum
1756 647 2072 721 studium
2123 671 2166 721 a
2245 646 2464 724 Nobis

338 763 841 862 comprobatur
888 774 963 838 et
1012 763 1579 851 commendatur,
1634 785 1800 836 cum
1827 765 1903 837 in
1935 787 2294 840 sacrarum
2345 787 2466 839 re-

336 905 499 958 rum
550 883 927 958 utilitatem
980 880 1515 982 profectumque
1556 892 2038 988 convertant,
2117 905 2300 980 quae
2371 881 2470 956 illi

338 1001 428 1074 ad
478 1023 647 1076 suos
697 1025 869 1076 usus
923 1001 1351 1074 invenerint.

505 1116 599 1191 At
650 1141 821 1195 vero
873 1120 943 1192 in
999 1120 1137 1194 hoc
1187 1119 1609 1216 gravissimo
1646 1139 1817 1192 sane
1853 1117 2137 1215 negotio
2173 1116 2472 1192 tolerare

338 1259 709 1336 nunquam
761 1259 1175 1336 possumne,
1246 1250 1329 1312 ut
1380 1237 1623 1313 omnia
1677 1249 1948 1311 temere
1976 1237 2472 1333 permiscean-

342 1367 485 1444 tur,
544 1367 761 1454 atque
813 1356 995 1433 ratio
1048 1355 1201 1430 illas
1254 1356 1473 1459 etiam
1520 1379 1664 1443 res,
1704 1377 1886 1453 quae
1913 1354 2003 1429 ad
2053 1353 2264 1428 fidem
2320 1376 2472 1451 per-

342 1475 905 1571 tinent,occupet
932 1487 1151 1572 atque
1190 1473 1585 1570 perturbet,
1612 1496 1777 1548 cum
1803 1473 2211 1561 certissimi,
2238 1474 2474 1549 omni-

337 1588 611 1690 busque
646 1589 997 1668 notissimi
1034 1593 1181 1666 sint
1212 1591 1415 1678 fines,
1456 1591 1641 1666 ultra
1677 1615 1860 1690 quos
1885 1590 2066 1667 ratio
2103 1615 2470 1690 nunquam

338 1731 469 1784 suo
514 1707 677 1804 jure
730 1721 845 1782 est
894 1731 1293 1806 progressa,
1354 1708 1465 1784 vel
1528 1709 1854 1807 progredi
1905 1719 2169 1805 potest.
2238 1707 2470 1806 Atque

338 1825 427 1900 ad
477 1823 883 1921 hujusmodi
934 1826 1267 1923 dogmata
1318 1847 1403 1900 ea
1454 1826 1696 1901 omnia
1742 1827 2059 1901 maxime
2112 1837 2190 1900 et
2259 1849 2470 1924 aper-

345 1945 629 2018 tissime
680 1955 1037 2042 spectant,
1090 1966 1275 2041 quae
1310 1943 1922 2040 supernaturalem
1958 1943 2270 2020 hominis
2320 1943 2472 2020 ele-v

338 2062 737 2150 vationem,
791 2084 877 2137 ac
929 2061 1463 2158 supernaturale
1512 2061 1670 2156 ejus
1721 2083 1886 2136 cum
1924 2058 2076 2136 Deo
2111 2083 2466 2137 commer-.

336 2179 537 2254 cium
607 2179 1019 2277 respiciunt,
1074 2193 1289 2278 atque
1344 2179 1431 2252 ad
1486 2178 1680 2276 bunc
1729 2179 1946 2254 finem
1982 2180 2296 2273 revelata
2333 2203 2469 2256 no-

332 2307 659 2372 scuntur.
718 2295 819 2370 Et
866 2319 1039 2372 saue
1091 2320 1259 2372 cum
1312 2297 1491 2371 haec
1540 2296 1874 2395 dogmata
1903 2297 2049 2370 sint
2083 2319 2294 2394 supra
2333 2321 2468 2371 na-

338 2424 601 2500 turam,
659 2413 910 2490 iccirco
962 2415 1269 2510 naturali
1320 2415 1621 2503 ratione,
1649 2437 1734 2489 ac
1784 2414 2222 2490 naturalibus
2258 2415 2458 2513 prin·
2515 2399 2528 2413 ’

334 2533 537 2631 cipiis
571 2534 825 2630 attingi
877 2557 1019 2609 non
1074 2544 1399 2631 possunt.
1455 2532 1834 2630 Nunquam
1872 2536 2222 2633 siquidem
2275 2536 2460 2612 ratio

331 2651 478 2725 suis
529 2649 967 2726 naturalibus
1026 2651 1387 2747 principiis
1464 2651 1553 2725 ad
1630 2651 2042 2750 hujusmodi
2119 2651 2456 2750 dogmata

336 2767 639 2844 scienter
690 2767 1057 2842 tractanda
1108 2767 1285 2843 effici
1322 2779 1563 2865 potest
1614 2769 1893 2844 idonea.

491 2880 693 2973 Quod
742 2885 805 2960 si
856 2883 1035 2959 haec
1112 2885 1247 2959 isti·
1286 2895 1555 2958 temere
1633 2907 2042 2960 asseverare
2091 2887 2399 2962 audeant
2436 2936 2459 2973 ,

335 2999 597 3090 sciant,
648 3024 729 3076 se
780 3013 973 3078 certe
1026 3023 1169 3075 non
1222 3023 1265 3074 a
1314 2998 1794 3098 quorumlibet
1851 2998 2236 3076 Doctorum
2301 3003 2462 3100 opi-

330 3119 571 3208 niens,
624 3122 749 3196 sed
802 3144 843 3196 a
896 3120 1259 3198 communi
1309 3131 1399 3196 et·
1434 3141 1803 3219 nunquam
1857 3121 2238 3196 immutata
2313 3121 2460 3198 Ec-

333 3237 587 3314 clesiae
636 3239 957 3316 doctrina
1008 3240 1364 3316 recedere.
1420 3237 1532 3312 Ex
1584 3239 1844 3315 divinis
1895 3239 2088 3314 enim
2137 3238 2454 3329 Litteris,

334 3366 413 3430 et
465 3354 893 3432 Sanctorum
945 3354 1239 3432 Patrum
1294 3356 1674 3431 traditione
1725 3367 2038 3445 constat,
2092 3355 2226 3433 Dei
2295 3360 2458 3456 qui·-

327 3471 497 3548 dem
548 3473 1033 3561 existentiam,
1086 3473 1491 3571 multasque
1542 3473 1718 3548 alias
1772 3474 2114 3550 veritates
2144 3525 2165 3563 ,
2205 3475 2296 3548 ab
2373 3477 2476 3550 iis.

330 3590 579 3677 etiam,
632 3590 755 3686 qui
806 3589 1019 3664 fidem
1074 3591 1389 3666 nondum
1444 3601 1938 3688 susceperunt,
1993 3593 2298 3666 naturali
2343 3615 2464 3666 ra-

337 3707 553 3784 tionis
603 3708 877 3784 lumine
928 3710 1287 3807 cognosci,
1344 3711 1471 3786 sed
1499 3711 1615 3784 illa
1640 3711 2104 3788 reconditiora
2128 3712 2462 3808 dogmata

332 3825 561 3904 Deum
617 3827 853 3905 solum
906 3828 1427 3918 manifestasse,
1457 3829 1629 3905 dum
1667 3843 1920 3906 notum
1954 3828 2185 3906 facere
2237 3830 2474 3905 voluit.

330 3945 786 4044 mysterium,
843 3944 1030 4046 quod
1082 3945 1570 4020 absconditum
1597 3946 1740 4045 [uit
1789 3969 1836 4019 a
1869 3945 2174 4020 saeculis
2226 3960 2292 4020 et
2343 3971 2466 4046 qe-

333 4059 830 4162 nerationibpas
868 4059 1003 4163 (1),
1059 4075 1125 4136 et
1178 4062 1283 4136 ita
1332 4062 1651 4164 quidm,
1682 4075 1759 4138 ut
1807 4077 2182 4168 postquam
2218 4063 2468 4142 multi-

496 4212 585 4292 (1)
627 4211 759 4279 Col.
802 4213 863 4279 1.
907 4214 1007 4280 26.
