3317 5267
2277 491 2425 561 249

281 611 432 685 niae
469 606 842 682 Dioeceses
872 602 1146 702 iamdiu
1183 613 1540 678 vacantes
1567 601 1837 679 idoneis
1890 605 2431 680 committeren-

280 739 392 803 tur
416 726 811 825 Episcopis‚
849 744 1238 827 eorumque
1289 722 1733 819 eligerentur
1782 722 2240 821 suffraganei.
2298 724 2433 797 ln·-

279 848 482 920 terim
519 868 693 920 vero
721 848 984 919 novam
1011 842 1100 917 de
1123 841 1398 917 meliori
1429 839 1831 917 catholicae
1867 840 2222 917 Ecclesiae
2258 864 2433 916 con-

280 964 540 1039 ditione
592 962 664 1035 in
725 960 1142 1055 Russiarum
1203 958 1518 1055 Imperio
1556 1010 1576 1046 ,
1647 969 1727 1031 et
1799 956 2131 1035 Poloniae
2184 958 2431 1055 Regno

281 1103 472 1178 spem
534 1061 948 1166 habuimus,
1010 1076 1132 1150 ubi
1174 1073 1392 1151 Nobis
1428 1076 1752 1151 innotuit
1780 1086 2235 1173 praesentem
2270 1076 2433 1149 lm·-

283 1208 675 1295 peratorem
712 1195 802 1270 ad
863 1195 1123 1270 solium
1152 1204 1480 1271 evectum
1523 1191 1769 1279 fuisse,
1824 1194 1949 1290 qui
2015 1194 2233 1267 animi
2286 1192 2462 1297 be-·

281 1316 621 1410 nignitate
649 1323 724 1385 et
761 1310 1122 1409 aequitate
1157 1321 1526 1406 praestans
1562 1330 1991 1404 propensam
2028 1330 2229 1383 suam
2264 1332 2431 1405 erga

281 1430 658 1523 catholicos
709 1429 1187 1513 voluntatem,
1245 1424 1358 1499 vel
1411 1448 1452 1499 a
1505 1425 1769 1523 primis
1815 1427 2221 1522 juventutis
2257 1450 2427 1502 suae

280 1551 476 1623 annis
527 1571 741 1645 saepe
817 1546 1257 1632 ostenderat,
1312 1568 1478 1619 cum
1508 1547 1937 1642 praesertim
1966 1545 2036 1618 in
2076 1546 2208 1619 hac
2244 1542 2433 1619 Urbe

281 1666 532 1741 Nostra
581 1677 696 1740 est
747 1674 1101 1738 moratus.
1159 1659 1508 1749 Quocirca
1563 1663 1649 1735 de
1702 1686 1779 1735 re
1815 1662 2161 1736 catholica
2214 1660 2437 1734 vehe-

279 1797 556 1860 menter
603 1782 884 1858 solliciti
935 1783 1022 1856 ad
1074 1782 1310 1878 ipsum
1349 1780 1907 1857 Serenissimum
1946 1805 2027 1858 ac
2080 1778 2429 1855 Potentis-

279 1904 539 1977 simum
593 1899 994 1997 Principem
1045 1898 1395 1973 Nostrum
1469 1900 2107 1976 extraordinarium
2169 1899 2427 1976 Orato-

276 2042 428 2092 rem
482 2017 834 2105 misimus,
905 2016 1028 2114 qui
1081 2016 1148 2089 ei
1200 2017 1598 2091 vastissimi
1653 2016 2081 2091 Russiarum
2142 2018 2425 2114 Imperii

278 2150 642 2234 sceptrum
690 2138 946 2233 adepto
999 2134 1220 2211 effuse
1275 2135 1536 2213 Nostro
1573 2137 1865 2213 nomine
1922 2139 2421 2235 gratularetur,

277 2258 808 2354 maximamque
832 2253 1167 2329 Nostram
1224 2254 1669 2353 voluptatem
1730 2258 2097 2331 nunciaret
2137 2310 2157 2344 ‚
2214 2279 2296 2331 ac
2324 2257 2427 2331 si-

277 2376 427 2450 mul
479 2377 664 2449 iusta
691 2374 948 2451 Nostra
1003 2375 1274 2448 monita
1309 2376 1555 2449 eidem
1582 2374 2011 2472 significaret
2044 2398 2225 2475 quae
2276 2374 2425 2449 No·-

277 2494 444 2569 stris
497 2502 738 2566 essent
789 2492 862 2564 in
915 2492 1129 2580 νοτὶς,
1197 2503 1279 2565 ut
1349 2492 1420 2565 in
1477 2491 1610 2565 illis
1672 2489 2019 2568 Dominiis
2071 2491 2421 2568 catholica

277 2610 592 2685 Ecclesia
645 2632 766 2686 eas
824 2609 1114 2683 tandem
1155 2608 1532 2708 aliquando
1588 2624 2083 2708 assequeretur
2136 2609 2425 2683 utilita-

283 2739 424 2815 teS‚
477 2747 652 2822 quas
699 2724 976 2822 jamdiu
1014 2723 1276 2799 frustra
1327 2736 1985 2822 expectaveramus.
2030 2726 2131 2800 Ac
2168 2722 2425 2803 Noster

277 2842 534 2919 Orator
601 2842 1026 2917 demandato
1076 2842 1209 2917 sibi
1261 2864 1556 2917 munere
1626 2842 1871 2918 sedulo
1904 2840 2205 2939 fungens
2232 2843 2421 2918 haud

282 2960 528 3036 omisit
561 2980 722 3033 cum
759 2960 914 3055 ipso
982 2958 1414 3055 Imperatore
1447 3010 1469 3047 ,
1519 2960 1811 3058 eiusque
1864 2956 2218 3035 Gubernio
2270 2960 2419 3034 col-

286 3078 509 3175 loqui,
570 3088 646 3151 et
699 3078 959 3150 instare
1016 3088 1096 3149 ut
1143 3090 1352 3173 pacta
1409 3090 1761 3151 conventa
1837 3077 2031 3151 omni
2084 3100 2176 3151 ex
2220 3090 2425 3174 parte

287 3194 854 3292 exequutionem
910 3191 1280 3282 haberent,
1319 3204 1394 3269 et
1421 3216 1504 3267 ea
1542 3195 1777 3268 omnia
1802 3208 2419 3291 componerentur,

276 3333 464 3409 quae
517 3310 606 3384 ad
658 3321 990 3407 optatum
1045 3312 1320 3385 exitum
1357 3310 1604 3385 adduci
1655 3311 1949 3385 minime
2008 3322 2412 3407 potuerant.

277 3427 554 3519 Quibus
609 3438 852 3503 autem
907 3428 995 3503 de
1047 3429 1274 3503 causis
1327 3426 1833 3502 Serenissimus
1882 3406 2277 3525 Imperator
2310 3428 2425 3503 iu-

273 3546 610 3623 stissimis
691 3546 967 3623 Nostris
1021 3542 1478 3646 petitionibus
1524 3559 1695 3622 tunc
1756 3547 2047 3621 minime
2116 3550 2368 3622 annuit
2394 3600 2418 3635 ‚

275 3669 394 3741 vel
448 3665 650 3772 facile
703 3678 955 3762 postea
991 3665 1285 3763 intelligi
1337 3666 1573 3764 potuit
1630 3690 1721 3739 ex
1774 3666 1987 3743 variis
2038 3666 2424 3741 documen-

277 3785 376 3858 tis
427 3807 553 3884 per
637 3782 964 3879 publicas
1045 3783 1532 3880 ephemerides
1609 3806 1839 3882 nuper
1889 3784 2193 3880 vulgatis
2239 3835 2260 3870 ,
2342 3807 2423 3857 ac

274 3902 698 3999 praesertim
753 3923 844 3974 ex
895 3898 1233 3975 relatione
1283 3901 1516 3975 eidem
1565 3899 1978 3997 Imperatori
2030 3898 2239 3997 paulo
2292 3920 2422 3971 an-

273 4031 354 4093 te
403 4016 640 4095 Nostri
691 4014 1006 4093 Oratoris
1086 4017 1473 4093 adventum
1527 4017 1616 4092 ab
1664 4020 1751 4093 iis
1828 4018 2144 4120 exhibita
2184 4070 2206 4107 ,
2260 4020 2423 4115 qui·-

273 4132 418 4209 hus
471 4158 732 4209 munus
809 4128 1037 4209 fuerat
1121 4136 1579 4210 commissum
1670 4136 2118 4210 examinandi
2196 4135 2423 4210 varias

277 4276 402 4330 res
455 4254 542 4328 ad
619 4250 1180 4329 Conventionem
1229 4248 1693 4349 :pertinentes
1731 4304 1757 4342 ,
1834 4267 1909 4329 et
1984 4252 2419 4351 praedictum
