3317 5267
856 398 1003 471 394

854 538 987 587 suo
1036 508 1323 585 arbitrio
1376 499 1680 603 probum
1745 504 1958 600 eligat
2035 506 2514 605 idoneumque
2591 502 2985 607 Presbyte-

856 652 1042 715 rum,
1098 627 1209 701 cui
1249 622 1506 697 Vicarii
1546 618 1906 695 Generalis
1945 622 2214 697 tribuat
2249 646 2508 699 munus
2547 648 2710 699 cum
2745 630 2989 701 omni-

856 743 991 819 hus
1044 739 1498 817 facultatibus
1534 738 1948 811 necessariis
2001 749 2076 813 et
2112 742 2556 838 opportuniS,
2587 755 2670 815 ut
2705 743 2794 814 de
2821 744 2985 837 jure

858 861 1321 959 legitimaque
1372 856 1884 931 consuetudine
1937 857 2342 933 universam
2400 856 2796 933 Dioecesim
2867 884 2988 935 re·-

860 994 984 1077 gat
1040 991 1255 1076 atque
1290 977 1768 1063 administren
1803 975 1958 1073 lege
1995 976 2284 1074 insuper
2315 978 2616 1073 adjecta,
2671 991 2756 1052 ut
2803 1001 2992 1074 quo-

870 1101 1005 1173 ties
1056 1110 1129 1174 et
1182 1097 1519 1195 quamdiu
1546 1118 1631 1169 ea
1669 1094 1886 1169 Sedes
1925 1094 2294 1171 Puniensis
2332 1098 2714 1185 vacaverit,
2769 1100 2990 1173 annui

860 1218 1017 1313 ejus
1052 1238 1340 1291 mensae
1384 1214 1726 1301 redditus,
1755 1214 2074 1287 deductis
2101 1216 2346 1313 utique
2374 1214 2701 1289 omnibus
2727 1227 2802 1290 et
2833 1200 2988 1289 sin-

860 1337 1045 1433 gulis
1098 1335 1427 1431 expensis
1480 1334 1551 1405 in
1618 1332 1774 1427 ejus
1831 1330 2298 1428 Episcopatus
2375 1334 2986 1409 administratione

863 1454 1303 1538 necessariis,
1354 1454 1427 1524 in
1484 1462 1629 1525 tres
1681 1450 2010 1548 aequales
2044 1463 2284 1548 partes
2335 1453 2764 1540 dividantur,
2805 1478 2989 1551 qua·-

864 1596 1025 1646 rum
1078 1594 1216 1645 una
1274 1569 1549 1644 Vieario
1602 1570 1674 1641 in
1738 1592 1944 1643 suum
2010 1571 2468 1647 honorarium
2533 1596 2660 1647 seu
2711 1572 2988 1669 stipen-

864 1691 1061 1764 dium
1116 1688 1583 1783 adjudicetur,
1640 1686 1862 1761 altera
1887 1688 2241 1787 Episcopo
2277 1692 2663 1765 successori
2705 1692 2794 1765 ad
2833 1693 2988 1786 ejus

773 1814 789 1833 “
862 1808 1471 1905 opportunitatem
1504 1816 1932 1891 reservetur,
1967 1806 2176 1879 tertia
2201 1806 2492 1880 demum
2533 1807 2643 1879 vel
2680 1808 2752 1879 in
2795 1807 2990 1903 ejus-

860 1927 1029 2000 dem
1077 1922 1437 1998 Ecclesiae
1490 1920 1930 1997 Cathedralis
2009 1922 2348 1999 fabricam
2403 1936 2477 1997 et
2527 1924 2930 1999 Sacrarium
2961 1976 2986 2011 ‚

865 2043 979 2116 vel
1032 2042 1103 2113 in
1181 2039 1692 2115 Dioecesanum
1773 2040 2242 2114 Seminarium
2303 2041 2411 2115 vel
2468 2041 2540 2115 in
2595 2042 2768 2116 alios
2831 2044 2989 2138 pios

862 2184 1035 2236 usus
1086 2160 1271 2231 intra
1324 2158 1474 2253 ejus
1524 2157 1880 2234 Dioecesis
1931 2158 2193 2232 limites
2247 2158 2466 2256 probe
2519 2159 2988 2255 religioseque

865 2279 1338 2373 impendatur,
1394 2287 1607 2371 prout
1663 2272 2062 2349 Cathedrali
2117 2274 2472 2371 Capitulo,
2519 2275 2578 2349 si
2635 2276 2988 2361 extiterit,

866 2396 975 2469 sin
1031 2405 1269 2468 autem
1330 2392 1605 2468 Vicario
1658 2392 1976 2489 praefato
2029 2396 2254 2491 magis
2309 2394 2703 2489 placuerit3
2757 2416 2992 2469 reser-

868 2522 1119 2583 vantes
1172 2510 1389 2584 Nobis
1440 2510 1724 2605 plenam
1761 2506 2196 2606 liberamque
2231 2509 2640 2583 facultatem
2677 2508 2992 2585 Punien-

807 2613 816 2622 ’
864 2650 1019 2701 sem
1057 2624 1447 2699 Dioecesim
1484 2625 1659 2699 adeo
1697 2636 1976 2700 vastam
2011 2627 2414 2723 aliquando,
2455 2638 2530 2701 et
2565 2650 2732 2701 cum
2769 2626 2988 2705 Nobis

866 2764 1257 2839 congruum
1308 2737 1932 2840 opportunumque
1985 2745 2219 2817 visum
2251 2743 2501 2831 fuerit,
2543 2745 2995 2819 circumscri-

868 2860 1105 2947 bendi,
1156 2872 1239 2934 ut
1273 2858 1714 2935 commodius
1769 2871 1844 2932 et
1897 2858 2324 2936 fructuosius
2379 2861 2613 2934 valeat
2663 2863 2816 2957 ipse
2855 2860 2992 2935 An-

870 2980 1075 3054 tistes
1126 2976 1479 3054 Dioecesis
1532 3000 1700 3053 suae
1753 2979 2179 3055 ordinariam
2231 3003 2475 3075 gerere
2557 2979 3000 3075 procuratio-

872 3118 1067 3183 nem,
1096 3098 1633 3193 animarumque
1672 3097 1806 3171 sihi
1843 3098 2402 3173 concreditarum
2431 3097 2772 3192 spirituali
2804 3096 2992 3171 bono

872 3216 1299 3312 prospicere,
1354 3240 1437 3290 ac
1490 3216 1979 3313 impertientes
2031 3217 2408 3290 dumtaxat
2463 3213 2700 3291 futuro
2737 3228 2811 3289 et
2863 3240 2994 3313 pro

874 3350 1197 3431 tempore
1230 3336 1563 3409 existenti
1604 3334 1936 3409 Puniensi
1976 3334 2290 3409 Praesuli
2327 3332 2772 3421 facultatem,
2813 3358 2992 3432 qua·-

875 3439 1083 3525 tenus
1136 3474 1313 3545 opus
1365 3448 1601 3537 fuerit,
1640 3450 2068 3545 paroeciales
2117 3449 2466 3524 Ecclesias
2517 3450 2668 3523 sive
2725 3448 2996 3546 aliqua-

876 3582 1085 3643 tenus
1119 3570 1760 3655 circumscribendi,
1801 3571 1952 3643 sive
1983 3572 2263 3645 noviter
2287 3570 2762 3643 constit-uendi
2799 3592 2992 3643 sem-

873 3709 1003 3782 per
1034 3688 1104 3758 in
1146 3684 1499 3761 Dioecesis
1556 3684 1930 3761 Puniensis
1981 3687 2351 3775 limitibus,
2390 3687 2774 3782 prudenter
2827 3710 2992 3761 cum

872 3802 1173 3877 Limano
1226 3800 1583 3879 Gubernio
1620 3804 1894 3879 collatis
1931 3805 2266 3890 consiliiS‚
2305 3806 2727 3901 praesertim
2781 3830 2995 3901 super

874 3922 959 3995 iis
1011 3942 1191 4019 quae
1242 3922 1577 3995 canonice
1654 3932 1994 4017 oportent
2049 3934 2202 3995 tum
2263 3922 2352 3997 ad
2413 3944 2989 4020 unamquamque

876 4036 1353 4113 parochialem
1408 4037 1798 4113 Ecclesiam
1851 4062 2160 4134 congrue
2210 4040 2626 4125 dotandam,
2698 4052 2848 4113 tum
2905 4042 2994 4113 ad

878 4156 1313 4250 praebendas
1370 4182 1494 4253 pro
1578 4157 1872 4253 singulis
1925 4180 2166 4231 eamm
2227 4160 2652 4235 Rectoribus
2707 4180 2998 4233 eorum-
