3317 5267
2231 430 2368 501 14¹
2427 479 2432 487 ι
2481 436 2500 495 .“

246 546 693 623 stimandum
741 566 955 640 porro
1006 552 1187 629 erat,
1240 552 1561 643 patratae
1613 543 2014 619 violationis
2049 555 2380 619 auctores
2419 564 2435 579 ·

248 690 381 763 per
432 668 728 739 iteratas
781 660 841 737 N
844 673 1080 749 ostras
1126 662 1563 737 monitiones
1616 682 1700 736 ao
1750 661 2074 759 querelas
2109 660 2200 735 ab
2235 662 2377 735 ini-
2471 670 2478 675 “

254 808 405 883 quo
456 780 825 883 proposito
875 779 1265 855 destituros
1302 803 1328 868 3
1380 781 1800 877 praesertim
1852 802 2018 855 cum
2067 780 2378 855 universi

252 899 604 975 Catholici
655 896 865 972 Orbis
916 917 1280 973 sacrorum
1343 894 1714 985 Antistites
1746 950 1766 984 ,
1823 908 1900 971 et
1949 896 2188 971 fideles
2257 922 2376 973 cu·-

250 1020 507 1118 iusq-ue
561 1018 855 1105 ordinis,
908 1016 1305 1114 dignitatis,
1362 1028 1437 1091 et
1488 1018 1910 1093 conditionis
1963 1040 2209 1092 eorum
2245 1042 2375 1092 cu-

248 1162 371 1214 rae
424 1137 789 1213 commissi
842 1158 1011 1213 suas
1060 1137 1326 1212 nostris
1379 1135 2066 1233 expostulationibus
2117 1138 2376 1213 adiun-
2431 1202 2436 1205 .

248 1268 503 1357 gentes
556 1255 876 1331 unanimi
928 1254 1293 1329 alacritate
1344 1251 1729 1331 Nobiscum
1781 1254 1994 1329 huius
2051 1252 2373 1352 Aposto-

239 1376 445 1451 licae·
470 1374 699 1461 Sedis,
754 1383 831 1447 et
878 1370 1297 1447 universalis
1332 1370 1691 1453 Ecclesiae
1717 1371 2170 1470 iustitiaeque
2195 1394 2368 1447 cau-
2497 1423 2503 1429 -

246 1506 405 1569 sam
430 1542 433 1547 -
458 1490 1047 1589 propugnandam
1098 1490 1569 1585 susceperint,
1624 1510 1792 1569 eum
1845 1490 2116 1587 optime
2161 1490 2377 1565 intel·-

252 1610 585 1709 ligerent.
638 1618 1075 1707 quantopere
1126 1607 1379 1695 civilis,
1434 1608 1525 1683 de
1576 1632 1720 1707 quo
1771 1610 2030 1706 agitur,
2107 1610 2376 1706 princi-

254 1738 465 1827 patus
492 1727 583 1801 ad
608 1726 903 1800 liberam
930 1726 1245 1823 supremi
1299 1724 1760 1801 Pontificatus
1817 1728 2374 1803 iurisdietionem

263 1845 575 1922 intersit.
620 1841 883 1921 Verum
939 1838 1457 1941 (horrescentes
1492 1842 1854 1943 dicimusl)
1899 1844 2366 1942 Subalpinum

273 1957 711 2035 Gubernium
753 1978 909 2033 »non
961 1958 1196 2037 solum
1244 1957 1503 2035 Nostra
1556 1960 1856 2049 monita,
1911 1962 2258 2059 querelas,
2299 1976 2378 2037 et

252 2078 761 2154 ecclesiasticas
813 2100 1078 2174 poenas
1129 2078 1590 2173 contempsit,
1642 2078 1768 2151 sed
1820 2077 2038 2151 etiam
2111 2078 2186 2152 in
2239 2102 2366 2154 sua

258 2194 655 2293 persistens
706 2192 1193 2291 improbitate,
1248 2192 1571 2290 populari
1622 2190 1956 2291 suffragio
2023 2196 2372 2292 pecuniiS,

252 2313 495 2402 minis,
550 2323 819 2388 terrore
870 2311 1165 2409 aliisque
1215 2309 1482 2385 callidis
1532 2310 1804 2385 artibus
1854 2323 2100 2389 contra
2153 2338 2366 2390 omne

251 2431 365 2508 ius
414 2442 725 2519 extorto,
780 2432 1073 2509 minime
1122 2428 1477 2505 dubitavit
1527 2444 2122 2509 commemoratas
2211 2434 2372 2511 No·-

250 2561 437 2623 stras
490 2548 901 2625 Provincias
938 2548 1294 2636 invadere,
1324 2571 1698 2646 occupare,
1755 2560 1829 2625 et
1881 2551 1957 2624 in
2008 2574 2212 2627 suam
2239 2575 2374 2649 po—

255 2677 597 2742 testatem
649 2667 1351 2765 dominationemque
1402 2668 1748 2765 redigere.
1808 2666 2038 2742 Verba
2083 2670 2384 2767 quidem-

252 2784 515 2859 desunt
566 2784 655 2859 ad
708 2796 991 2862 tantum
1072 2786 1619 2884 improbandum
1697 2784 1970 2863 facinus
1999 2840 2022 2875 ‚
2077 2789 2150 2861 in
2223 2812 2366 2887 quo

254 2902 461 2999 plura
511 2912 591 2981 et
641 2903 957 2977 maxima
1008 2900 1361 2979 habentur
1413 2901 1745 2979 facinora.
1804 2900 2036 2979 Grave
2072 2926 2382 3003 namque

257 3018 661 3095 admittitur
732 3018 1203 3117 sacrilegium,
1257 3042 1401 3118 quo
1454 3043 1594 3096 una
1665 3020 1879 3095 simul
1937 3022 2163 3097 aliena
2217 3024 2368 3097 iura

258 3146 512 3217 contra
580 3136 979 3213 naturalem
1057 3136 1516 3237 divinamque
1568 3138 1800 3234 legem
1878 3152 2312 3237 usurpantur
2348 3194 2370 3227 ‚

254 3254 493 3330 omnis
543 3256 859 3329 iustitiae
910 3256 1093 3335 ratio
1135 3255 1601 3343 subvertitur,
1656 3266 1732 3331 et
1765 3258 2106 3356 cuiusque
2141 3258 2371 3333 civilis

252 3370 703 3470 Principatus
738 3394 823 3449 ae
863 3374 1083 3449 totius
1109 3373 1465 3451 humanae
1500 3371 1876 3451 societatis
1909 3369 2371 3453 fundamenta

250 3493 548 3591 penitus
604 3504 1051 3572 evertuntur.

406 3609 587 3691 Cum
632 3614 847 3711 igitur
880 3636 971 3691 ex
1008 3636 1151 3690 una
1186 3624 1387 3710 parte
1424 3636 1569 3691 non
1604 3614 1757 3691 sine
1793 3614 2113 3691 martinio
2149 3617 2370 3691 animi

248 3726 491 3803 Nostri
540 3728 780 3806 dolore
814 3730 1317 3835 intelligamus,
1368 3730 1601 3807 irritas
1636 3728 1914 3805 futuras
1963 3754 2186 3806 novas
2237 3754 2370 3805 ex·-

249 3846 771 3945 postulationes
822 3848 1011 3946 apud
1062 3871 1187 3924 eos
1220 3849 1343 3945 qui
1380 3846 1567 3925 velut
1604 3846 1892 3947 aspides
1942 3848 2208 3923 surdae
2256 3846 2380 3921 ob-

248 3979 581 4043 turantes
631 3990 847 4043 aures
896 3990 1065 4044 suas
1104 3968 1279 4044 nihil
1312 3968 1682 4067 hucusque
1733 3969 2024 4043 monitis
2077 3990 2162 4041 ac
2193 3990 2378 4065 que—

253 4086 513 4163 stubus
567 4086 841 4165 Nostris
894 4088 1237 4165 commoti
1270 4101 1469 4178 sunt3
1524 4114 1613 4163 ex
1669 4088 1888 4163 altera
1951 4111 2118 4163 vero
2168 4100 2370 4185 parte

254 4206 511 4282 intime
564 4209 956 4283 sentiamus
996 4208 1167 4304 quid
1206 4229 1248 4281 a
1286 4206 1503 4285 Nobis
1557 4209 1629 4282 in
1683 4218 1882 4281 tanta
1940 4230 2178 4283 rerum
2231 4207 2373 4281 ini-
