3317 5267
875 417 1020 486 678

871 529 1446 626 severior-umque
1527 530 2053 627 disciplinarum
2130 529 2433 606 scholas.
2532 529 2825 606 Etenim
2872 556 2997 628 pro

873 661 1110 722 vestra
1159 648 1506 743 sapientia
1555 651 1831 745 optime
1876 651 2102 724 nostis
2140 702 2163 738 ,
2228 673 2321 724 ex
2382 652 2653 724 eisdem
2742 653 2997 727 scholis

869 768 960 840 ab
1009 765 1364 840 Ecclesiae
1399 767 1746 855 doctrina,
1784 771 2234 856 auctoritate,
2288 781 2365 844 et
2400 771 2761 866 vigilantia
2798 795 3005 848 amo-

871 889 964 963 tis
1015 889 1334 984 graviora
1383 889 1550 962 oriri
1583 889 1845 963 damna
1892 899 1973 962 et
2020 887 2235 972 mala,
2274 889 2849 985 quandoquidem
2886 913 3007 962 er-

867 1003 1150 1080 roribus
1195 1001 1528 1100 falsisque
1605 1004 1949 1079 doctrinis
2000 1005 2051 1076 ii
2104 1005 2521 1100 praesertim
2574 1005 3009 1082 honestioris

865 1122 1109 1196 classis
1161 1121 1492 1195 homines
1541 1122 1953 1197 inficiuntur
2000 1122 2121 1218 qui
2192 1121 2283 1193 ad
2349 1119 2631 1216 publiea
2680 1121 3009 1218 guban-nii

865 1261 1160 1314 munera
1183 1237 1506 1312 obeunda
1567 1239 2035 1324 destinantur,
2092 1237 2355 1332 quique
2390 1237 2479 1310 ad
2536 1259 3007 1312 communem

867 1355 1092 1430 civilis
1141 1354 1503 1430 societatis
1551 1349 1885 1450 spiritum
1952 1352 2407 1428 formandum
2446 1364 2823 1450 tantopere
2890 1377 3011 1428 va·

863 1472 1008 1545 lere
1067 1470 1322 1546 solent.
1387 1469 1618 1567 Atque
1652 1471 1795 1558 hic,
1865 1470 2319 1546 Venerabiles
2354 1469 2663 1558 Fratres,
2702 1495 2745 1544 a
2782 1470 3007 1546 Vobis

865 1588 1344 1685 exposcimus,
1415 1601 1498 1661 ut
1534 1611 1701 1686 prae
1730 1587 1951 1663 oculis
2008 1585 2266 1660 hahere
2321 1586 2552 1660 velitis
2620 1608 2803 1683 quae
2852 1587 3005 1662 Nos

863 1706 986 1778 isti
1048 1703 1444 1778 Venerabili
1505 1703 1735 1778 Fratri
1790 1703 2127 1800 Gregorio
2207 1701 2753 1800 Archiepiscopo
2836 1703 2999 1780 Mo·-

861 1823 1148 1896 nacensi
1197 1845 1328 1919 per
1385 1821 1719 1896 Nostram
1788 1820 2183 1917 Epistulam
2267 1820 2381 1892 die
2433 1823 2520 1892 21
2586 1818 3007 1894 Decembris

865 1961 1052 2014 anno
1137 1940 1494 2036 superiore
1581 1937 2127 2034 significavimus
2180 1937 2271 2010 de
2340 1935 2847 2032 philosophicis
2918 1957 3005 2012 ac

861 2056 1272 2153 theologicis
1332 2056 1721 2152 disciplinis
1785 2055 2167 2142 tradendis,
2240 2077 2325 2128 ac
2396 2051 2538 2128 Vos
2614 2053 3004 2150 impensis-

857 2175 1038 2250 sime
1087 2176 1486 2262 hortamur‚
1539 2184 1619 2250 ut
1692 2185 1969 2250 vestras
2036 2195 2287 2248 omnes
2346 2194 2553 2246 curas
2610 2174 3006 2269 cogitatio-

855 2313 1126 2389 nesque
1179 2293 1254 2364 in
1304 2304 1707 2367 accuratam
1760 2289 1945 2364 Cleri
2024 2289 2551 2364 institutionem
2628 2287 2997 2364 educatio-

853 2429 1166 2504 nemque
1215 2409 1534 2504 quotidie
1581 2409 1811 2503 magis
1872 2405 2429 2502 promovendam
2514 2404 2995 2478 indesinenter

853 2523 1258 2610 conseratis,
1345 2524 1657 2621 nihilque
1710 2526 2145 2598 intentatum
2196 2521 2649 2619 relinquatis,
2706 2535 2787 2596 ut
2862 2545 2982 2596 ve—

852 2652 1000 2716 ster
1050 2637 1294 2716 Clerus
1347 2641 1632 2738 plenam
1686 2642 1903 2730 illam,
1968 2641 2401 2737 solidamque
2453 2640 2714 2714 habeat
2764 2642 2979 2714 insti-

853 2757 1232 2846 tutionem,
1287 2781 1468 2856 quae
1537 2783 1629 2834 ex
1691 2761 1885 2856 puris
1924 2759 2639 2856 incontaminatisque
2675 2757 2985 2836 fontibus

851 2873 1132 2962 hausta,
1213 2886 1290 2950 et
1362 2877 1728 2952 communi
1798 2875 2207 2952 Catholicae
2252 2875 2613 2951 Ecclesiae
2682 2877 2993 2952 docendi

849 2995 1122 3068 ratione
1175 2995 1414 3069 innixa
1467 2996 1580 3068 illa
1633 2997 1873 3070 omnia
1924 3009 2291 3070 removeat
2328 2995 2661 3093 pericula,
2724 2995 2995 3094 quihus

849 3133 1034 3185 nova
1085 3110 1424 3186 hodierna
1511 3113 1808 3188 docendi
1868 3123 2265 3210 systemata
2342 3135 2554 3210 super
2640 3114 2997 3190 scientiae

849 3227 1251 3302 libertatem
1306 3229 1416 3302 vel
1504 3230 1741 3324 potius
1827 3228 2189 3306 licentiam
2242 3227 2533 3304 fundata
2572 3281 2593 3316 ,
2666 3251 2754 3303 ac
2824 3242 2993 3304 tan·

849 3357 1096 3440 tepere
1191 3346 1448 3420 iactata
1549 3357 1719 3420 sunt
1793 3347 2213 3420 necessario·
2247 3346 2575 3420 obnoxia.
2628 3344 2999 3434 Quamob-

849 3481 1004 3534 rem
1079 3463 1554 3538 vel-maxime
1640 3476 1969 3560 optamus
2006 3515 2031 3552 ‚
2137 3462 2584 3538 Venerabiles
2670 3463 2997 3554 Fratres,

847 3591 932 3652 ut
989 3581 1332 3654 memoria
1391 3592 1740 3676 repetere,
1802 3595 1879 3654 et
1954 3581 2246 3678 exsequi
2323 3580 2553 3654 velitis
2588 3603 2675 3654 ea
2712 3585 2997 3672 omnia,

853 3719 1038 3792 quae
1071 3699 1210 3770 iam
1241 3697 1408 3772 alias
1448 3698 1559 3772 vel
1593 3699 2069 3786 omnibus,vel
2095 3698 2385 3796 singulis
2420 3701 2633 3774 vestri
2683 3699 3001 3798 Episco-

846 3813 1028 3912 palis
1063 3812 1346 3888 Ordinis
1373 3815 1917 3913 significavimus
1956 3815 2556 3916 vehementerque
2610 3841 2999 3895 commen—

847 3934 1170 4010 davimus
1233 3936 1467 4032 quoad
1519 3933 1949 4010 clericorum
2000 3937 2391 4011 Seminaria
2460 3961 2550 4012 ex
2600 3941 2997 4035 providen-

851 4052 1142 4127 tissimis
1197 4051 1490 4128 Concilii
1546 4053 1935 4128 Tridentini
1986 4053 2435 4143 praescriptis
2506 4058 2831 4154 erigenda
2916 4071 2999 4132 et
