3317 5267
2099 440 2246 511 317

193 570 272 620 ιες
307 543 692 619 necessario
731 564 952 637 usque
991 542 1076 615 ad
1117 542 1747 637 opportunitatem,
1788 546 1993 621 sicuti
2034 564 2146 624 est
2175 556 2243 626 in

193 686 340 736 more
398 659 864 753 institutoque
929 658 1273 752 positum,
1335 679 1761 753 componere
1812 684 1939 757 pro
1994 672 2245 741 annuis

197 780 422 853 raefati
477 775 778 872 Capituli
831 773 1276 871 praebendis,
1318 788 1472 849 tum
1525 800 1654 872 pro
1682 778 2245 884 quibuscumque

193 897 507 991 npendiis
543 894 614 966 in
670 894 824 987 ejus
863 889 1304 965 Cathedralis
1341 891 1677 967 fabricam
1734 906 1809 967 et
1858 902 2243 977 sacrarium

193 1015 464 1089 cntinuo
513 1009 986 1098 conferendis,
1027 1024 1181 1084 tum
1221 1013 1524 1109 denique
1578 1036 1706 1107 pro
1760 1017 2067 1111 erigendi
2114 1023 2247 1098 Se-

193 1133 402 1206 ninarii
443 1132 852 1205 Dioecesani
891 1133 1414 1206 sustentatione
1451 1142 1526 1205 et
1561 1133 2029 1225 increment03
2078 1142 2243 1221 hinc

193 1253 314 1323 icta
371 1247 772 1345 Apostolica
827 1248 1254 1321 auctoritate
1309 1250 1718 1335 statuimuS,
1756 1264 1839 1323 ut
1892 1262 2243 1349 quemad-

193 1370 413 1443 1odum
469 1384 509 1439 a
563 1366 846 1440 laudato
885 1362 1245 1437 Gubernio
1299 1388 1638 1460 sponsum
1678 1378 1787 1440 est
1826 1368 1960 1444 hae
1998 1375 2249 1472 singu-

201 1510 238 1558 e
287 1486 683 1559 dotationes
737 1483 824 1554 ad
879 1480 1174 1554 aliarum
1229 1482 1646 1555 viciniorum
1715 1484 2241 1569 (lathedralium

197 1600 600 1673 eclesiarum
665 1616 992 1669 normam
1062 1596 1386 1691 protinus
1463 1598 1644 1671 inter
1715 1600 2269 1704 infrascriptum-

193 1716 600 1790 raesentium
640 1710 1199 1809 Exequutorem‚
1242 1716 1348 1787 sin
1389 1726 1628 1789 autem
1672 1718 1857 1793 inter
1885 1719 2247 1821 Cayesen..

193 1858 276 1925 em
317 1832 776 1929 Episcopum,
817 1844 892 1905 et
927 1828 1268 1905 Haitanae
1311 1832 1765 1929 Reipublicae
1802 1836 2239 1920 Gubernium

193 1951 584 2025 ›ncilientur
633 1972 714 2023 ac
765 1960 965 2023 certo
1015 1961 1502 2047 perpetuoque
1568 1954 1781 2028 modo
1832 1958 2240 2055 singulatim

193 2069 612 2165 ljudicentur
647 2080 840 2142 sarto
879 2078 1068 2142 tecto
1100 2069 1258 2164 Jure
1287 2092 1737 2168 quocumque
1773 2071 2015 2151 favore
2068 2080 2245 2179 Epi-

193 2186 422 2281 :opalis
456 2208 746 2261 mensae
781 2198 856 2259 et
894 2184 1250 2261 Ecclesiae
1289 2186 1727 2263 Cathedralis
1766 2190 2089 2291 illiusque
2116 2198 2243 2274 Ca-

195 2304 322 2376 tuli
377 2312 450 2375 et
484 2300 856 2376 Seminarii
891 2326 1022 2377 nec
1057 2326 1198 2376 non
1237 2303 1534 2377 aliarum
1571 2328 1853 2403 quoque
1882 2312 2233 2389 minorum

193 2419 586 2495 :elesiarum
635 2434 708 2494 et
735 2422 1148 2517 quorumvis
1177 2422 1452 2515 piorum
1482 2424 1979 2504 Institutorum
2011 2456 2241 2529 quan-

193 2561 514 2635 »cumque
571 2539 640 2611 in
693 2560 776 2611 ea
816 2549 964 2612 tota
1002 2536 1318 2613 Dioecesi
1357 2545 1759 2617 extantium
1796 2544 1977 2621 bona
2018 2552 2241 2625 stabi-

193 2684 200 2727 ι
259 2655 480 2729 libere
543 2654 872 2752 liciteque
935 2655 1207 2751 legandi
1276 2658 1681 2753 acquirendi
1747 2662 2101 2761 plenoque
2165 2680 2239 2742 et

195 2773 440 2846 »soluto
491 2772 805 2863 dominio
858 2772 1260 2869 possidendi
1318 2774 1857 2853 administrandi
1892 2794 1966 2853 et
2006 2785 2241 2858 vindi-

195 2892 368 2977 ndi,
425 2891 596 2986 quin
652 2914 733 2963 ea
787 2903 862 2964 et
915 2891 1048 2963 alia
1103 2914 1423 2989 quaeque
1478 2898 1893 2990 quarumvis
1960 2900 2235 2995 piarum

195 3007 608 3080 ndationum
661 3006 848 3079 bona
901 3018 975 3079 et
1032 3009 1148 3102 pia
1203 3009 1530 3081 instituta
1583 3025 1851 3106 queant
1884 3038 2045 3088 cum
2086 3018 2237 3093 aliis

197 3123 472 3219 njungi,
511 3126 930 3200 commutari
967 3110 1338 3220 multoque
1375 3124 1612 3199 minus
1639 3127 1936 3203 distrahi
1964 3143 2037 3203 et
2066 3134 2237 3206 alie-

196 3242 262 3311 ri
315 3238 586 3335 absque
627 3238 826 3312 Sedis
868 3237 1312 3333 Apostolicae
1363 3243 1813 3330 auctoritate,
1864 3246 2081 3319 'salvis
2126 3259 2239 3321 ta·-

195 3383 272 3431 en
339 3355 791 3431 facultatibus
881 3378 922 3429 a
1011 3354 1323 3431 Concilio
1380 3358 1795 3437 Tridentino
1868 3360 2237 3463 Episcopis

195 3474 434 3549 nsulto
472 3472 780 3559 tributis,
821 3494 902 3545 ac
939 3472 1160 3545 firmis
1195 3472 1554 3549 Ecclesiae
1587 3477 1905 3549 doctrina
1944 3479 2237 3579 ejusque

195 3590 478 3685 §ciplina
527 3588 622 3661 ab
671 3589 1080 3685 Apostolica
1136 3590 1318 3663 Sede
1372 3591 1759 3687 approbata
1822 3598 2053 3691 quoad
2114 3620 2237 3670 ce·-

195 3732 262 3781 ra
301 3708 424 3781 hic
458 3706 896 3784 enucleatius
933 3728 1072 3779 non
1113 3708 1482 3794 recensita,
1521 3732 1703 3806 quae
1740 3712 1891 3784 sive
1928 3712 2015 3785 ad
2046 3710 2233 3806 jura,

195 3854 258 3902 *c
297 3830 386 3903 ad
429 3829 694 3913 munia,
743 3827 894 3899 sive
921 3826 1006 3899 ad
1039 3848 1401 3921 personas,
1435 3830 1588 3903 sive
1616 3832 1705 3903 ad
1744 3852 1853 3903 res
1882 3830 2237 3907 Ecclesia-

197 3974 286 4023 co
351 3948 618 4021 intuitu
670 3944 1052 4042 pertinent.

257 4064 484 4138 Porro
519 4064 838 4158 inspecto
875 4070 1136 4133 eventu
1175 4062 1561 4135 vacationis
1589 4062 1949 4159 praefatae
1978 4062 2235 4138 Cathe-

195 4182 314 4255 ilis
344 4178 1152 4275 Ecclesiae'Cayesensis
1177 4179 1643 4271 declaramuS,
1679 4196 1757 4256 ut
1786 4184 2067 4279 quoties
2096 4180 2239 4261 Ec-
