3317 5267
861 439 946 512 ⁷1
965 443 1006 512 2

1005 552 1184 629 Llll.
1243 556 1701 652 Abrogandae
1752 568 1919 631 sunt
1968 555 2157 653 leges
2210 577 2390 653 quae
2478 557 2566 630 ad
2618 555 2973 654 religiosa-
3036 565 3042 572 '

855 694 1012 746 rum
1065 672 1488 746 familiarum
1541 683 1809 747 statum
1862 673 2266 759 tutandum,
2296 697 2683 771 earumque
2718 676 2871 748 iura
2904 689 2981 750 et

858 789 1086 863 officia
1137 791 1520 886 pertinent;
1573 790 1795 862 immo
1846 800 2087 884 potest
2134 790 2339 864 civile
2424 790 2846 887 gubernium
2903 793 2989 864 iis

859 904 1188 980 omnihus
1241 905 1580 980 auxilium
1631 916 2015 1001 praestare,
2070 907 2191 1002 qui
2244 929 2285 978 a
2334 915 2666 1003 suscepto
2710 908 2998 1004 religio-

857 1046 982 1098 sae
1037 1025 1224 1098 vitae
1267 1024 1604 1098 instituto
1650 1023 1948 1098 deficere
1996 1045 2083 1098 ac
2128 1024 2471 1098 solemnia
2526 1039 2719 1099 vota
2792 1025 3001 1098 fmu-

862 1161 1026 1237 gere
1079 1142 1326 1228 velint3
1380 1142 1787 1237 pariterque
1836 1152 2099 1237 potest,
2138 1141 2497 1238 religiosas
2548 1144 2833 1216 easdem
2886 1142 3000 1216 fa-

861 1260 1087 1334 milias
1139 1260 1426 1356 perinde
1507 1283 1588 1332 ac
1637 1258 2038 1355 collegiatae.
2121 1259 2471 1334 Ecclesiae
2524 1272 2599 1333 et
2648 1259 2995 1334 beneficia

861 1379 1206 1473 simplicia
1257 1379 1472 1452 etiam
1521 1378 1693 1452 iuris
1746 1389 2159 1473 patronatus
2210 1379 2493 1474 penitus
2544 1380 2997 1476 extinguere,

860 1493 1276 1591 illorumque
1329 1493 1514 1568 bona
1566 1502 1642 1565 et
1692 1494 1959 1566 reditus
2010 1492 2232 1568 civilis
2284 1496 2659 1590 potestatis
2746 1496 3009 1570 admi--

859 1613 1262 1690 nistrationi
1313 1625 1390 1688 et
1440 1612 1729 1687 arbitrio
1778 1611 2121 1686 subiicere
2172 1623 2247 1686 et
2298 1615 2677 1688 vindicare.

1066 1741 1280 1812 Alloc.
1333 1742 1824 1810 Acerbissimum
1870 1742 1957 1811 27
2006 1741 2391 1830 septembris
2440 1743 2637 1811 1852.

1070 1847 1280 1916 Alloc.
1334 1847 1536 1914 Probe
1565 1851 1981 1916 memineritis
2026 1846 2117 1914 22
2162 1847 2449 1915 ianuarii
2483 1845 2679 1916 1855.

1067 1948 1279 2021 Alloc.
1335 1953 1492 2020 Cum
1537 1970 1717 2036 saepe
1758 1949 1849 2016 26
1884 1950 2033 2018 iulii
2081 1948 2279 2018 1855.

1015 2068 1193 2146 LIV.
1253 2071 1482 2168 Reges
1533 2083 1610 2146 et
1662 2069 2022 2165 Principes
2074 2093 2215 2144 non
2268 2070 2501 2148 solum
2590 2071 2681 2144 ab
2732 2071 3000 2148 Eccle—

860 2191 1003 2264 siae
1056 2191 1532 2266 iurisdictione
1586 2190 2019 2276 eximuntur,
2074 2213 2323 2264 verum
2376 2192 2593 2264 etiam
2650 2192 2717 2264 in
2770 2214 2998 2289 quae-

863 2307 1208 2386 stionibus
1253 2305 1747 2383 iurisdictionis
1777 2307 2187 2382 dirimendis
2220 2309 2615 2404 superiores
2654 2320 2823 2384 sunt
2852 2308 2999 2383 Ec-

865 2426 1235 2610 elesmLitt.
1285 2540 1513 2632 Apost.
1564 2546 1959 2632 Multiplices
1984 2549 2165 2612 inter
2192 2540 2282 2612 10
2314 2547 2485 2612 iunii
2520 2543 2720 2616 1851.

741 2764 750 2772 .
1021 2659 1166 2734 LV.
1249 2661 1560 2738 Ecclesia
1613 2687 1654 2736 a
1707 2665 1913 2740 Statu
1954 2717 1975 2754 ‚
2057 2667 2439 2764 Statusque
2515 2665 2605 2739 ab
2682 2662 2989 2738 Ecclesia

865 2780 1332 2877 seiungendus
1385 2792 1518 2855 est.

1035 2911 1276 2980 .Alloc.
1301 2910 1817 2980 ‘Acerbissimum
1862 2911 1949 2980 27
1996 2911 2381 3002 septembris
2428 2907 2625 2980 1852.

1741 3159 1845 3252 .§.
1917 3155 2063 3229 vn.

1065 3389 1388 3511 Error-es-
1418 3391 1506 3464 de
1557 3389 1805 3466 Ethica
1856 3386 2175 3464 nolon-ali
2239 3403 2303 3464 et
2362 3390 2782 3464 christiana.

864 3667 879 3676 ·
1013 3621 1166 3697 LVI
1175 3681 1192 3696 .
1247 3623 1522 3700 Morum
1575 3628 1765 3723 leges
1816 3627 2051 3702 divina
2102 3626 2288 3700 haud
2331 3637 2546 3723 egent
2592 3626 2999 3714 sanctione,

861 3743 1291 3841 minimeque
1341 3767 1520 3840 opus
1571 3755 1683 3818 est
1734 3757 1815 3818 ut
1864 3732 2215 3820 humsnae
2292 3745 2481 3843 leges
2532 3747 2617 3819 ad
2692 3761 3003 3820 naturae

858 3859 967 3934 ius
1015 3858 1548 3936 conformentur
1595 3873 1719 3936 aut
1768 3861 2115 3960 obligandi
2164 3865 2313 3936 vim
2346 3887 2388 3936 a
2426 3861 2573 3939 Deo
2604 3863 2995 3960 accipiant.

1067 3975 1272 4044 Alloc.
1323 3979 1622 4048 Maxima
1666 3981 1915 4067 quidem
1960 3979 2005 4047 9
2036 3980 2207 4048 iunii
2240 3977 2442 4046 1862.

1015 4095 1132 4169 LV
1135 4097 1224 4170 ΙΙ.
1285 4097 1929 4197 philosophicarum
1982 4123 2217 4177 rerum
2270 4123 2695 4196 morumque
2750 4100 2997 4174 scien-
