3317 5267
894 461 1034 537 072

872 575 1021 650 Kal.
1077 574 1118 648 J
1126 573 1244 650 uln
1319 574 1484 646 anni
1537 569 1753 646 huius
1808 571 2173 646 vertentis.
2230 568 2719 662 Quamobrem
2792 581 2871 644 ut
2920 570 3001 643 in

877 703 1074 768 tanta
1151 703 1554 786 temporum
1607 689 1979 784 iniquitate
2010 739 2030 776 ,
2117 711 2261 786 qua
2346 689 2735 784 impiorum
2802 688 3013 762 annis

875 809 1186 884 Ecclesia
1225 805 1354 882 Dei
1397 806 1859 879 vehementer
1895 817 2372 902 oppugnatur,
2411 805 2727 880 habeant
2770 804 3015 880 fideles

875 929 946 1000 in
1001 925 1136 1000 hoc
1185 925 1534 999 acerrimo
1582 920 1991 998 Catholicae
2042 923 2203 998 fidei
2242 925 2521 1000 vindice
2570 923 3015 1000 luculentum

877 1067 1046 1140 prae
1085 1042 1306 1117 oculis
1345 1040 1731 1136 exemplar,
1770 1042 1955 1136 quod
1994 1041 2365 1116 imitentur
2432 1043 2503 1114 in
2552 1043 3019 1117 custodiendo

878 1162 1190 1257 pretioso
1273 1159 1432 1234 fidei
1491 1158 1824 1233 thesauro
1853 1209 1876 1243 ,
1932 1161 2085 1232 sine
2164 1181 2305 1256 qua
2358 1158 2663 1233 obtineri
2726 1171 3019 1234 aeterna

879 1277 1068 1352 salus
1121 1279 1396 1374 nequit,
1449 1300 1528 1350 ac
1581 1273 1910 1370 precibus
1962 1273 2105 1348 Nos
2156 1277 2463 1372 permoti
2515 1275 2659 1349 fere
2694 1276 3019 1350 cronium

881 1393 1258 1470 Sacrorum
1317 1389 1739 1466 Germaniae
1796 1390 2215 1466 Antistitum
2246 1441 2271 1478 ,
2320 1403 2397 1466 et
2448 1392 2822 1466 universae
2872 1390 3025 1466 So-

883 1512 1156 1588 cietatis
1187 1509 1383 1584 ‘Jesu
1415 1561 1436 1596 ,
1475 1509 1566 1584 de
1615 1507 1919 1582 consilio
1996 1519 2071 1580 et
2121 1529 2417 1584 assensu
2500 1507 3027 1584 venerabilium

883 1629 1212 1704 Fratrum
1267 1627 1689 1705 Nostrorum
1748 1625 1825 1698 S.
1886 1625 1973 1700 R.
2032 1625 2117 1698 E.
2160 1625 2634 1702 cardinalium
2688 1627 3033 1721 legitimis

881 1744 1135 1818 ritibus
1159 1743 1671 1840 cognoscendis
1704 1743 2295 1838 praepositorum,
2324 1745 2747 1818 auctoritate
2771 1740 3036 1816 Nostra

891 1861 1294 1958 Apostolica
1325 1872 1569 1932 tenore
1601 1860 2079 1956 praesentium
2106 1857 2516 1932 facultatem
2544 1857 3025 1954 impertimur,

892 1994 974 2056 ut
1028 1994 1464 2056 memoratus
1519 1977 1953 2054 Venerabilis
2010 1977 2133 2052 Dei
2192 1977 2525 2054 Famulus
2578 1977 2837 2052 Petrus
2890 1976 3029 2052 Ga-

885 2097 1108 2172 nisius
1148 2095 1350 2170 Beati
1385 2097 1671 2169 nomine
1710 2095 1782 2168 in
1818 2105 2181 2190 posterum
2222 2107 2699 2191 nuncupetur,
2726 2094 3027 2191 eiusque

885 2236 1140 2308 corpus
1217 2225 1291 2286 et
1343 2212 1616 2308 lipsana
1671 2231 1797 2286 seu
1842 2211 2175 2308 reliquiae
2205 2264 2228 2297 ,
2273 2237 2421 2288 nou
2472 2225 2711 2288 tamen
2780 2215 2855 2286 in
2906 2235 3028 2286 so·

884 2329 1238 2402 lemnibus
1289 2327 1919 2424 supplicationibus
1968 2326 2415 2416 detenendae,
2472 2329 2799 2426 publicae
2850 2331 3025 2404 fide-

885 2447 1060 2520 lium
1121 2446 1554 2520 venerationi
1605 2460 2118 2542 proponantur.
2180 2444 2552 2522 Praeterea
2586 2450 2837 2524 eadem
2890 2471 3021 2522 au-

888 2563 1214 2637 ctoritate
1261 2563 1715 2638 concedimus
1746 2615 1765 2651 ,
1824 2576 1905 2636 ut
1956 2564 2043 2638 de
2097 2563 2211 2638 illo
2266 2567 2605 2640 recitetur
2684 2565 2888 2640 Missa
2940 2577 3021 2638 et

888 2682 1194 2757 officium
1249 2683 1336 2756 de
1373 2685 1735 2758 communi
1792 2680 2226 2758 confessoris
2262 2701 2407 2760 non
2461 2683 2817 2762 pontificis
2848 2707 3019 2760 cum

891 2797 1326 2874 orationibus
1365 2799 1663 2895 propriis
1700 2821 1739 2870 a
1776 2797 1993 2874 Nobis
2031 2799 2435 2896 approbatis
2472 2805 2675 2878 iuxta
2711 2801 3026 2880 rubricas

889 2916 1198 2992 missalis
1247 2929 1320 2992 et
1372 2916 1709 2992 Breviarii
1764 2917 2095 2992 Romani.
2153 2917 2521 2996 Eiusmodi
2604 2943 2775 2996 vero
2826 2919 3035 2996 officii

891 3035 1378 3110 recitationem
1459 3034 1907 3110 concedimus
1959 3034 2112 3108 fieri
2188 3036 2569 3112 dumtaxat
2616 3037 2691 3110 in
2744 3037 3035 3114 dioece-

893 3154 1090 3229 sibus
1143 3152 1644 3227 Ultraiectensi
1696 3166 1774 3226 et
1827 3152 2283 3240 Lausanensi,
2338 3165 2553 3252 atque
2608 3156 2677 3228 in
2744 3155 3033 3251 templis

897 3284 1112 3368 atque
1164 3269 1522 3358 domibus,
1577 3270 1696 3346 ubi
1752 3271 2067 3346 Societas
2117 3271 2288 3346 Jesu
2340 3272 2667 3346 instituta
2720 3275 3038 3368 reperia-

903 3403 1044 3474 tur,
1101 3387 1214 3461 die
1267 3385 1528 3460 XXVII
1585 3388 1839 3485 Aprilis
1892 3389 1983 3464 ab
2030 3390 2369 3466 omnibus
2414 3387 3035 3476 christifidelibus,

899 3517 1046 3596 tam
1104 3505 1603 3592 saecularibus,
1661 3527 1875 3603 quam
1934 3505 2421 3601 RegularibuS,
2474 3509 2596 3602 qui
2646 3507 2861 3582 horas
2910 3531 3037 3581 ca-

899 3622 1188 3698 nonicas
1219 3623 1515 3695 recitare
1555 3633 1961 3710 teneantur3
1986 3634 2062 3696 et
2096 3624 2285 3718 quod
2337 3623 2427 3698 ad
2460 3623 2711 3700 Missas
2744 3623 3035 3710 attinet,

899 3741 990 3816 ab
1025 3741 1354 3818 omnibus
1385 3741 1879 3816 Sacerdotibus
1914 3743 2001 3817 ad
2042 3743 2335 3838 templa,
2364 3743 2435 3816 iu
2468 3743 2731 3840 quibus
2764 3742 3033 3820 festum

899 3861 1158 3956 agitur,
1191 3857 1729 3934 confluentibus.
1786 3857 2105 3956 Denique
2156 3859 2635 3949 concedimus,
2690 3873 2775 3934 ut
2842 3881 3033 3934 anuo

898 3999 940 4049 a
991 3978 1176 4051 datis
1227 3975 1419 4048 hisce
1472 3973 1765 4050 Litteris
1814 3977 2045 4073 primo
2068 3977 2427 4052 Solemnis
2484 3975 3037 4052 Bean'flcatiouis

901 4093 1338 4168 Venerabilis
1393 4095 1590 4186 Servi
1647 4095 1773 4172 Dei
1830 4095 2023 4188 Petri
2070 4095 2337 4173 canisii
2388 4100 2463 4172 in
2514 4097 2800 4194 templis
2832 4096 3036 4170 dioe-

903 4213 1170 4286 cesium
1223 4213 1569 4288 dictarum
1623 4225 1699 4286 et
1750 4214 2021 4290 Societa
2036 4216 2125 4288 tis
2182 4215 2351 4290 Jesu
2384 4213 2829 4292 celebrentur
2860 4235 3031 4288 cum
