<?xml version="1.0" encoding="UTF-8"?>
<!DOCTYPE html PUBLIC "-//W3C//DTD XHTML 1.0 Transitional//EN"
    "http://www.w3.org/TR/xhtml1/DTD/xhtml1-transitional.dtd">
<html xmlns="http://www.w3.org/1999/xhtml" xml:lang="en" lang="en">
 <head>
  <title>
</title>
<meta http-equiv="Content-Type" content="text/html;charset=utf-8" />
  <meta name='ocr-system' content='tesseract 3.04.00' />
  <meta name='ocr-capabilities' content='ocr_page ocr_carea ocr_par ocr_line ocrx_word'/>
</head>
<body>
  <div class='ocr_page' id='page_1' title='image "./piiixpontificis00ixgoog_0124.png"; bbox 0 0 3317 5267; ppageno 0'>
   <div class='ocr_carea' id='block_1_1' title="bbox 902 458 3042 783">
    <p class='ocr_par' dir='ltr' id='par_1_1' title="bbox 902 458 3042 783">
     <span class='ocr_line' id='line_1_1' title="bbox 968 458 1057 526; baseline -0.022 0"><span class='ocrx_word' id='word_1_1' title='bbox 968 458 1057 526; x_wconf 78' lang='lat'><strong>14</strong></span> 
     </span>
     <span class='ocr_line' id='line_1_2' title="bbox 902 460 3042 663; baseline -0.004 -19"><span class='ocrx_word' id='word_1_2' title='bbox 902 460 1085 659; x_wconf 58' lang='lat' dir='ltr'><strong>tiam,</strong></span> <span class='ocrx_word' id='word_1_3' title='bbox 1142 569 1231 642; x_wconf 89' lang='lat' dir='ltr'><strong>ad</strong></span> <span class='ocrx_word' id='word_1_4' title='bbox 1284 569 1613 641; x_wconf 79' lang='lat' dir='ltr'><strong>examina</strong></span> <span class='ocrx_word' id='word_1_5' title='bbox 1667 567 2046 661; x_wconf 80' lang='lat' dir='ltr'><strong>deputatos</strong></span> <span class='ocrx_word' id='word_1_6' title='bbox 2097 562 2420 645; x_wconf 76' lang='lat' dir='ltr'><strong>mittere,</strong></span> <span class='ocrx_word' id='word_1_7' title='bbox 2453 570 2668 657; x_wconf 83' lang='lat' dir='ltr'><strong>atque</strong></span> <span class='ocrx_word' id='word_1_8' title='bbox 2719 588 2760 637; x_wconf 89' lang='lat' dir='ltr'><strong>a</strong></span> <span class='ocrx_word' id='word_1_9' title='bbox 2799 565 3042 663; x_wconf 82' lang='lat' dir='ltr'><strong>Supe-</strong></span> 
     </span>
     <span class='ocr_line' id='line_1_3' title="bbox 904 680 2770 783; baseline -0.005 -20"><span class='ocrx_word' id='word_1_10' title='bbox 904 686 1213 763; x_wconf 84' lang='lat' dir='ltr'>rioribus</span> <span class='ocrx_word' id='word_1_11' title='bbox 1264 686 1655 783; x_wconf 78' lang='lat' dir='ltr'><strong>periodicas</strong></span> <span class='ocrx_word' id='word_1_12' title='bbox 1705 684 2084 759; x_wconf 80' lang='lat' dir='ltr'><strong>relationes</strong></span> <span class='ocrx_word' id='word_1_13' title='bbox 2139 680 2426 773; x_wconf 77' lang='lat' dir='ltr'><strong>exigere</strong></span> <span class='ocrx_word' id='word_1_14' title='bbox 2479 681 2770 773; x_wconf 85' lang='lat' dir='ltr'><strong>poterit.</strong></span> 
     </span>
    </p>
   </div>
   <div class='ocr_carea' id='block_1_2' title="bbox 1781 910 2140 989">
    <p class='ocr_par' dir='ltr' id='par_1_2' title="bbox 1781 910 2140 989">
     <span class='ocr_line' id='line_1_4' title="bbox 1781 910 2140 989; baseline -0.014 0"><span class='ocrx_word' id='word_1_15' title='bbox 1781 914 1955 989; x_wconf 71' lang='lat' dir='ltr'><strong>An.</strong></span> <span class='ocrx_word' id='word_1_16' title='bbox 2016 910 2140 986; x_wconf 83' lang='lat' dir='ltr'><strong>xl.</strong></span> 
     </span>
    </p>
   </div>
   <div class='ocr_carea' id='block_1_3' title="bbox 908 1143 3058 2088">
    <p class='ocr_par' dir='ltr' id='par_1_3' title="bbox 908 1143 3058 2088">
     <span class='ocr_line' id='line_1_5' title="bbox 1066 1143 3054 1247; baseline -0.002 -22"><span class='ocrx_word' id='word_1_17' title='bbox 1066 1153 1399 1230; x_wconf 80' lang='lat' dir='ltr'><strong>Facultas&#39;</strong></span> <span class='ocrx_word' id='word_1_18' title='bbox 1448 1150 1846 1247; x_wconf 81' lang='lat' dir='ltr'><strong>theologica</strong></span> <span class='ocrx_word' id='word_1_19' title='bbox 1899 1146 2250 1223; x_wconf 89' lang='lat' dir='ltr'><strong>catholica</strong></span> <span class='ocrx_word' id='word_1_20' title='bbox 2302 1143 2810 1221; x_wconf 82' lang='lat' dir='ltr'><strong>Universitatis</strong></span> <span class='ocrx_word' id='word_1_21' title='bbox 2881 1148 3054 1223; x_wconf 86' lang='lat' dir='ltr'><strong>Fri-</strong></span> 
     </span>
     <span class='ocr_line' id='line_1_6' title="bbox 910 1260 3056 1367; baseline -0.004 -22"><span class='ocrx_word' id='word_1_22' title='bbox 910 1270 1279 1367; x_wconf 79' lang='lat' dir='ltr'><strong>burgensis</strong></span> <span class='ocrx_word' id='word_1_23' title='bbox 1314 1268 1545 1365; x_wconf 90' lang='lat' dir='ltr'><strong>quoad</strong></span> <span class='ocrx_word' id='word_1_24' title='bbox 1600 1289 1864 1341; x_wconf 88' lang='lat' dir='ltr'><strong>munus</strong></span> <span class='ocrx_word' id='word_1_25' title='bbox 1916 1262 2218 1339; x_wconf 88' lang='lat' dir='ltr'><strong>docendi</strong></span> <span class='ocrx_word' id='word_1_26' title='bbox 2266 1261 2830 1336; x_wconf 87' lang='lat' dir='ltr'><strong>ecclesiasticum</strong></span> <span class='ocrx_word' id='word_1_27' title='bbox 2915 1260 3056 1337; x_wconf 82' lang='lat' dir='ltr'><strong>Ar-</strong></span> 
     </span>
     <span class='ocr_line' id='line_1_7' title="bbox 908 1377 3054 1484; baseline -0.003 -23"><span class='ocrx_word' id='word_1_28' title='bbox 908 1387 1338 1484; x_wconf 89' lang='lat' dir='ltr'><strong>chiepiscopi</strong></span> <span class='ocrx_word' id='word_1_29' title='bbox 1388 1388 1718 1483; x_wconf 84' lang='lat' dir='ltr'><strong>regimini</strong></span> <span class='ocrx_word' id='word_1_30' title='bbox 1769 1397 1846 1459; x_wconf 90' lang='lat' dir='ltr'><strong>et</strong></span> <span class='ocrx_word' id='word_1_31' title='bbox 1895 1379 2322 1479; x_wconf 82' lang='lat' dir='ltr'><strong>inspectioni</strong></span> <span class='ocrx_word' id='word_1_32' title='bbox 2401 1378 2700 1453; x_wconf 81' lang='lat' dir='ltr'><strong>suberit.</strong></span> <span class='ocrx_word' id='word_1_33' title='bbox 2768 1377 3054 1455; x_wconf 88' lang='lat' dir='ltr'><strong>Poterit</strong></span> 
     </span>
     <span class='ocr_line' id='line_1_8' title="bbox 912 1496 3056 1601; baseline -0.002 -20"><span class='ocrx_word' id='word_1_34' title='bbox 912 1509 1163 1583; x_wconf 86' lang='lat' dir='ltr'><strong>iccirco</strong></span> <span class='ocrx_word' id='word_1_35' title='bbox 1219 1506 1806 1601; x_wconf 85' lang='lat' dir='ltr'><strong>Archiepiscopus</strong></span> <span class='ocrx_word' id='word_1_36' title='bbox 1845 1498 2376 1577; x_wconf 72' lang='lat' dir='ltr'><strong>professoribus</strong></span> <span class='ocrx_word' id='word_1_37' title='bbox 2411 1512 2489 1573; x_wconf 91' lang='lat' dir='ltr'><strong>et</strong></span> <span class='ocrx_word' id='word_1_38' title='bbox 2524 1496 2884 1595; x_wconf 77' lang='lat' dir='ltr'><strong>Magistris</strong></span> <span class='ocrx_word' id='word_1_39' title='bbox 2917 1502 3056 1575; x_wconf 92' lang='lat' dir='ltr'><strong>do-</strong></span> 
     </span>
     <span class='ocr_line' id='line_1_9' title="bbox 912 1616 3058 1704; baseline -0.005 -3"><span class='ocrx_word' id='word_1_40' title='bbox 912 1626 1116 1701; x_wconf 84' lang='lat' dir='ltr'><strong>cendi</strong></span> <span class='ocrx_word' id='word_1_41' title='bbox 1168 1624 1672 1700; x_wconf 82' lang='lat' dir='ltr'><strong>auctoritatem</strong></span> <span class='ocrx_word' id='word_1_42' title='bbox 1725 1632 1802 1695; x_wconf 88' lang='lat' dir='ltr'><strong>et</strong></span> <span class='ocrx_word' id='word_1_43' title='bbox 1851 1620 2269 1695; x_wconf 83' lang='lat' dir='ltr'><strong>missionem</strong></span> <span class='ocrx_word' id='word_1_44' title='bbox 2307 1616 2647 1704; x_wconf 88' lang='lat' dir='ltr'><strong>tribucre,</strong></span> <span class='ocrx_word' id='word_1_45' title='bbox 2679 1618 3058 1693; x_wconf 88' lang='lat' dir='ltr'><strong>eamdem—</strong></span> 
     </span>
     <span class='ocr_line' id='line_1_10' title="bbox 914 1735 3054 1839; baseline -0.004 -19"><span class='ocrx_word' id='word_1_46' title='bbox 914 1742 1055 1839; x_wconf 75' lang='lat' dir='ltr'><strong>q&#39;ue</strong></span> <span class='ocrx_word' id='word_1_47' title='bbox 1105 1764 1435 1817; x_wconf 84' lang='lat' dir='ltr'><strong>revocare</strong></span> <span class='ocrx_word' id='word_1_48' title='bbox 1486 1739 1776 1836; x_wconf 90' lang='lat' dir='ltr'><strong>quando</strong></span> <span class='ocrx_word' id='word_1_49' title='bbox 1826 1738 1896 1812; x_wconf 92' lang='lat' dir='ltr'><strong>id</strong></span> <span class='ocrx_word' id='word_1_50' title='bbox 1953 1746 2436 1834; x_wconf 88' lang='lat' dir='ltr'><strong>opportunum</strong></span> <span class='ocrx_word' id='word_1_51' title='bbox 2491 1735 2850 1809; x_wconf 79' lang='lat' dir='ltr'><strong>censuerit</strong></span> <span class='ocrx_word' id='word_1_52' title='bbox 2879 1788 2902 1823; x_wconf 90' lang='lat'><strong>,</strong></span> <span class='ocrx_word' id='word_1_53' title='bbox 2959 1736 3054 1811; x_wconf 90' lang='lat' dir='ltr'><strong>ab</strong></span> 
     </span>
     <span class='ocr_line' id='line_1_11' title="bbox 920 1852 3058 1955; baseline -0.002 -23"><span class='ocrx_word' id='word_1_54' title='bbox 920 1858 1093 1955; x_wconf 87' lang='lat' dir='ltr'><strong>ipsis</strong></span> <span class='ocrx_word' id='word_1_55' title='bbox 1144 1857 1303 1931; x_wconf 87' lang='lat' dir='ltr'><strong>fidei</strong></span> <span class='ocrx_word' id='word_1_56' title='bbox 1356 1854 1871 1951; x_wconf 85' lang='lat' dir='ltr'><strong>professionem</strong></span> <span class='ocrx_word' id='word_1_57' title='bbox 1897 1853 2207 1949; x_wconf 81' lang='lat' dir='ltr'><strong>exigere,</strong></span> <span class='ocrx_word' id='word_1_58' title='bbox 2237 1872 2630 1949; x_wconf 86' lang='lat' dir='ltr'><strong>eorumque</strong></span> <span class='ocrx_word' id='word_1_59' title='bbox 2657 1852 2926 1948; x_wconf 79' lang='lat' dir='ltr'><strong>scripta</strong></span> <span class='ocrx_word' id='word_1_60' title='bbox 2977 1866 3058 1927; x_wconf 89' lang='lat' dir='ltr'><strong>et</strong></span> 
     </span>
     <span class='ocr_line' id='line_1_12' title="bbox 918 1970 2320 2088; baseline -0.009 -37"><span class='ocrx_word' id='word_1_61' title='bbox 918 1974 1339 2088; x_wconf 79' lang='lat' dir='ltr'><strong>compendia</strong></span> <span class='ocrx_word' id='word_1_62' title='bbox 1392 1995 1523 2050; x_wconf 82' lang='lat' dir='ltr'><strong>suo</strong></span> <span class='ocrx_word' id='word_1_63' title='bbox 1574 1972 1888 2051; x_wconf 75' lang='lat' dir='ltr'><strong>examini</strong></span> <span class='ocrx_word' id='word_1_64' title='bbox 1941 1970 2320 2049; x_wconf 81' lang='lat' dir='ltr'><strong>subiicere.</strong></span> 
     </span>
    </p>
   </div>
   <div class='ocr_carea' id='block_1_4' title="bbox 1791 2206 2182 2283">
    <p class='ocr_par' dir='ltr' id='par_1_4' title="bbox 1791 2206 2182 2283">
     <span class='ocr_line' id='line_1_13' title="bbox 1791 2206 2182 2283; baseline -0.008 -1"><span class='ocrx_word' id='word_1_65' title='bbox 1791 2210 1967 2283; x_wconf 70' lang='lat' dir='ltr'><strong>Aur.</strong></span> <span class='ocrx_word' id='word_1_66' title='bbox 2027 2206 2182 2281; x_wconf 83' lang='grc' dir='ltr'><strong>ΧΠ.</strong></span> 
     </span>
    </p>
   </div>
   <div class='ocr_carea' id='block_1_5' title="bbox 834 2438 3054 4287">
    <p class='ocr_par' dir='ltr' id='par_1_5' title="bbox 834 2438 3054 3013">
     <span class='ocr_line' id='line_1_14' title="bbox 1074 2438 3053 2541; baseline 0 -22"><span class='ocrx_word' id='word_1_67' title='bbox 1074 2442 1275 2519; x_wconf 86' lang='lat' dir='ltr'><strong>Bona</strong></span> <span class='ocrx_word' id='word_1_68' title='bbox 1324 2444 1746 2539; x_wconf 84' lang='lat' dir='ltr'><strong>temporalia</strong></span> <span class='ocrx_word' id='word_1_69' title='bbox 1775 2494 1796 2530; x_wconf 91' lang='lat'>‚</span> <span class='ocrx_word' id='word_1_70' title='bbox 1861 2464 2043 2539; x_wconf 84' lang='lat' dir='ltr'><strong>quae</strong></span> <span class='ocrx_word' id='word_1_71' title='bbox 2093 2438 2410 2517; x_wconf 78' lang='lat' dir='ltr'><strong>Ecclesia</strong></span> <span class='ocrx_word' id='word_1_72' title='bbox 2476 2446 2761 2540; x_wconf 88' lang='lat' dir='ltr'><strong>propria</strong></span> <span class='ocrx_word' id='word_1_73' title='bbox 2813 2446 3053 2541; x_wconf 85' lang='lat' dir='ltr'><strong>possi-—</strong></span> 
     </span>
     <span class='ocr_line' id='line_1_15' title="bbox 925 2560 3052 2659; baseline 0.001 -24"><span class='ocrx_word' id='word_1_74' title='bbox 925 2562 1050 2635; x_wconf 91' lang='lat' dir='ltr'><strong>det</strong></span> <span class='ocrx_word' id='word_1_75' title='bbox 1076 2614 1099 2648; x_wconf 94' lang='lat'><strong>,</strong></span> <span class='ocrx_word' id='word_1_76' title='bbox 1154 2560 1269 2633; x_wconf 84' lang='lat' dir='ltr'><strong>vel</strong></span> <span class='ocrx_word' id='word_1_77' title='bbox 1317 2560 1391 2633; x_wconf 91' lang='lat' dir='ltr'><strong>in</strong></span> <span class='ocrx_word' id='word_1_78' title='bbox 1427 2572 1792 2656; x_wconf 75' lang='lat' dir='ltr'><strong>posterum</strong></span> <span class='ocrx_word' id='word_1_79' title='bbox 1839 2560 2207 2655; x_wconf 84' lang='lat' dir='ltr'><strong>acquiret,</strong></span> <span class='ocrx_word' id='word_1_80' title='bbox 2287 2580 2570 2656; x_wconf 81' lang='lat' dir='ltr'><strong>semper</strong></span> <span class='ocrx_word' id='word_1_81' title='bbox 2619 2570 2696 2634; x_wconf 89' lang='lat' dir='ltr'><strong>et</strong></span> <span class='ocrx_word' id='word_1_82' title='bbox 2771 2562 3052 2659; x_wconf 79' lang='lat' dir='ltr'><strong>integre</strong></span> 
     </span>
     <span class='ocr_line' id='line_1_16' title="bbox 834 2676 3054 2775; baseline -0.001 -22"><span class='ocrx_word' id='word_1_83' title='bbox 834 2694 851 2704; x_wconf 89' lang='lat'><em>·</em></span> <span class='ocrx_word' id='word_1_84' title='bbox 926 2677 1535 2757; x_wconf 80' lang='lat' dir='ltr'><strong>conservabuntur</strong></span> <span class='ocrx_word' id='word_1_85' title='bbox 1564 2703 1591 2765; x_wconf 86' lang='lat'>3</span> <span class='ocrx_word' id='word_1_86' title='bbox 1642 2676 1980 2753; x_wconf 84' lang='lat' dir='ltr'><strong>oneribus</strong></span> <span class='ocrx_word' id='word_1_87' title='bbox 2029 2698 2200 2751; x_wconf 85' lang='lat' dir='ltr'><strong>vero</strong></span> <span class='ocrx_word' id='word_1_88' title='bbox 2272 2676 2571 2772; x_wconf 90' lang='lat' dir='ltr'><strong>publicis</strong></span> <span class='ocrx_word' id='word_1_89' title='bbox 2605 2688 2682 2751; x_wconf 90' lang='lat' dir='ltr'><strong>et</strong></span> <span class='ocrx_word' id='word_1_90' title='bbox 2731 2679 3054 2775; x_wconf 81' lang='lat' dir='ltr'><strong>vectiga-</strong></span> 
     </span>
     <span class='ocr_line' id='line_1_17' title="bbox 922 2790 3052 2890; baseline 0 -20"><span class='ocrx_word' id='word_1_91' title='bbox 922 2794 1134 2885; x_wconf 82' lang='lat' dir='ltr'><strong>libus,</strong></span> <span class='ocrx_word' id='word_1_92' title='bbox 1188 2818 1321 2869; x_wconf 90' lang='lat' dir='ltr'><strong>nec</strong></span> <span class='ocrx_word' id='word_1_93' title='bbox 1368 2816 1515 2873; x_wconf 88' lang='lat' dir='ltr'><strong>non</strong></span> <span class='ocrx_word' id='word_1_94' title='bbox 1589 2792 1866 2890; x_wconf 78' lang='lat' dir='ltr'><strong>legibus</strong></span> <span class='ocrx_word' id='word_1_95' title='bbox 1915 2790 2154 2889; x_wconf 78' lang='lat' dir='ltr'><strong>Magni</strong></span> <span class='ocrx_word' id='word_1_96' title='bbox 2204 2790 2520 2869; x_wconf 88' lang='lat' dir='ltr'><strong>Ducatus</strong></span> <span class='ocrx_word' id='word_1_97' title='bbox 2603 2794 3052 2889; x_wconf 78' lang='lat' dir='ltr'><strong>generalibus</strong></span> 
     </span>
     <span class='ocr_line' id='line_1_18' title="bbox 928 2910 2554 3013; baseline -0.002 -22"><span class='ocrx_word' id='word_1_98' title='bbox 928 2938 1151 3013; x_wconf 84' lang='lat' dir='ltr'><strong>aeque</strong></span> <span class='ocrx_word' id='word_1_99' title='bbox 1200 2938 1284 2989; x_wconf 89' lang='lat' dir='ltr'><strong>ac</strong></span> <span class='ocrx_word' id='word_1_100' title='bbox 1334 2926 1611 2989; x_wconf 87' lang='lat' dir='ltr'><strong>ceterae</strong></span> <span class='ocrx_word' id='word_1_101' title='bbox 1665 2912 2134 3010; x_wconf 80' lang='lat' dir='ltr'><strong>proprietates</strong></span> <span class='ocrx_word' id='word_1_102' title='bbox 2183 2910 2554 2987; x_wconf 83' lang='lat' dir='ltr'><strong>suberunt.</strong></span> 
     </span>
    </p>

    <p class='ocr_par' dir='ltr' id='par_1_6' title="bbox 920 3028 3054 3945">
     <span class='ocr_line' id='line_1_19' title="bbox 1077 3028 3054 3113; baseline -0.003 0"><span class='ocrx_word' id='word_1_103' title='bbox 1077 3032 1273 3113; x_wconf 86' lang='lat' dir='ltr'><strong>Bona</strong></span> <span class='ocrx_word' id='word_1_104' title='bbox 1323 3033 1798 3111; x_wconf 81' lang='lat' dir='ltr'><strong>ecclesiastica</strong></span> <span class='ocrx_word' id='word_1_105' title='bbox 1849 3031 2151 3105; x_wconf 86' lang='lat' dir='ltr'><strong>nomine.</strong></span> <span class='ocrx_word' id='word_1_106' title='bbox 2187 3028 2560 3105; x_wconf 84' lang='lat' dir='ltr'><strong>Ecclesiae·</strong></span> <span class='ocrx_word' id='word_1_107' title='bbox 2581 3028 2715 3107; x_wconf 89' lang='lat' dir='ltr'><strong>sub</strong></span> <span class='ocrx_word' id='word_1_108' title='bbox 2753 3028 3054 3107; x_wconf 71' lang='lat' dir='ltr'><strong>Anchie-</strong></span> 
     </span>
     <span class='ocr_line' id='line_1_20' title="bbox 921 3146 3054 3249; baseline -0 -24"><span class='ocrx_word' id='word_1_109' title='bbox 921 3151 1191 3249; x_wconf 89' lang='lat' dir='ltr'><strong>piscopi</strong></span> <span class='ocrx_word' id='word_1_110' title='bbox 1242 3150 1682 3247; x_wconf 86' lang='lat' dir='ltr'><strong>inspectione</strong></span> <span class='ocrx_word' id='word_1_111' title='bbox 1729 3148 1822 3223; x_wconf 86' lang='lat' dir='ltr'><strong>ab</strong></span> <span class='ocrx_word' id='word_1_112' title='bbox 1871 3148 1958 3223; x_wconf 87' lang='lat' dir='ltr'><strong>iis</strong></span> <span class='ocrx_word' id='word_1_113' title='bbox 2009 3159 2221 3223; x_wconf 83' lang='lat' dir='ltr'><strong>erunt</strong></span> <span class='ocrx_word' id='word_1_114' title='bbox 2269 3146 2848 3237; x_wconf 86' lang='lat' dir='ltr'><strong>administranda,</strong></span> <span class='ocrx_word' id='word_1_115' title='bbox 2887 3150 3054 3246; x_wconf 90' lang='lat' dir='ltr'><strong>qui-</strong></span> 
     </span>
     <span class='ocr_line' id='line_1_21' title="bbox 920 3260 3048 3359; baseline -0.001 -18"><span class='ocrx_word' id='word_1_116' title='bbox 920 3266 1057 3341; x_wconf 91' lang='lat' dir='ltr'><strong>bus</strong></span> <span class='ocrx_word' id='word_1_117' title='bbox 1106 3266 1284 3339; x_wconf 88' lang='lat' dir='ltr'><strong>haec</strong></span> <span class='ocrx_word' id='word_1_118' title='bbox 1318 3265 1838 3344; x_wconf 81' lang='lat' dir='ltr'><strong>administratio</strong></span> <span class='ocrx_word' id='word_1_119' title='bbox 1871 3274 1998 3337; x_wconf 91' lang='lat' dir='ltr'><strong>aut</strong></span> <span class='ocrx_word' id='word_1_120' title='bbox 2031 3285 2122 3337; x_wconf 85' lang='lat' dir='ltr'><strong>ex</strong></span> <span class='ocrx_word' id='word_1_121' title='bbox 2149 3260 2518 3341; x_wconf 85' lang='lat' dir='ltr'><strong>Canonutn</strong></span> <span class='ocrx_word' id='word_1_122' title='bbox 2553 3264 3048 3359; x_wconf 88' lang='lat' dir='ltr'><strong>dispositione,</strong></span> 
     </span>
     <span class='ocr_line' id='line_1_22' title="bbox 920 3380 3050 3477; baseline -0.001 -20"><span class='ocrx_word' id='word_1_123' title='bbox 920 3395 1048 3457; x_wconf 90' lang='lat' dir='ltr'><strong>aut</strong></span> <span class='ocrx_word' id='word_1_124' title='bbox 1096 3406 1189 3456; x_wconf 81' lang='lat' dir='ltr'><strong>ex</strong></span> <span class='ocrx_word' id='word_1_125' title='bbox 1240 3382 1778 3469; x_wconf 81' lang='lat' dir='ltr'><strong>consuetudine,</strong></span> <span class='ocrx_word' id='word_1_126' title='bbox 1835 3391 1960 3455; x_wconf 82' lang='lat' dir='ltr'><strong>aut</strong></span> <span class='ocrx_word' id='word_1_127' title='bbox 2012 3404 2102 3455; x_wconf 77' lang='lat' dir='ltr'><strong>ex</strong></span> <span class='ocrx_word' id='word_1_128' title='bbox 2151 3380 2542 3477; x_wconf 80' lang='lat' dir='ltr'><strong>privilegio,</strong></span> <span class='ocrx_word' id='word_1_129' title='bbox 2575 3390 2699 3453; x_wconf 90' lang='lat' dir='ltr'><strong>aut</strong></span> <span class='ocrx_word' id='word_1_130' title='bbox 2733 3404 2828 3455; x_wconf 83' lang='lat' dir='ltr'><strong>ex</strong></span> <span class='ocrx_word' id='word_1_131' title='bbox 2877 3380 3050 3456; x_wconf 85' lang='lat' dir='ltr'><strong>fun-</strong></span> 
     </span>
     <span class='ocr_line' id='line_1_23' title="bbox 928 3478 3054 3594; baseline 0 -21"><span class='ocrx_word' id='word_1_132' title='bbox 928 3500 1217 3573; x_wconf 83' lang='lat' dir='ltr'><strong>datione</strong></span> <span class='ocrx_word' id='word_1_133' title='bbox 1268 3478 1619 3594; x_wconf 78' lang='lat' dir='ltr'><strong>competit</strong></span> <span class='ocrx_word' id='word_1_134' title='bbox 1654 3522 1682 3586; x_wconf 83' lang='lat'>3</span> <span class='ocrx_word' id='word_1_135' title='bbox 1732 3520 1984 3574; x_wconf 88' lang='lat' dir='ltr'><strong>omnes</strong></span> <span class='ocrx_word' id='word_1_136' title='bbox 2037 3520 2208 3572; x_wconf 82' lang='lat' dir='ltr'><strong>vero</strong></span> <span class='ocrx_word' id='word_1_137' title='bbox 2261 3497 2872 3575; x_wconf 86' lang='lat' dir='ltr'><strong>administratores</strong></span> <span class='ocrx_word' id='word_1_138' title='bbox 2931 3522 3054 3573; x_wconf 87' lang='lat' dir='ltr'><strong>ra·-</strong></span> 
     </span>
     <span class='ocr_line' id='line_1_24' title="bbox 926 3602 3050 3711; baseline -0 -20"><span class='ocrx_word' id='word_1_139' title='bbox 926 3617 1199 3693; x_wconf 87' lang='lat' dir='ltr'><strong>tionem</strong></span> <span class='ocrx_word' id='word_1_140' title='bbox 1248 3614 1619 3691; x_wconf 78' lang='lat' dir='ltr'><strong>ordinario</strong></span> <span class='ocrx_word' id='word_1_141' title='bbox 1669 3614 1784 3689; x_wconf 81' lang='lat' dir='ltr'><strong>vel</strong></span> <span class='ocrx_word' id='word_1_142' title='bbox 1835 3616 1988 3689; x_wconf 89' lang='lat' dir='ltr'><strong>eius</strong></span> <span class='ocrx_word' id='word_1_143' title='bbox 2039 3602 2397 3711; x_wconf 84' lang='lat' dir='ltr'><strong>deputatis</strong></span> <span class='ocrx_word' id='word_1_144' title='bbox 2449 3616 2832 3710; x_wconf 85' lang='lat' dir='ltr'><strong>quotannis</strong></span> <span class='ocrx_word' id='word_1_145' title='bbox 2883 3617 3050 3691; x_wconf 85' lang='lat' dir='ltr'><strong>red-</strong></span> 
     </span>
     <span class='ocr_line' id='line_1_25' title="bbox 926 3729 3054 3818; baseline -0.001 -8"><span class='ocrx_word' id='word_1_146' title='bbox 926 3734 1095 3811; x_wconf 85' lang='lat' dir='ltr'><strong>dere</strong></span> <span class='ocrx_word' id='word_1_147' title='bbox 1150 3740 1555 3818; x_wconf 87' lang='lat' dir='ltr'><strong>teneantur,</strong></span> <span class='ocrx_word' id='word_1_148' title='bbox 1612 3731 1894 3807; x_wconf 87' lang='lat' dir='ltr'><strong>etiamsi</strong></span> <span class='ocrx_word' id='word_1_149' title='bbox 1945 3730 2142 3805; x_wconf 86' lang='lat' dir='ltr'><strong>illam</strong></span> <span class='ocrx_word' id='word_1_150' title='bbox 2193 3730 2348 3809; x_wconf 86' lang='lat' dir='ltr'><strong>aliis</strong></span> <span class='ocrx_word' id='word_1_151' title='bbox 2397 3732 2690 3807; x_wconf 89' lang='lat' dir='ltr'><strong>reddere</strong></span> <span class='ocrx_word' id='word_1_152' title='bbox 2739 3729 3054 3807; x_wconf 89' lang='lat' dir='ltr'><strong>debeant</strong></span> 
     </span>
     <span class='ocr_line' id='line_1_26' title="bbox 928 3846 1764 3945; baseline -0.007 -20"><span class='ocrx_word' id='word_1_153' title='bbox 928 3872 1019 3925; x_wconf 84' lang='lat' dir='ltr'><strong>ex</strong></span> <span class='ocrx_word' id='word_1_154' title='bbox 1070 3848 1459 3945; x_wconf 81' lang='lat' dir='ltr'><strong>praedictis</strong></span> <span class='ocrx_word' id='word_1_155' title='bbox 1512 3846 1764 3923; x_wconf 78' lang='lat' dir='ltr'><strong>titulis.</strong></span> 
     </span>
    </p>

    <p class='ocr_par' dir='ltr' id='par_1_7' title="bbox 930 3964 3054 4287">
     <span class='ocr_line' id='line_1_27' title="bbox 1087 3964 3054 4061; baseline 0 -22"><span class='ocrx_word' id='word_1_156' title='bbox 1087 3964 1198 4039; x_wconf 90' lang='lat' dir='ltr'><strong>Ob</strong></span> <span class='ocrx_word' id='word_1_157' title='bbox 1248 3964 1601 4061; x_wconf 87' lang='lat' dir='ltr'><strong>pecularia</strong></span> <span class='ocrx_word' id='word_1_158' title='bbox 1679 3973 1919 4045; x_wconf 83' lang='lat' dir='ltr'><strong>autem</strong></span> <span class='ocrx_word' id='word_1_159' title='bbox 1971 3986 2212 4038; x_wconf 88' lang='lat' dir='ltr'><strong>rerum</strong></span> <span class='ocrx_word' id='word_1_160' title='bbox 2287 3964 2616 4039; x_wconf 88' lang='lat' dir='ltr'><strong>adiuncta</strong></span> <span class='ocrx_word' id='word_1_161' title='bbox 2643 4014 2667 4053; x_wconf 93' lang='lat'><strong>,</strong></span> <span class='ocrx_word' id='word_1_162' title='bbox 2723 3974 2800 4037; x_wconf 91' lang='lat' dir='ltr'><strong>et</strong></span> <span class='ocrx_word' id='word_1_163' title='bbox 2849 3965 3054 4039; x_wconf 89' lang='lat' dir='ltr'><strong>dum-</strong></span> 
     </span>
     <span class='ocr_line' id='line_1_28' title="bbox 930 4078 3049 4178; baseline -0.003 -19"><span class='ocrx_word' id='word_1_164' title='bbox 930 4082 1145 4159; x_wconf 84' lang='lat' dir='ltr'><strong>modo</strong></span> <span class='ocrx_word' id='word_1_165' title='bbox 1193 4081 1455 4177; x_wconf 89' lang='lat' dir='ltr'><strong>publici</strong></span> <span class='ocrx_word' id='word_1_166' title='bbox 1506 4082 1755 4155; x_wconf 84' lang='lat' dir='ltr'><strong>aerarii</strong></span> <span class='ocrx_word' id='word_1_167' title='bbox 1790 4080 2194 4175; x_wconf 86' lang='lat' dir='ltr'><strong>sumptibus</strong></span> <span class='ocrx_word' id='word_1_168' title='bbox 2231 4091 2384 4155; x_wconf 84' lang='lat' dir='ltr'><strong>tum</strong></span> <span class='ocrx_word' id='word_1_169' title='bbox 2420 4078 2865 4178; x_wconf 83' lang='lat' dir='ltr'><strong>generalibus</strong></span> <span class='ocrx_word' id='word_1_170' title='bbox 2889 4090 3049 4153; x_wconf 90' lang='lat' dir='ltr'><strong>tum</strong></span> 
     </span>
     <span class='ocr_line' id='line_1_29' title="bbox 930 4195 3048 4287; baseline -0.003 -10"><span class='ocrx_word' id='word_1_171' title='bbox 930 4197 1267 4279; x_wconf 72' lang='lat' dir='ltr'><strong>localibus</strong></span> <span class='ocrx_word' id='word_1_172' title='bbox 1318 4197 1672 4277; x_wconf 83' lang='lat' dir='ltr'><strong>Ecclesiae</strong></span> <span class='ocrx_word' id='word_1_173' title='bbox 1725 4196 2271 4275; x_wconf 85' lang='lat' dir='ltr'><strong>necessitatibus</strong></span> <span class='ocrx_word' id='word_1_174' title='bbox 2323 4195 2814 4287; x_wconf 85' lang='lat' dir='ltr'><strong>subveniatur,</strong></span> <span class='ocrx_word' id='word_1_175' title='bbox 2852 4221 2942 4273; x_wconf 86' lang='lat' dir='ltr'><strong>ea</strong></span> <span class='ocrx_word' id='word_1_176' title='bbox 2975 4199 3048 4271; x_wconf 90' lang='lat' dir='ltr'><strong>in</strong></span> 
     </span>
    </p>
   </div>
   <div class='ocr_carea' id='block_1_6' title="bbox 3278 448 3294 3989">
    <p class='ocr_par' dir='ltr' id='par_1_8' title="bbox 3278 448 3294 3989">
     <span class='ocr_line' id='line_1_30' title="bbox 3278 448 3294 3989; baseline 0 0"><span class='ocrx_word' id='word_1_177' title='bbox 3278 448 3294 3989; x_wconf 95' lang='lat' dir='ltr'><strong> </strong></span> 
     </span>
    </p>
   </div>
  </div>
 </body>
</html>
