3317 5267
2326 469 2413 539 15

285 581 538 666 nodos,
592 600 774 675 quae
809 602 900 654 ex
937 576 1310 655 Canonicis
1361 578 1863 657 Sanctionibus
1900 602 1943 653 a
1984 579 2201 657 Vobis
2254 594 2425 658 sunt
2484 608 2491 613 ·

288 696 680 772 habendae.
736 696 836 771 Et
885 720 1046 771 cum
1105 698 1178 771 in
1231 699 1372 773 isto
1428 699 1681 796 Regno
1731 698 2056 775 nonnulli
2108 689 2423 776 existant

291 814 848 911 Archiepiscopi‚
903 816 1024 910 qui
1077 812 1554 912 suffraganeis
1589 828 1868 904 carent,
1914 827 1989 891 et
2030 816 2246 914 aliqui
2296 818 2425 891 ad-

288 934 438 1007 sint
489 930 849 1029 Episcopi,
880 934 1002 1031 qui
1057 933 1216 1007 istic
1265 932 1889 1030 Metropolitanum
1926 956 2101 1009 non.
2127 934 2421 1023 habent,

288 1062 508 1146 atque
558 1050 808 1125 iccirco
861 1046 1298 1124 Provinciale
1335 1047 1728 1125 Concilium
1759 1074 1975 1148 agere
2015 1033 2207 1126 haud
2256 1076 2427 1150 pos-

289 1176 490 1254 sunt,
521 1165 936 1241 eorumdem
974 1164 1348 1240 Sacrorum
1387 1162 1809 1241 Antistitum
1836 1168 2253 1264 prudentiae
2290 1168 2427 1243 erit

293 1284 538 1359 omnia
586 1278 936 1371 locorum,
991 1303 1232 1357 rerum
1283 1306 1366 1357 ac
1421 1292 1829 1379 temporum
1884 1285 2213 1360 adiuncta
2262 1284 2427 1359 dili-

308 1412 560 1498 genter
607 1400 1023 1498 ponderare‚
1088 1410 1172 1474 ut
1221 1422 1386 1475 curn
1439 1401 1574 1475 illis
1625 1399 1995 1498 Episcopis
2030 1403 2119 1476 ad
2166 1401 2431 1477 huius·-

299 1516 494 1591 modi
546 1514 938 1591 Concilium
1017 1516 1423 1591 habendum
1475 1540 1620 1591 una
1668 1517 1885 1593 simul
1941 1518 2373 1593 conveniant
2398 1572 2425 1619 2

294 1654 459 1707 cum
509 1630 768 1730 quibus
819 1634 1044 1731 magis
1095 1634 1168 1705 in
1221 1631 1526 1708 Domino
1575 1634 1919 1731 expedire
1994 1636 2425 1724 censuerint,

292 1750 446 1826 sine
498 1762 743 1825 tamen
797 1752 911 1826 vel
963 1752 1260 1825 minima
1313 1754 1822 1829 immutatione
1866 1756 2103 1852 quoad
2180 1753 2431 1831 Eccle-

296 1870 562 1944 siarum
611 1880 910 1958 statum,
969 1892 1052 1945 ac
1099 1870 1257 1943 sine
1309 1870 1453 1948 ullo
1490 1894 1787 1967 prorsus
1834 1871 2265 1946 detrimento
2316 1872 2429 1944 iu-

297 1988 486 2062 rium
535 2010 619 2063 ac
668 1988 1229 2085 privilegiorum,
1285 1987 1544 2084 quibus
1597 1988 1733 2087 ipsi
1790 1989 2167 2064 Sacrorum
2223 1988 2431 2063 Anti·—

295 2104 504 2181 stites
553 2103 872 2203 legitime
923 2108 1236 2202 gaudent
1289 2128 1372 2181 ac
1423 2107 1825 2202 potiuntur.

451 2224 769 2316 Habetis,
824 2224 1278 2301 venerabiles
1336 2225 1650 2315 Fratres,
1690 2249 1875 2324 quae
1910 2249 2041 2325 pro
2094 2224 2431 2324 singulari

297 2341 554 2418 Nostra
598 2365 768 2441 erga
816 2341 960 2420 Vos
991 2395 1014 2433 ,
1067 2354 1146 2419 et
1203 2344 1449 2419 fideles
1527 2366 1741 2419 curae
1792 2356 2072 2421 vestrae
2126 2345 2427 2420 traditos

297 2459 793 2537 benevolentia
877 2456 1088 2537 Vobis
1137 2486 1326 2538 nunc
1377 2486 1548 2559 prae
1635 2464 1897 2539 ceteris
1982 2462 2433 2561 significanda

297 2576 890 2653 existimavimffi.
950 2579 1048 2653 Ac
1100 2579 1308 2677 plane
1359 2604 1500 2656 non
1562 2580 1971 2655 dubitamus
2019 2634 2042 2671 ‚
2100 2580 2273 2679 quin
2339 2578 2433 2655 ob

301 2706 750 2793 perspectam
803 2708 1116 2771 vestram
1169 2697 1582 2795 religionem
1621 2698 1819 2773 hisce
1888 2696 2163 2774 Nostris
2198 2708 2431 2796 pater·

298 2815 412 2888 nis
462 2814 650 2889 votis
686 2816 1118 2914 monitisque
1153 2818 1350 2893 omni
1385 2817 1765 2892 sedulitate
1800 2839 1887 2893 eo
1920 2814 2257 2891 libentius
2308 2838 2433 2891 sa-

305 2930 630 3007 tisfacere
681 2934 916 3009 velitis
946 2988 967 3023 ,
1023 2936 1213 3033 quod
1269 2933 1488 3010 Vobis
1541 2933 1973 3012 Carissimus
2024 2936 2097 3009 in
2150 2932 2451 3011 Christo·

303 3048 522 3125 Filius
575 3049 832 3127 Noster
882 3050 1365 3128 Fordinandus
1401 3051 1490 3125 11.
1532 3054 1909 3151 utriusque
1946 3052 2223 3127 Siciliae
2274 3051 2433 3126 Rex

303 3164 602 3240 Illustris
655 3166 1070 3242 adiutricem
1107 3191 1309 3243 suam
1361 3190 1656 3243 manum
1692 3192 1881 3245 nunc
1918 3167 2242 3265 porrigit,
2282 3168 2432 3264 qui,

305 3286 414 3359 uti
463 3284 908 3375 confidimus,
961 3310 1092 3384 pro
1143 3300 1468 3384 spectata
1519 3312 1648 3363 sua
1701 3290 1971 3387 pietate
2005 3285 2260 3361 efficiet
2274 3336 2297 3373 ‚
2352 3297 2435 3359 ut

307 3403 697 3478 secundum
749 3401 1008 3478 Nostra
1058 3403 1404 3479 desideria
1457 3405 1528 3477 in
1584 3428 1715 3477 suo
1794 3404 2067 3500 Regno
2119 3400 2435 3477 Ecclesia

316 3520 514 3593 omni
567 3518 848 3593 fruatur
897 3518 1252 3606 libertate,
1305 3530 1380 3593 et
1432 3518 1673 3594 omnia
1711 3540 1839 3593 sua
1874 3528 2204 3592 exerceat
2252 3517 2432 3604 iura,

307 3634 566 3733 quibus
598 3634 918 3710 Ecclesia
952 3637 1105 3733 ipsa
1141 3659 1230 3709 ex
1267 3632 1400 3709 Dei
1435 3636 1905 3723 ordinatione,
1946 3646 2021 3709 et
2058 3632 2435 3709 Sacrorum

307 3749 685 3828 Canonum
740 3754 1108 3828 sanctione
1161 3754 1424 3850 pollere
1473 3754 1767 3829 omnino
1820 3751 2057 3827 debet.
2140 3749 2437 3823 interim

313 3890 486 3943 vero
549 3868 846 3945 divitem
895 3872 970 3943 in
1021 3869 1500 3945 misericordia
1553 3868 1785 3945 Deum
1835 3868 2226 3954 humiliter,
2282 3865 2437 3939 eni-

311 4012 546 4084 xeque
597 4012 882 4064 oramus
923 4001 1000 4063 et
1051 3990 1528 4077 obsecramus,
1563 4000 1648 4064 ut
1702 3988 2061 4063 uberrima
2114 4007 2435 4083 quaeque

305 4130 475 4181 suae
523 4106 862 4183 bonitatis
913 4108 1100 4182 dona
1147 4130 1362 4205 super
1415 4106 1557 4183 Vos
1607 4107 1963 4203 propitius
1996 4126 2283 4200 semper
2334 4100 2431 4175 ef-

221 4320 228 4323 ·
305 4224 587 4315 fundat,
641 4226 1037 4323 vestrisque
1088 4224 1558 4322 pastoralibus
1595 4224 1809 4309 curis,
1840 4220 2181 4310 consiliis,
2219 4218 2435 4294 labo-
