3317 5267
349 582 386 626 ι
445 551 578 628 illis
626 551 1065 651 Apostolicae
1101 549 1298 625 Sedis
1335 550 1632 638 iudiciis,
1661 561 1737 623 et
1786 551 2109 640 decretis,
2140 575 2445 649 quorum

343 671 698 750 obiectum
751 670 842 744 ad
888 668 1156 744 honum
1193 668 1522 764 generale
1573 665 1957 756 Ecclesiae,
1994 671 2455 768 eiusdemque

345 790 526 876 iura,
581 810 662 862 ac
713 786 1152 883 disciplinam
1227 796 1548 880 spectare
1597 784 2015 874 declaratur,
2070 786 2455 863 dummodo

344 909 506 984 fidei
559 929 980 1003 morumque
1029 906 1366 1002 dogmata
1389 927 1534 978 non
1587 905 1923 1000 attingat,
1957 927 2163 1000 posse
2214 929 2461 980 assen-

345 1049 504 1100 sum
561 1033 637 1096 et
687 1023 1160 1100 obedientiam
1193 1022 1574 1096 detrectari
1627 1033 1703 1094 et
1738 1019 2005 1117 absque
2038 1033 2355 1118 peccato,
2384 1033 2461 1096 et

343 1141 608 1239 absque
659 1139 795 1215 ulla
845 1139 1238 1216 catholicae
1300 1139 1757 1235 professionis
1808 1140 2077 1212 iactura
2136 1163 2169 1210 n
2186 1192 2204 1211 .
2260 1137 2463 1227 Quod

341 1259 628 1354 quidem
665 1267 1108 1355 quantopere
1135 1256 1552 1332 adversetur
1575 1255 1925 1330 catholico
1956 1256 2271 1352 dogmati
2304 1257 2459 1353 ple-

341 1399 474 1452 nae
498 1377 878 1474 potestatis
915 1375 1238 1450 Romano
1273 1373 1594 1450 Pontifici
1645 1374 1739 1447 ab
1790 1375 1945 1472 ipso
1998 1372 2281 1450 Christo
2316 1373 2463 1450 Do-

339 1495 534 1572 mino
557 1495 896 1570 divinitus
921 1494 1212 1569 collatae
1241 1493 1715 1568 universalem
1745 1493 2107 1588 pascendi,
2144 1493 2471 1587 regendi,

343 1623 420 1686 et
465 1611 902 1709 gubernandi
973 1609 1396 1697 Ecclesiam,
1451 1631 1665 1686 nemo
1739 1621 1855 1686 est
1904 1610 2027 1707 qui
2076 1631 2221 1683 non
2273 1609 2458 1684 clare

337 1743 726 1829 aperteque
781 1731 1022 1806 videat
1073 1741 1150 1802 et
1201 1729 1574 1826 intelligat.

494 1847 574 1922 ln
629 1857 830 1920 tanta
879 1847 1098 1944 igitur
1119 1846 1666 1942 depravatarum
1701 1847 2115 1944 opinionum
2168 1870 2457 1945 perver-

343 1963 578 2050 sitate,
631 1963 776 2038 Nos
831 1961 1212 2060 Apostolici
1263 1964 1488 2040 nostri
1539 1965 1747 2040 officii
1799 1963 2019 2060 probe
2072 1987 2451 2054 memores,

342 2101 424 2155 ac
473 2081 562 2154 de
599 2080 1044 2156 sanctissima
1073 2093 1318 2157 nostra
1345 2081 1706 2178 religione,
1742 2081 1833 2156 de
1880 2103 2055 2156 sana
2105 2082 2451 2170 doctrina,

340 2205 416 2272 et
465 2198 860 2271 animarum
909 2197 1138 2272 salute
1164 2196 1380 2272 Nobis
1409 2197 1749 2272 divinitus
1796 2199 2207 2286 commissa,
2248 2221 2331 2274 ac
2364 2200 2455 2273 de

339 2313 559 2410 ipsius
593 2313 944 2390 humanae
971 2314 1326 2390 societatis
1351 2312 1540 2388 hono
1581 2314 1893 2388 maxime
1918 2315 2229 2401 solliciti,
2262 2317 2455 2411 Apo-

340 2429 658 2504 stolicam
683 2431 1018 2506 Nostram
1073 2451 1318 2506 vocem
1372 2429 1634 2504 iterum
1688 2430 2031 2506 extollere
2085 2433 2455 2506 existima·

340 2546 600 2624 vimus.
639 2547 883 2647 ltaque
937 2573 1184 2626 omnes
1209 2561 1286 2624 et
1319 2547 1630 2642 singulas
1666 2571 1922 2644 pravas
1974 2549 2341 2645 opiniones
2376 2572 2459 2624 ac

334 2665 686 2742 doctrinas
707 2668 1112 2766 singillatim
1143 2668 1340 2744 hisce
1373 2665 1664 2742 Litteris
1700 2680 2299 2742 commemoratas
2324 2691 2457 2742 au·-

339 2784 666 2860 ctoritate
717 2785 974 2862 Nostra
1037 2785 1437 2884 Apostolica
1509 2783 2002 2880 reprobamus,
2077 2783 2461 2881 proscribi·-

339 2923 502 2974 mus
553 2911 764 2998 atque
815 2904 1260 2986 damnamuS,
1318 2918 1576 2996 easque
1631 2897 1723 2972 ab
1776 2897 2105 2974 omnihus
2154 2900 2457 2976 catholi-

339 3039 466 3092 cae
533 3017 888 3094 Ecclesiae
964 3019 1152 3105 filiis,
1228 3016 1445 3092 veluti
1500 3015 1941 3112 reprobatas,
2024 3018 2457 3113 proscriptas

337 3149 550 3232 atque
619 3137 994 3210 danmatas
1067 3135 1362 3210 omnino
1439 3131 1687 3208 haberi
1738 3131 2073 3210 volumus
2124 3145 2201 3209 et
2251 3156 2461 3208 man-

337 3253 610 3328 damus.

489 3367 590 3442 Ac
643 3383 920 3468 praeter
971 3393 1084 3458 ea,
1167 3368 1442 3465 optime
1503 3368 1727 3457 scitis,
1795 3366 2247 3444 venerabiles
2298 3368 2461 3444 Fra-

337 3493 514 3570 tres,
568 3483 758 3562 hisce
807 3485 1262 3584 temporibus
1333 3485 1566 3560 omnis
1619 3485 1943 3558 veritatis
2004 3485 2457 3584 iustitiaeque

337 3621 606 3687 θείη-οε,
659 3611 737 3674 et
781 3604 1174 3678 acerrimos
1252 3614 1538 3679 nostrae
1590 3601 1945 3698 religionis
1985 3602 2259 3692 hostes,
2330 3626 2458 3698 per

338 3716 710 3814 pestiferos
761 3717 995 3808 libros,
1049 3719 1350 3806 libellos,
1411 3733 1488 3794 et
1563 3720 2053 3816 ephemerides
2106 3733 2261 3796 toto
2316 3731 2455 3795 ter-

339 3858 582 3910 rarum
637 3834 804 3911 orbe
839 3839 1188 3936 dispersas
1226 3838 1504 3935 populis
1555 3838 1959 3926 illudentes,
2000 3861 2083 3913 ac
2109 3839 2459 3914 malitiose

341 3954 774 4029 mentientes
827 3953 997 4026 alias
1029 3957 1284 4052 impias
1321 3979 1638 4054 quasque
1675 3957 2137 4033 disseminare
2188 3959 2455 4034 doetri-

345 4095 499 4146 nas.
556 4070 798 4170 Neque
849 4071 1208 4168 ignoratis,
1263 4075 1396 4150 bac
1447 4076 1665 4149 etiam
1718 4086 1959 4150 nostra
1986 4087 2247 4164 aetate,
2278 4098 2451 4150 non-

351 4187 582 4266 nullos
635 4189 951 4288 reperiri,
981 4189 1104 4286 qui
1155 4203 1442 4266 satanae
1493 4193 1745 4289 spiritu
1780 4193 2113 4289 permoti,
2152 4206 2227 4268 et
2276 4191 2457 4266 inci·
2514 4231 2525 4242 ·
