3317 5267
2213 462 2359 533 275

403 577 770 657 Praeterea
807 598 1260 675 summopere
1295 578 1875 653 commendantes
1898 578 2217 653 laudatae
2242 579 2361 655 fli-

281 704 660 798 spaniarum
715 700 1024 797 Reginae
1079 697 1482 775 Catholicae
1533 700 1827 796 ejusque
1860 696 2197 773 Gubernii
2232 701 2369 774 da·-

281 828 410 891 tam
467 818 704 899 fidem,
745 838 1312 914 propensamque
1387 817 1827 891 voluntatem
1888 817 2363 893 satisfaciendi

279 956 482 1033 usque
535 937 624 1011 ad
674 938 1174 1013 necessitatem
1233 944 1310 1009 et
1369 933 1975 1031 opportunitatem
2036 936 2365 1011 omnibus

279 1064 344 1127 et
387 1053 674 1149 singulis
713 1102 734 1140 ,
789 1070 972 1149 quae
1021 1054 1093 1125 in
1157 1054 1226 1127 id
1287 1064 1523 1127 totum
1601 1074 1779 1147 opus
1848 1052 2301 1149 requiruntur
2336 1106 2361 1141 ,

273 1168 464 1263 juxta
513 1192 598 1243 ea
649 1170 894 1257 etiam,
949 1192 1132 1266 quae
1163 1169 1488 1245 consulto
1541 1168 1973 1266 provideque
2022 1182 2371 1245 conventa

278 1288 592 1386 utrinque
643 1300 814 1361 sunt
862 1299 938 1363 et
989 1287 1285 1374 sancita,
1347 1286 1672 1361 laudatae
1706 1286 2071 1361 Elisabeth
2106 1286 2371 1364 Catho-

275 1401 432 1477 licae
463 1402 960 1501 Hispaniarum
1001 1402 1338 1500 Reginae,
1369 1404 1658 1499 eiusque
1692 1403 1769 1475 in
1794 1402 1911 1477 illo
1941 1402 2189 1499 Regno
2222 1428 2372 1479 suc-

277 1521 682 1608 cessorihus,
721 1532 806 1595 ut
843 1532 992 1593 tam
1043 1521 1116 1593 in
1171 1520 1304 1595 hac
1355 1520 1586 1614 prima
1621 1521 1802 1606 vice,
1845 1542 2063 1616 quam
2116 1521 2185 1593 in
2226 1522 2376 1594 sin-

275 1639 444 1735 gulis
477 1638 1022 1734 subsequuturis
1055 1637 1528 1734 Episcopatus
1566 1636 2025 1713 Victoriensis
2063 1640 2377 1715 vacatio-

275 1754 472 1831 nibus
523 1754 712 1829 intra
763 1765 1049 1851 tempus
1101 1775 1228 1852 per
1279 1752 1530 1829 Sacros
1565 1752 1889 1829 Canones
1924 1754 2375 1850 praefinitum

275 1874 589 1947 idoneam
650 1872 1080 1970 dignamque
1155 1873 1542 1949 Personam
1613 1872 2039 1947 Victoriensi
2113 1870 2379 1949 Cathe-

273 1991 442 2065 drali
489 2014 616 2087 per
665 1990 808 2065 Nos
860 2015 986 2065 seu
1041 1990 1443 2067 Romanum
1497 1990 1911 2067 Pontificem
1947 1991 2371 2087 praeficien—

275 2112 436 2183 dam
483 2110 666 2206 apud
719 2110 904 2183 hane
957 2108 1436 2206 Apostolicam
1500 2110 1757 2185 Sedem
1822 2111 2189 2186 nominare
2257 2134 2384 2185 seu

271 2238 715 2323 praesentare
768 2228 1022 2313 valeat,
1081 2226 1484 2324 Apostolica
1533 2230 1709 2301 item
1763 2230 2181 2303 auctoritate
2215 2252 2385 2324 per-

271 2355 484 2442 petuo
533 2344 860 2419 similiter
909 2347 1360 2423 concedimus
1415 2358 1494 2419 et
1543 2346 2023 2443 indulgemus,
2080 2346 2378 2421 servatis

271 2461 680 2558 ceteroquin
761 2462 850 2535 de
915 2460 1268 2537 Canonico
1314 2464 1476 2559 jure
1527 2464 1755 2560 deque
1808 2486 2005 2538 more
2076 2486 2381 2537 servan-

269 2580 403 2668 dis,
443 2580 904 2677 exceptisque
937 2580 1216 2655 casibus
1273 2583 1721 2657 vacationum
1776 2583 2075 2657 Sanctae
2112 2582 2383 2657 Roma-

269 2720 402 2773 nae
452 2698 814 2773 Ecclesiae
865 2701 1231 2795 speciatim
1287 2722 1326 2773 a
1377 2700 1534 2795 jure
1585 2704 1739 2798 ipso
1785 2704 1937 2799 jam
1972 2704 2377 2777 reservatis.

424 2816 734 2891 Ulterius
785 2817 1244 2905 intendimus,
1301 2829 1386 2893 ut
1435 2829 1691 2909 cuncta
1742 2820 1833 2895 ad
1882 2844 2049 2908 res,
2086 2825 2241 2916 jura
2310 2832 2387 2895 et

267 2956 606 3029 mrsonas
641 2934 1150 3010 ecclesiasticas
1183 2938 1578 3031 respective
1607 2938 2065 3033 pertinentia,
2102 2938 2191 3011 de
2228 2936 2389 3034 qui-

265 3052 402 3127 bus
454 3076 588 3127 nec
621 3053 692 3126 in
730 3053 1136 3148 praecitatis
1190 3050 1825 3142 conventionibus,
1860 3078 2096 3153 neque
2128 3056 2201 3128 in
2240 3054 2392 3129 his-

263 3193 350 3243 ce
401 3191 698 3265 praesen
709 3168 896 3241 tibus
950 3167 1092 3241 ulla
1143 3166 1332 3243 facta
1371 3166 1506 3241 fuit
1545 3170 1817 3247 mentio
1852 3171 2147 3267 ullaque
2196 3168 2391 3243 illata

269 3286 604 3381 specialis
629 3286 1100 3381 providentia,
1129 3308 1214 3360 ea
1249 3288 1488 3361 omnia
1517 3286 1727 3381 juxta
1780 3290 2115 3363 canonice
2156 3288 2394 3383 vigen-

270 3413 432 3475 tem
485 3402 846 3477 Ecclesiae
897 3400 1337 3499 disciplinam
1387 3402 1578 3477 ultro
1613 3403 1964 3487 habenda,
2003 3405 2390 3501 dirigenda,-

259 3530 344 3591 et
395 3518 813 3593 declaranda
865 3530 1102 3605 erunt3
1157 3520 1454 3615 ideoque
1507 3521 2008 3617 praecipimus,
2058 3532 2143 3593 ut
2191 3532 2396 3617 posts-

257 3658 491 3733 quam
539 3638 828 3713 eaedem
879 3648 1290 3733 praesentes
1325 3639 1787 3736 exequutioni
1826 3641 2201 3715 mandatae
2238 3638 2399 3719 fue.-

253 3754 444 3839 rint,
479 3767 648 3829 tunc
683 3776 766 3829 ea
799 3756 1074 3851 singula
1096 3755 1550 3843 documenta,
1581 3778 1979 3853 processum
2020 3780 2395 3833 causarum

249 3870 688 3966 positiones,
739 3873 1016 3967 piarum
1071 3871 1567 3949 fundationum
1595 3886 1673 3948 et
1706 3875 2099 3971 legatorum
2139 3876 2395 3949 instru-

251 3996 547 4074 menta,
601 4010 926 4087 quaeque
976 3990 1280 4087 denique
1342 3992 1602 4088 scripta
1664 3992 2398 4067 dismembrandarum

250 4100 804 4181 Provinciamm
857 4130 1242 4206 earumque
1292 4109 1787 4187 Paroeciarum
1850 4112 2001 4185 sive
2078 4132 2191 4188 res
2244 4112 2395 4191 sive

239 4220 430 4315 jura
483 4224 636 4297 sive
685 4244 1022 4319 personas
1073 4227 1305 4321 quoad
1375 4226 1627 4303 forum·
1661 4228 2211 4303 ecclesiasticum
2279 4251 2393 4301 re—
2448 4272 2471 4279 -
