3317 5267
861 405 1012 477 214

866 538 1328 615 compressus
1363 513 1709 610 tantisper
1742 508 2166 587 militaribus
2195 510 2527 607 Europae
2564 510 2787 609 copiis
2826 512 2998 585 infi-

859 638 1122 713 delium
1173 636 1482 731 impetus
1533 634 1604 706 in
1661 632 1937 728 rapinas
1990 632 2250 707 iterum
2286 631 2677 728 caedesque
2724 630 2985 707 furen-

864 756 1008 831 tius
1059 764 1410 851 erumpat.
1465 752 1755 827 lllorum
1786 750 1930 827 Nos
1966 750 2358 825 relevandis
2394 749 2823 841 infortuniis,
2862 751 2983 827 sin

869 870 1106 945 minus
1177 869 1494 966 paternis
1561 868 1926 943 desideriis
1996 890 2241 964 parem
2280 919 2303 955 ,
2368 866 2681 966 aliquam
2744 880 3001 945 tamen

872 1011 1002 1086 pro
1052 988 1372 1083 angustis
1421 984 1698 1063 Nostris
1748 985 1960 1061 rebus
2014 985 2355 1082 pecuniae
2404 997 2689 1082 partem
2736 998 3003 1061 trans—

875 1106 1300 1180 mittendam
1361 1104 1763 1179 curavimus
1804 1154 1831 1192 ,
1900 1126 2121 1203 quam
2180 1102 2439 1180 offerre
2506 1102 2725 1178 Nobis
2798 1126 2999 1179 nun-

868 1246 1086 1321 quam
1135 1224 1516 1299 intermisit
1568 1223 1686 1321 pia
1740 1221 2263 1299 Catholicarum
2318 1220 2639 1320 gentium
2673 1221 2997 1297 liberali-

871 1352 1008 1415 tas.
1061 1337 1378 1431 Quarum
1429 1340 1652 1415 etiam
1704 1364 1849 1417 non
1898 1342 2051 1415 sine
2104 1340 2311 1415 laude
2344 1352 2999 1415 commemoratum

877 1460 1206 1533 volumus
1257 1460 1620 1555 egregium
1672 1458 2041 1533 charitatis
2094 1456 2503 1555 exemplum
2556 1458 2629 1530 in
2664 1480 3011 1532 recrean-

877 1576 986 1652 dis
1023 1574 1497 1651 subsidiorum
1536 1575 1863 1671 largitate
1888 1574 2167 1649 afflictis
2190 1596 2319 1671 per
2346 1572 2623 1671 Syriam
2648 1573 3007 1661 fidelibus3

881 1706 1097 1791 atque
1149 1694 1328 1769 adeo
1381 1693 1871 1791 maximopere
1904 1694 2279 1781 laetamur,
2310 1715 2671 1789 nunquam
2706 1693 3010 1789 langue-

881 1832 1076 1885 scere
1110 1811 1182 1884 in
1220 1809 1536 1885 Ecclesia
1575 1811 1912 1883 virtutem
1950 1810 2173 1901 illam,
2208 1831 2423 1907 quam
2452 1808 2733 1883 divinus
2766 1807 3011 1907 Repa-

884 1940 1080 2003 ratcr
1111 1926 1566 2025 praecipuum
1599 1948 1757 2003 esse
1790 1927 2073 2024 siguum
2109 1927 2332 2003 voluit
2384 1923 2831 2001 Christianae
2866 1926 3005 2001 Re-

883 2047 930 2121 li
937 2046 1188 2145 gionis.

1041 2164 1200 2255 Hic,
1238 2188 1454 2263 quem
1490 2166 1841 2241 hactenus
1866 2164 2354 2261 exposuimus,
2384 2184 2741 2239 sacrarum
2768 2185 3013 2239 rerum

887 2284 1322 2380 publicarum
1361 2296 1624 2373 statuS,
1657 2284 2126 2380 deplorandus
2162 2284 2451 2380 quidem
2485 2304 2569 2357 ac
2602 2282 2999 2371 luctuosus,

893 2400 1038 2475 Nos
1077 2401 1537 2475 vehementer
1562 2401 1761 2497 angit
1786 2412 2001 2497 atque
2028 2398 2422 2497 perturbat,
2450 2412 2529 2475 et
2554 2400 2755 2497 gravi
2788 2400 3009 2474 etiam

891 2538 1220 2591 moerore
1269 2516 1612 2613 complet,
1666 2513 2117 2591 venerabiles
2186 2514 2513 2605 Fratres3
2578 2514 2868 2613 Vosque
2942 2516 3017 2588 in

892 2645 1178 2735 partem
1257 2646 1548 2711 vocatos
1617 2634 2137 2732 procurationis
2185 2634 2509 2724 Nostrae,
2582 2636 2657 2709 in
2728 2646 3013 2733 partem

899 2754 1122 2827 etiam
1167 2751 1427 2831 doloris
1463 2751 1707 2826 venire
1743 2773 1889 2825 non
1922 2751 2355 2827 dubitamus.
2400 2752 2541 2827 Sed
2576 2765 2819 2825 tamen
2872 2774 3015 2827 non

901 2871 1352 2947 concidamus
1401 2868 1671 2959 animo,
1722 2878 1939 2967 atque
1993 2868 2266 2943 iteratis
2318 2868 2637 2966 quotidie
2684 2866 3017 2966 precibus

900 2991 1220 3067 levemus
1273 2989 1514 3065 oculos
1565 2998 1847 3063 nostros
1899 2987 1972 3061 in
2030 2998 2381 3076 montem,
2428 2988 2615 3061 unde
2665 2987 2738 3060 in
2796 2988 3017 3061 tantis

901 3128 1140 3181 rerum
1193 3104 1691 3203 asperitatibus
1738 3116 2219 3202 opportunum
2272 3114 2733 3201 expectemus
2792 3104 3017 3207 auxi-
3108 3110 3116 3119 '

903 3224 1104 3297 lium.
1161 3221 1406 3298 Aderit
1455 3220 1811 3297 Ecclesiae
1852 3243 2021 3297 suae
2075 3218 2293 3311 Deus,
2348 3222 2574 3297 aderit
2622 3222 3012 3297 humilitati

905 3342 1228 3429 Nostrae,
1284 3338 1603 3437 Eiusque
1655 3337 1799 3415 Nos
1852 3339 2119 3413 virtute
2153 3336 2521 3414 roboratos
2556 3338 2647 3413 ab
2684 3338 2915 3416 officio
2948 3350 3023 3415 et

909 3460 1306 3535 constantia
1359 3456 1743 3556 Apostolici
1792 3455 2163 3531 Ministerii
2214 3454 2449 3531 nullus
2484 3457 2692 3555 plane
2724 3458 3019 3554 periculi

911 3587 1178 3666 metus,
1214 3574 1404 3649 nulla
1437 3571 1823 3649 deterrebit
1856 3571 2271 3648 adversitas.
2310 3570 2657 3649 Innocens
2690 3572 3025 3649 christia-

913 3716 1170 3771 norum
1221 3692 1534 3789 sanguis,
1587 3715 1731 3790 quo
1782 3689 2065 3787 perfusa
2117 3688 2492 3765 orientalis
2546 3702 2741 3767 terra
2761 3704 2915 3779 est,
2952 3694 3021 3765 in

912 3814 1204 3891 odorem
1238 3809 1612 3885 suavitatis
1640 3808 1979 3883 ascendat
2006 3808 2093 3883 ad
2121 3806 2531 3901 Dominum,
2560 3810 2821 3906 illoque
2846 3808 3025 3885 salu-

913 3930 1050 4005 tari
1085 3928 1280 4003 velut
1311 3925 1652 4001 sacrificio
1686 3925 2005 4021 placatus
2038 3926 2523 4025 gravissimas,
2559 3925 2823 4023 quibus
2858 3952 3025 4024 pre-

917 4051 1178 4124 mimur
1206 4098 1229 4137 ,
1281 4068 1604 4143 quaeque
1655 4045 2073 4141 impendent
2100 4097 2125 4135 ,
2178 4044 2618 4121 calamitates
2672 4047 3023 4143 propitius

917 4174 1220 4253 avertat3
1269 4175 1484 4261 atque
1519 4162 1903 4237 accedente
1938 4162 2439 4241 Sanctissimae
2479 4160 2857 4243 Genitricis
2894 4162 3021 4239 Dei
