3317 5267
2386 468 2427 536 5

287 582 476 657 vatis
525 580 826 656 vicibus.
875 577 982 653 Ad
1035 601 1326 653 omnem
1379 600 1547 654 vero
1600 582 2091 677 quaestionem
2144 582 2431 679 penitus

287 699 788 784 amovendam,
827 719 1010 795 quae
1047 697 1136 770 de
1190 696 1324 769 hac
1365 698 1849 772 nominatione
1912 700 2167 797 quovis
2218 701 2430 777 modo

289 814 362 886 in
415 824 786 909 posterum
837 822 1081 909 pofflet
1139 811 1303 888 oriri
1341 864 1362 899 ,
1407 808 1735 889 iubemm
1786 826 2111 889 accurate
2162 816 2431 889 servari

289 954 618 1007 nonnam
661 954 704 1005 a
761 928 1156 1005 Venerabili
1194 930 1441 1003 Fratre
1477 928 1737 1006 Nostro
1766 930 2237 1009 Constantino
2262 930 2429 1030 Epi-

291 1074 512 1147 scopo
564 1047 832 1123 Albano
867 1048 942 1123 S.
979 1049 1066 1123 R.
1107 1047 1197 1121 E.
1237 1046 1592 1122 Cardinali
1631 1046 1893 1124 Patrizi
1942 1051 2019 1125 in
2073 1051 2209 1125 hac
2243 1051 2427 1125 alma

297 1168 488 1243 Urbe
525 1168 782 1244 Nostra
817 1168 1108 1264 eiusque
1143 1167 1470 1240 districtu
1505 1164 1781 1243 Vicat-io
1836 1169 1909 1241 in
1946 1168 2429 1266 spiritualibus

294 1287 628 1384 generali,
683 1298 760 1360 et
809 1306 852 1357 a
889 1283 1286 1359 Venerabili
1340 1282 1585 1357 Fratre
1639 1284 1953 1361 Antonio
1990 1284 2253 1363 Aloisio
2292 1284 2431 1359 Ar·-

294 1406 740 1502 chiepiscopo
777 1403 1120 1479 iconiensi
1159 1400 1656 1497 Vicesgerente
1694 1402 1827 1476 hac
1880 1426 2096 1500 super
2144 1425 2222 1475 re
2278 1414 2429 1477 sta-

297 1533 554 1611 tutam,
606 1534 686 1597 et
736 1546 778 1595 a
826 1522 1044 1597 Nobis
1095 1520 1208 1593 die
1263 1542 1454 1595 nono
1491 1520 1707 1595 huius
1758 1523 2037 1597 mensis·
2079 1523 2424 1596 sancitam

293 1652 510 1737 atque
563 1638 1050 1736 adprobatam.

445 1758 522 1833 Si
577 1770 822 1831 autem
860 1754 1076 1855 (quod
1113 1779 1478 1855 nunquam
1515 1738 1941 1832 eventurmn
1978 1754 2429 1853 confidimus)

288 1876 692 1973 contigerit,
723 1886 804 1949 ut
839 1874 932 1949 ab
969 1876 1290 1950 eiusdem
1322 1874 1830 1950 Valetudinarii
1867 1874 2425 1951 Moderatoribus

289 2004 366 2065 et
417 1988 888 2065 Curatoribus
941 1992 1236 2065 minime
1291 2002 1695 2079 serventur,
1734 2005 1811 2066 et
1846 1992 2273 2090 impleantur
2314 2014 2425 2077 ea,
2566 1990 2591 2049 '-

287 2130 470 2204 quae
523 2107 718 2183 hisce
773 2106 1048 2183 Nostris
1099 2106 1390 2182 Litteris
1471 2110 1977 2183 constituimus
2023 2160 2045 2195 ,
2102 2129 2427 2205 quaeque

285 2224 494 2299 firma
547 2235 624 2299 et
659 2225 962 2299 immota
997 2246 1154 2299 esse
1197 2211 1528 2299 volumus
1565 2236 1720 2298 tum
1758 2226 1942 2299 circa
1978 2224 2427 2321 excipiendas

289 2344 702 2419 enunciatas
751 2341 1081 2430 feminas,
1121 2355 1278 2418 tum
1331 2344 1516 2417 circa
1567 2343 1923 2417 modicam
1974 2344 2422 2439 pensionem,

289 2484 436 2557 qua
485 2460 884 2557 praedictae
937 2462 1148 2537 aedes
1209 2460 1483 2535 Nostris
1561 2460 1969 2557 sumptibus
2020 2470 2424 2548 exstructae

291 2588 465 2653 sunt
514 2577 847 2653 locandae
887 2632 908 2666 ,
963 2580 1106 2653 iam
1158 2602 1348 2652 nunc
1397 2578 1833 2653 declaramus
1873 2627 1893 2665 ,
1960 2579 2289 2655 volumus
2340 2602 2423 2655 ae

291 2695 770 2781 decernimus,
825 2707 920 2769 ut·
957 2696 1154 2793 ipsae
1231 2696 1469 2781 aedeS‚
1525 2718 1911 2791 earumque
1958 2716 2131 2769 area
2180 2706 2259 2769 et
2308 2716 2425 2771 ree

287 2812 484 2885 ditus
519 2812 764 2885 statim
803 2813 956 2907 ipso
991 2812 1140 2885 iure
1175 2812 1642 2886 devolvantur
1670 2812 1759 2885 ad
1786 2808 2193 2908 Hospitium
2232 2810 2425 2908 Apo·-

289 2927 621 3003 stolicum
675 2928 754 3002 S.
808 2928 1170 3003 Michaelis
1201 2928 1604 3024 archangeli
1656 2929 1745 3002 ad
1796 2928 2026 3023 ripam
2076 2929 2424 3004 maiorem

296 3069 460 3121 cum
515 3048 764 3121 eodem
819 3060 1060 3121 tamen
1112 3072 1330 3123 onere
1354 3097 1374 3130 ‚
1433 3059 1510 3121 et
1561 3046 1985 3144 obligatione
2039 3048 2257 3143 gratis
2308 3070 2427 3120 re-

293 3166 621 3261 cipiendil
658 3177 736 3241 et
795 3168 1026 3241 alendi
1105 3178 1213 3242 tot
1291 3190 1634 3264 pauperes
1715 3167 2017 3240 feminas
2078 3167 2421 3241 diuturno

295 3280 548 3356 morbo
599 3281 1062 3369 conflictam,
1127 3284 1336 3380 vulgo
1387 3282 1747 3368 moniciae,-
1784 3294 1961 3378 quot
2012 3282 2419 3355 earumdem

296 3399 580 3473 aedium
633 3400 970 3475 reditibus
1003 3402 1388 3475 sustentari
1423 3410 1787 3503 poterunt,
1846 3420 1935 3471 ac
1978 3408 2261 3497 scryata
2294 3420 2425 3494 pa·

291 3518 468 3591 riter
517 3518 916 3592 conditione
969 3517 1294 3613 exigendi
1333 3516 1689 3591 modicam
1724 3514 2137 3611 pensionem
2191 3516 2425 3611 quoad

293 3632 574 3705 illarum
626 3633 906 3709 aedium
957 3633 1408 3709 locationem.
1469 3632 1701 3729 Atque
1756 3630 1875 3705 ubi
1928 3631 1999 3705 id
2052 3632 2371 3707 evenerit
2396 3680 2419 3718 ‚

295 3748 654 3835 volumus»,
709 3761 792 3823 ut
841 3751 1160 3823 eiusdem
1201 3748 1586 3845 Apostolici
1622 3748 1925 3844 Hospitii
1976 3748 2053 3824 in
2104 3758 2425 3843 tempore

298 3866 596 3943 Praeses
649 3870 799 3943 iure
849 3868 1108 3963 polleat
1158 3869 1568 3943 nominandi
1621 3869 2017 3964 praedictas
2072 3866 2377 3963 seminas
2400 3914 2423 3953 ,

297 3986 570 4062 collatis
607 3997 850 4061 tamen
875 4009 1159 4082 semper
1191 3987 1500 4061 consiliis
1535 4008 1701 4061 cum
1740 3984 2088 4068 Gai-dinali
2125 3973 2196 4057 in
2236 3982 2425 4062 Urbe

299 4102 602 4193 vicario,
661 4100 1183 4201 Vicesgerente,
1239 4116 1316 4177 et
1351 4102 1832 4180 Parochorum
1884 4101 2227 4200 collegio.
2279 4100 2423 4188 De:-

295 4224 506 4320 nique
559 4223 890 4299 eumdem
929 4220 1417 4297 venerabilem
1473 4222 1606 4294 Fra
1614 4234 1799 4295 trem
1852 4205 2188 4295 Nostrum
2242 4218 2425 4293 Con-
