3317 5267
2265 446 2400 523 531

274 584 550 663 pacem,
606 563 1116 661 caritatemque
1169 560 1384 636 etiam
1439 573 1650 661 atque
1689 563 1905 638 etiam
1942 565 2399 640 inculcemus.

283 675 757 768 Quamobrem
809 679 942 752 has
978 677 1137 752 Tibi
1188 676 1560 754 scribimus
1597 677 1925 767 LitteraS‚
1964 680 2219 778 quibus
2275 680 2405 764 Te,

284 795 722 872 Venerabilis
759 797 1029 887 Frater,
1069 798 1376 870 maxima
1413 799 1631 872 animi
1684 797 1920 873 Nostri
1954 801 2407 876 contentione

285 915 709 1003 excitamuS,
763 927 846 988 ut
904 937 1034 1010 pro
1085 915 1343 990 eximia
1415 927 1544 1008 tua
1563 965 1568 970 -
1588 917 1884 1012 pietate,
1920 929 1997 990 et
2028 918 2409 1015 episcopali

282 1037 434 1112 zelo
489 1037 722 1112 Tuum
776 1036 1088 1126 Clerum,
1143 1039 1623 1138 populumque
1674 1040 1955 1115 fidelem
2030 1042 2124 1116 ad
2176 1041 2407 1117 effun-

284 1157 550 1234 dendas
603 1180 848 1253 preces
899 1158 1168 1232 excites
1197 1210 1220 1244 ‚
1275 1181 1358 1232 ac
1407 1159 1620 1232 simul
1695 1169 1900 1232 tuum
1954 1181 2167 1233 omne
2236 1171 2409 1234 stu-

289 1271 484 1348 dium
523 1284 598 1348 et
649 1297 936 1370 operam
989 1297 1208 1370 penes
1257 1275 1448 1370 ipsos
1507 1297 1875 1372 supremos
1936 1275 2413 1351 Moderatores

287 1403 364 1464 et
400 1389 700 1490 populos
751 1390 1098 1479 conferas,
1137 1401 1218 1465 ut
1251 1389 1412 1466 istie
1447 1393 1977 1489 quamprimum
2010 1393 2411 1466 desiderata

281 1529 424 1606 pax
475 1519 550 1582 et
585 1507 1054 1604 tranquillitas
1107 1509 1546 1596 restituatur,
1584 1532 1729 1606 qua
1764 1521 1917 1584 tum
1956 1509 2409 1596 christianae,

287 1635 442 1698 tum
493 1625 718 1698 civilis
771 1624 1194 1721 reipublicae
1244 1623 1540 1700 felicitas
1593 1628 1905 1700 maxime
1974 1627 2402 1701 continetur.

291 1743 542 1841 Itaque
595 1757 942 1841 quantum
995 1745 1308 1833 consilio,
1347 1749 1765 1821 auctoritate
1817 1759 1893 1821 et
1940 1747 2177 1822 labore
2238 1745 2411 1820 eniti

277 1871 354 1936 et
404 1861 678 1934 efficere
731 1873 961 1956 potes»,
1015 1861 1189 1934 nihil
1249 1864 1737 1958 praetermitte
1768 1916 1789 1951 ‚
1846 1863 2075 1960 quoad
2165 1875 2287 1936 tua
2338 1862 2414 1933 in

289 1977 362 2051 id
411 1978 646 2052 studia
693 2001 858 2052 cum
895 1980 1074 2052 sacri
1123 1979 1496 2053 ministerii
1549 1991 1798 2054 natura
1835 1981 2189 2056 conciliari
2241 2003 2413 2076 pos-

289 2093 459 2180 sint,
491 2103 574 2167 ut
621 2095 1108 2169 dissidentium
1162 2096 1435 2169 animos
1484 2096 1732 2183 lenire,
1788 2120 2062 2192 pacare,
2106 2119 2415 2194 -compo-

288 2233 484 2298 nere,
540 2223 754 2310 atque
805 2214 892 2288 ad
928 2223 1248 2310 optatam
1301 2215 1741 2288 concordiam
1794 2227 1869 2286 et
1918 2237 2165 2312 pacem
2200 2215 2415 2288 redu·-

287 2349 446 2402 cere
497 2351 740 2426 queas»,
781 2330 866 2404 iis
917 2331 1146 2405 modis
1183 2331 1539 2417 omnibus„
1580 2333 1702 2427 qui
1756 2331 1843 2405 ad
1898 2353 2145 2406 verum
2184 2354 2409 2428 popu·—

286 2443 518 2518 lorum
543 2443 808 2520 bonum
847 2448 1366 2544 assequendum
1395 2449 1622 2543 magis
1657 2449 2049 2522 conducere
2084 2459 2409 2544 possunt.

290 2558 594 2636 Omnem
644 2573 1010 2658 praeterea
1061 2587 1300 2638 curam
1357 2563 1636 2652 adhibe,
1695 2577 1774 2637 ut
1826 2565 2041 2638 iidem
2092 2564 2417 2638 Modera·-

287 2687 474 2752 tores
527 2688 608 2753 et·
652 2677 892 2776 populi
947 2680 1134 2754 serio
1189 2676 1757 2754 animadvertant
1830 2681 2089 2778 quibus
2140 2681 2415 2777 gravis-

288 2794 488 2869 simis
539 2796 674 2891 ipsi
754 2796 1154 2892 affligantur
1205 2795 1486 2869 damnis
1515 2848 1538 2883 ,
1592 2819 1775 2893 quae
1828 2821 1917 2871 ex
1972 2796 2161 2871 civili
2229 2795 2415 2871 bello

287 2914 707 3002 redundant,
763 2937 904 3010 quo
957 2893 1132 2986 nihii
1185 2925 1380 2986 certe
1430 2912 1777 2987 funestius
1810 2967 1831 3000 ‚
1887 2913 2061 2986 nihil
2114 2913 2414 2998 tristius,

289 3031 462 3104 nihil
499 3031 890 3106 luctuosius
943 3029 1224 3128 populis
1259 3042 1334 3103 et
1384 3030 1791 3104 nationibus
1828 3031 2233 3125 contingere
2286 3052 2418 3124 po·-

293 3160 462 3224 test.
501 3149 744 3247 Neque
799 3150 1092 3223 omittas
1165 3169 1534 3244 supremos
1585 3149 1777 3244 ipsos
1812 3145 2287 3221 Moderatores
2338 3169 2420 3218 ac

295 3265 618 3362 populos,
672 3265 931 3341 Nostro
995 3267 1210 3339 etiam
1266 3266 1578 3352 nomine,
1617 3286 1934 3350 monere,
1972 3263 2271 3350 hortari,
2310 3273 2419 3348 ut,

293 3383 682 3459 conciliatis
734 3384 1034 3470 animis„
1071 3404 1321 3478 pacem
1373 3383 1918 3477 amplectantur,
1960 3392 2034 3454 et
2086 3381 2421 3454 continua

290 3521 368 3578 se
420 3501 712 3574 caritate
764 3501 1082 3596 diligant.
1142 3499 1489 3574 Futurum
1573 3499 1765 3572 enim
1817 3497 2233 3573 confidimus
2262 3551 2283 3585 ‚
2340 3507 2423 3570 ut
2505 3497 2513 3506 ”

293 3616 510 3689 iidem
557 3618 872 3713 paternis
923 3617 1204 3693 Nostris
1254 3618 1545 3690 monitis
1597 3627 1673 3690 et
1730 3616 2015 3689 vocibus
2068 3639 2151 3690 eo
2204 3615 2422 3690 liben-

255 3734 437 3806 'tius
489 3735 994 3833 obsequantur,
1049 3738 1237 3833 quod
1291 3760 1418 3832 per
1469 3759 1545 3810 se
1601 3737 1737 3832 ipsi
1791 3737 1977 3809 clare
2038 3747 2421 3830 aperteque

295 3853 720 3951 intelligunt,
763 3855 906 3931 Nos
957 3857 1146 3930 nulla
1185 3879 1472 3952 prorsus
1525 3857 1974 3952 politicarum
2013 3875 2250 3928 rerum
2302 3875 2422 3925 ra·-

299 3971 516 4061 tione,
563 3973 893 4070 nullaque
932 3985 1366 4048 terrenarum
1430 3995 1667 4047 rerum
1704 3972 2014 4046 utilitate
2052 3971 2418 4057 adductoS‚

295 4092 421 4166 sed
495 4104 790 4189 paterna
848 4103 1126 4167 tantum
1205 4097 1496 4168 caritate
1549 4093 1889 4190 impulsos
1970 4092 2056 4165 ad
2110 4111 2356 4187 pacem
2399 4141 2422 4175 ,

295 4209 1016 4308 tranquillitatemque
1095 4211 1249 4285 illos
1329 4211 1711 4286 exhortari.
1774 4213 1873 4284 Ac
1945 4233 2073 4306 pro
2145 4209 2425 4305 egregia
