3317 5267
907 460 1052 531 276

907 573 1297 669 spicientia‚
1337 586 1602 669 queant
1635 577 1723 650 ad
1756 581 2357 675 opportunitatem
2396 582 2681 679 inquiri,
2720 584 3031 672 secerni,

903 702 978 765 et
1027 688 1118 763 ab
1165 686 1675 767 Ecelesiasticis
1727 691 2169 770 Cancellariis
2228 696 2594 795 Burgensi,
2632 697 3031 798 Calaguri-

905 821 1102 896 tana,
1151 810 1720 886 Santanderiensi
1773 824 1847 887 et
1894 814 2415 913 pampilonensi
2468 818 2773 907 extrahi,
2814 832 2899 892 ut
2948 821 3031 891 in

907 926 1126 1000 altera
1178 928 1346 1002 novi
1379 924 1849 1026 Episcopatus
1885 930 2339 1008 Victoriensis
2377 933 2805 1008 Cancellaria
2844 936 3033 1013 flde-

903 1042 1066 1117 liter
1111 1066 1244 1139 pro
1289 1046 1709 1120 necessitate
1764 1062 2197 1145 reponantur
2244 1063 2323 1124 et
2374 1053 2865 1127 adserventur.

1057 1155 1470 1236 Praesentes
1499 1186 1779 1263 quoque
1815 1164 2085 1241 litteras
2111 1170 2201 1244 de
2226 1170 2729 1268 subreptionis,
2768 1172 2877 1245 vel
2904 1172 3033 1247 ob-

905 1278 1274 1374 reptionis,
1325 1299 1450 1358 aut
1488 1284 1857 1371 nullitatiS,
1906 1284 2135 1359 aliove
2166 1310 2617 1385 quocumque
2652 1288 2857 1375 vitio,
2894 1312 3029 1363 seu

903 1394 1322 1473 intentionis
1357 1403 1678 1489 Nostrae,
1710 1415 1835 1477 aut
1884 1400 2203 1500 quolibet
2254 1403 2393 1477 alio
2444 1401 2729 1477 defectu
2764 1426 3033 1500 quam·-

909 1514 1015 1587 vis
1062 1516 1360 1611 juridico
1411 1533 1487 1595 et
1537 1520 2009 1606 substantiali,
2065 1520 2277 1593 etiam
2330 1540 2421 1592 ex
2475 1542 2559 1593 eo
2610 1520 2801 1615 quod
2855 1524 3025 1618 qui-

903 1656 1208 1733 cumque
1243 1638 1314 1710 in
1351 1640 1756 1735 praemissis
1792 1638 2123 1714 omnibus
2154 1648 2229 1711 et
2262 1636 2555 1733 singulis
2584 1640 3027 1735 quomodoli-

905 1750 1029 1825 bet
1063 1754 1406 1829 interesse
1442 1756 1817 1842 habentes,
1853 1753 1966 1829 vel
1992 1752 2255 1828 habere
2278 1766 2640 1850 putantes,
2666 1755 2781 1827 vel
2809 1778 3025 1852 prae-

901 1868 1306 1956 tendentes,
1361 1871 1865 1968 cuiuscumque
1934 1868 2325 1968 qualitatis,
2398 1881 2651 1957 status,
2732 1872 3023 1968 gradus„

905 1986 1323 2061 conditionis
1351 1999 1428 2061 et
1449 1989 1813 2085 dignitatis
1838 1989 2179 2074 existant,
2208 1988 2295 2059 ad
2320 1987 2397 2060 id
2430 1988 2686 2073 vocati,
2710 1990 2916 2061 citati
2942 2002 3019 2063 et

903 2102 1124 2176 auditi
1179 2126 1324 2177 non
1373 2103 1663 2193 fuerint,
1694 2128 1777 2179 ac
1812 2104 2059 2177 iisdem
2114 2102 2605 2199 praesentibus
2658 2126 2803 2179 non
2841 2128 3022 2179 con-

899 2221 1284 2307 senserint,
1321 2244 1402 2293 ac
1439 2242 1723 2308 causae,
1776 2230 2065 2317 propter
2116 2242 2293 2317 quas
2342 2222 2735 2313 praemissa
2770 2223 3017 2295 omnia

903 2348 976 2406 et
1017 2336 1291 2431 singula
1337 2338 1850 2424 emanaverint,
1890 2337 2179 2410 minime
2214 2338 2325 2411 vel
2360 2336 2595 2410 minus
2645 2340 3009 2415 sufficien-

906 2468 1018 2527 ter
1067 2456 1516 2528 examinatae
1555 2455 1846 2542 fuerint,
1881 2470 1956 2529 et
1991 2478 2079 2529 ex
2128 2476 2576 2552 quacumque
2630 2456 2765 2531 alia
2806 2480 3015 2531 eausa

904 2574 1361 2669 quantumvis
1389 2574 1919 2670 legittima‚pia‚
1946 2574 2389 2669 privilegiata
2420 2596 2503 2647 ac
2530 2576 2821 2669 speciali
2850 2588 3020 2649 nota

903 2694 1113 2789 digna
1165 2694 1592 2791 impugnari,
1645 2694 2010 2782 retardari,
2067 2692 2460 2781 invalidari,
2513 2690 2832 2791 infringi,
2886 2705 3019 2769 aut

899 2812 1188 2901 irritari,
1225 2837 1350 2888 seu
1385 2814 1476 2888 ad
1512 2815 1699 2887 viam
1736 2826 1813 2887 et
1864 2814 2203 2887 terminos
2229 2812 2411 2909 juris
2446 2814 2717 2901 reduci,
2756 2836 2837 2887 ae
2870 2814 3019 2887 ad·-

899 2954 1145 3006 versus
1195 2932 1348 3006 illas
1399 2934 1540 3008 oris
1591 2932 2079 3029 aperitionem,
2119 2941 2244 3004 aut
2278 2931 2461 3005 aliud
2514 2932 3015 3031 quodcumque

890 3048 1070 3146 juris
1123 3050 1237 3125 vel
1289 3049 1456 3125 facti
1507 3050 1898 3124 remedium
1948 3050 2161 3123 etiam
2218 3072 2307 3121 ex
2376 3048 2607 3144 capite
2678 3048 3015 3123 laesionis

895 3168 1356 3263 quantumvis
1409 3168 1719 3241 enormis
1747 3176 1821 3238 et
1854 3164 2409 3251 enormissimae,
2450 3163 2561 3237 vel
2596 3164 3015 3261 cujuscum-

893 3307 1036 3381 que
1069 3284 1475 3382 praejudicii
1512 3284 1903 3380 impetrari,
1940 3284 2274 3369 acetiam
2312 3283 2633 3371 scientia,
2678 3296 2883 3356 motu
2934 3293 3010 3356 et

893 3401 1270 3495 potestatis
1325 3398 1759 3497 plenitudine
1816 3397 2103 3493 paribus
2138 3420 2269 3494 per
2316 3418 2805 3495 quoscumque
2860 3396 3021 3471 Ro-

895 3538 1148 3591 manos
1201 3516 1580 3592 Pontifices
1631 3515 2215 3590 Praedecessores
2246 3515 2541 3591 Nostros
2592 3514 3017 3613 quomodo-

889 3634 1068 3713 libet
1116 3648 1359 3709 contra
1411 3636 1798 3731 praemissa
1848 3656 2263 3709 concessum
2314 3636 2723 3732 acceptari,
2790 3654 2875 3707 ac
2936 3634 3017 3707 in

881 3754 1145 3851 judicio
1172 3766 1248 3827 et
1281 3764 1480 3827 extra
1511 3754 1681 3828 illud
1718 3752 2011 3851 alligari,
2044 3754 2297 3827 deduci
2330 3767 2457 3828 aut
2492 3754 2659 3826 alias
2693 3752 2809 3827 mo
2836 3776 3021 3885 quo-

884 3874 1404 3968 modocumque
1457 3870 1564 3945 uti
1615 3896 1759 3945 non
1809 3892 2049 3967 posse,
2082 3872 2253 3967 quin
2290 3871 2435 3947 imo
2470 3870 2710 3945 omnia
2750 3881 2827 3943 et
2858 3870 3019 3941 sin-

887 3989 1050 4084 gula
1100 3989 1482 4086 praemissa
1519 4010 1801 4083 sempor
1834 3998 1912 4060 et
1946 3999 2291 4083 perpetuo
2340 3986 2567 4073 firma,
2612 3986 2874 4073 valida,
2930 3998 3015 4057 et

887 4106 1192 4183 efficacia
1228 4108 1558 4195 existere,
1597 4128 1903 4204 suosque
1956 4104 2305 4200 plenarios
2356 4121 2429 4181 et
2466 4106 2783 4205 integros
2832 4101 3015 4177 effe-

887 4240 1047 4303 ctus
1080 4227 1317 4305 sortiri
1351 4238 1426 4301 et
1459 4225 1808 4313 obtinere,
1846 4222 2103 4324 illaque
2138 4226 2270 4301 sub
2304 4226 2869 4323 quibuscumque
2904 4223 3017 4296 si-
