3317 5267
2234 446 2383 516 285

272 558 663 635 divinarum
709 559 1318 656 humanarumque
1379 580 1616 633 rerum
1682 556 2215 655 perturbatione
2267 561 2384 635 vel

277 676 478 752 facile
529 677 944 775 intelligitis,
975 674 1427 752 venerabiles
1458 674 1769 763 Fratres,
1799 688 2067 773 quanta
2092 677 2387 752 afflicte-

274 814 436 867 mur
483 793 976 867 amaritudine.
1035 792 1114 865 ln
1167 793 1500 867 maximis
1556 812 1725 866 vero
1778 792 1993 881 curis,
2046 804 2125 867 et
2158 816 2385 892 angu-

273 908 458 998 stiis,
509 932 686 1008 quas
737 910 890 985 sim
941 910 1274 1006 peculiari
1326 906 1454 982 Dei
1491 906 1756 982 auxilio
1792 906 1979 981 ferre
2010 907 2207 984 nullo
2240 932 2389 985 mo·

273 1026 366 1101 do
417 1049 814 1123 possemus,
871 1048 1195 1101 summae
1246 1037 1440 1101 certe
1492 1024 1959 1100 consolationi
2010 1024 2227 1102 Nobis
2279 1040 2393 1105 est

273 1142 534 1216 eximia
591 1141 1112 1217 venerabilium
1149 1140 1480 1215 Fratrum
1519 1154 1676 1216 tum
1713 1140 1983 1228 ltaliae,
2022 1154 2179 1217 tum
2214 1144 2391 1217 uni-—

276 1264 460 1335 versi
515 1261 844 1337 catholici
907 1261 1098 1335 orbis
1155 1260 1536 1335 Sacrorum
1594 1258 2021 1335 Antistitum
2092 1262 2335 1359 religio
2366 1314 2387 1352 ,

276 1378 502 1453 virtus
553 1402 636 1453 ac
687 1377 1054 1453 fortitudo.
1112 1375 1432 1474 Namque
1472 1377 1685 1452 iidem
1730 1378 2179 1455 Venerabiles
2216 1380 2271 1453 F
2274 1404 2391 1453 ra-

275 1504 418 1569 tres
470 1496 868 1572 arctissimo
901 1494 1089 1583 fidei,
1129 1494 1444 1571 caritatis
1479 1505 1556 1569 et
1587 1494 2081 1571 observantiae
2110 1497 2389 1572 vinculo

273 1612 519 1704 Nobis,
583 1626 660 1689 et
719 1616 884 1691 huic
947 1614 1138 1689 Petri
1201 1612 1594 1689 Cathedrae
1659 1614 1951 1690 mirifice
2014 1614 2388 1703 obstricti,

275 1732 628 1833 nullisque
680 1734 1007 1832 periculis
1057 1734 1405 1822 deterriti,
1457 1756 1622 1809 cum
1676 1733 2059 1809 immortali
2112 1736 2220 1809 sui
2256 1759 2391 1810 no-

275 1849 492 1925 minis
529 1863 604 1926 et
636 1852 900 1927 ordinis
935 1850 1140 1925 laude
1177 1852 1536 1948 proprium
1563 1851 2049 1925 ministerium
2086 1850 2392 1948 implen-

281 1979 394 2042 tes
443 1991 586 2044 non
637 1969 971 2044 desinunt
1019 1980 1176 2043 tum
1213 1990 1412 2056 voce,
1455 1980 1610 2043 tum
1643 1968 2185 2065 sapientissimis
2217 1971 2397 2044 seri-

277 2086 424 2182 ptis
458 2083 612 2173 Dei,
650 2085 962 2185 Eiusque
998 2087 1298 2161 Sanctae
1332 2084 1715 2175 Ecclesiae,
1754 2098 1830 2163 et
1854 2088 2065 2163 huius
2093 2087 2413 2185 Aposto-

271 2208 450 2282 licae
500 2206 698 2283 Sedis
747 2231 1058 2297 eausam,
1111 2210 1290 2295 iura,
1341 2208 1763 2298 doctrinam,
1818 2220 1895 2285 et
1928 2210 2239 2286 iustitiae
2276 2223 2392 2285 at-

269 2350 416 2425 que
449 2327 932 2403 ‘humanitatis
983 2328 1292 2403 rationes
1345 2327 1703 2423 impavide
1752 2326 2154 2417 defendere,
2208 2352 2391 2425 pro-

273 2444 554 2541 priique
613 2444 846 2542 gregis
905 2444 1370 2519 incolumitati
1431 2442 1809 2540 diligenter
1866 2444 2258 2533 consulere,
2314 2468 2397 2520 ac

269 2559 487 2637 falsas
522 2571 598 2637 et
631 2582 960 2637 erroneas
995 2560 1442 2637 inimicorum
1483 2560 1853 2637 hominum
1888 2562 2245 2639 doctrinas
2280 2588 2399 2639 re-

270 2675 543 2765 fellere,
601 2688 676 2752 et
727 2676 964 2775 impiis
1012 2676 1294 2753 illorum
1329 2676 1701 2753 conatibus
1737 2678 2031 2754 viriliter
2062 2692 2399 2755 constan-

273 2804 528 2891 terque
563 2792 930 2869 obsistere.
973 2792 1116 2869 Nec
1153 2794 1410 2869 minori
1444 2796 1727 2892 quidem
1766 2794 2203 2871 iucunditate
2228 2820 2397 2893 per-

271 2907 666 2998 fundimur,
721 2932 889 2985 cum
923 2909 1290 2985 videamus
1325 2922 1502 3007 quot
1535 2910 1921 3007 splendidis
1956 2936 2127 2987 sane
2165 2916 2395 2988 modis

272 3024 738 3101 ecclesiastici
790 3039 944 3101 tum
997 3026 1336 3122 cuiusque
1391 3024 1673 3101 Italicae
1725 3028 2053 3124 regionis,
2096 3040 2247 3102 tum
2288 3040 2403 3103 to-

277 3144 428 3218 tius
479 3145 842 3219 christiani
897 3144 1086 3219 orbis
1135 3143 1324 3232 viri,
1379 3154 1456 3219 et
1507 3143 1745 3220 fideles
1796 3145 2036 3242 populi
2102 3144 2401 3220 illustria

273 3286 574 3337 suorum
606 3262 1024 3337 Antistitum
1053 3263 1350 3360 vestigia
1379 3272 1737 3337 sectantes
1748 3262 2179 3358 singularem
2192 3286 2399 3345 suum

269 3406 448 3480 erga
483 3382 650 3471 Nos,
687 3397 764 3457 et
799 3382 984 3458 hanc
1023 3381 1500 3480 Apostolicam
1535 3380 1789 3456 Sedem
1822 3404 2161 3469 amorem,
2196 3406 2402 3458 vene-
2510 3408 2525 3425 ·

277 3500 806 3598 rationemque,
861 3511 938 3573 et
973 3500 1332 3597 egregium
1369 3498 1442 3571 in
1477 3498 1921 3573 sanctissima
1962 3512 2203 3573 nostra
2238 3500 2407 3573 reli-

280 3618 498 3715 gione
548 3616 940 3714 profitenda
991 3640 1074 3693 ac
1129 3616 1426 3691 tutanda
1477 3614 1789 3689 studium
1846 3614 2069 3711 magis
2122 3616 2191 3688 in
2256 3614 2407 3689 dies

281 3735 662 3809 ostendere
711 3758 794 3809 ac
843 3735 1196 3810 declarare
1251 3732 1661 3831 glorientur.
1696 3730 1873 3807 Cum
1914 3742 2153 3807 autem
2192 3732 2403 3807 iidem
2502 3766 2508 3773 ·

283 3850 744 3927 Venerabiles
801 3850 1108 3939 FratreS‚
1166 3872 1551 3947 eorumque
1603 3846 1849 3925 Clarus
1886 3859 1961 3923 et
1994 3848 2233 3923 fideles
2276 3870 2407 3943 po-

281 3967 440 4065 puli
479 3990 927 4065 summopere
963 3969 1272 4054 doleant,
1311 3965 1453 4041 Nos
1491 3964 1638 4039 fere
1675 3966 1868 4041 omni
1904 3964 2090 4041 civili
2122 3963 2406 4053 Nostro,

281 4096 372 4161 et
421 4085 630 4161 buius
681 4087 980 4162 Sanctae
1033 4086 1232 4161 Sedis
1267 4084 1666 4181 principatu
1702 4082 2039 4180 spoliatos
2075 4082 2147 4155 in
2182 4105 2407 4182 angu-

283 4206 430 4280 stis
481 4205 690 4281 rebus
745 4206 1006 4281 versari
1047 4256 1070 4293 ‚
1128 4204 1374 4279 iccirco
1425 4201 1598 4277 nihil
1653 4200 1793 4277 sibi
1844 4200 2110 4298 gratius
2142 4252 2163 4289 ,
2229 4202 2401 4277 nihil
