3317 5267
931 439 1074 576 ΒΨ
1619 539 1867 632 PIUS
1926 539 2091 630 PP.
2156 540 2308 630 IX.

845 925 1193 977 vamum
1233 925 1430 974 mfm
1469 921 1761 972 annuento
1801 921 2247 972 Ancutssttscoro
2288 921 2622 970 uolucrum
2643 921 3096 970 ltrntsmmtust.
3210 925 3221 938 ·

1642 1134 2025 1180 vitassemus
2071 1135 2283 1182 ΒΙΑΪΒΒ

1370 1331 1632 1382 savrra
1672 1332 1743 1378 nr
1783 1300 2179 1378 A'rosroucm
2219 1331 2713 1380 nnnsnicruomnt.

933 1521 1476 1686 Gravissimas
1525 1609 1713 1682 inter
1764 1608 2213 1698 acerbitates,
2242 1609 2500 1706 quibus
2534 1609 2849 1707 undique
2882 1633 3053 1707 pre-

927 1731 1220 1832 mimur,
1275 1729 1346 1800 in
1401 1729 1534 1801 hac
1611 1739 1813 1800 tanta
1867 1742 2271 1823 temporum
2352 1728 2889 1826 perturbatione
2974 1743 3045 1804 et

930 1847 1304 1944 iniquitate
1356 1846 1818 1920 vehementer
1868 1845 2217 1932 dolemus,
2272 1869 2437 1921 cum
2488 1867 2866 1922 noscamus
2898 1901 2921 1936 ‚
2982 1852 3047 1922 in

928 1963 1136 2038 variis
1189 1961 1610 2038 Germaniae
1666 1962 2069 2060 regionibus
2119 1965 2412 2060 reperiri
2487 1963 2863 2039 nonnullos
2942 1991 3051 2041 ea-

929 2081 1228 2156 tbolicos
1279 2083 1496 2154 etiam
1551 2080 1742 2154 viros
1774 2131 1797 2168 ,
1876 2079 2001 2177 qui
2062 2079 2347 2154 Sacram
2431 2080 2889 2177 Theologiam
2972 2107 3049 2156 ac

931 2198 1458 2295 Philosophiam
1503 2198 1872 2272 tradentes
1928 2197 2225 2271 minime
2271 2197 2607 2271 dubitant
2665 2200 3045 2295 quamdam

926 2320 1316 2393 inauditam
1369 2317 1598 2392 adhuc
1651 2319 1723 2390 in
1776 2316 2095 2392 Ecclesia
2172 2318 2469 2392 docendi
2556 2317 3047 2418 scribendique

929 2434 1329 2514 libertatem
1385 2439 1743 2525 inducere,
1808 2426 2199 2538 novasque,
2265 2448 2342 2512 et
2398 2439 2689 2514 omnino
2770 2439 3051 2537 impro-

925 2556 1196 2632 handas
1247 2557 1616 2653 opiniones
1668 2557 1903 2654 palam
1960 2557 2382 2656 publiceque
2456 2556 2771 2654 profiteri
2854 2571 2931 2634 et
2980 2561 3049 2633 in

927 2674 1180 2772 vulgus
1232 2677 1717 2750 disseminare.
1774 2673 1957 2749 Hinc
2009 2699 2153 2752 non
2202 2676 2345 2750 levi
2412 2697 2737 2752 moerore
2819 2677 3051 2754 affecti

929 2793 1220 2884 fuimus,
1277 2793 1716 2869 Venerabilis
1753 2793 2024 2882 Frater,
2082 2795 2203 2870 ubi
2260 2795 2708 2870 tristissimus
2762 2799 2850 2872 ad
2904 2795 3042 2873 Nos

930 2914 1128 2987 venit
1180 2915 1499 3001 nuntius,
1557 2909 2065 3008 Presbyterum
2099 2913 2433 2988 lacobum
2462 2913 3057 2988 Frohschammer

929 3033 998 3105 in
1057 3031 1192 3108 ista
1243 3029 1646 3106 Monacensi
1713 3029 2089 3104 Academia
2119 3029 2615 3127 Philosophiae
2668 3027 3051 3106 Doctorem

929 3151 1332 3226 huiusmodi
1383 3149 1679 3224 docendi
1732 3133 2229 3245 scribendique
2278 3148 2639 3224 licentiam
2712 3171 2881 3245 prae
2936 3171 3057 3223 ce-

934 3267 1104 3342 teris
1182 3265 1539 3350 adhibere.
1621 3289 1927 3363 eumque
2006 3266 2153 3340 suis
2236 3265 2569 3361 operibus
2648 3266 2719 3338 in
2807 3266 3041 3342 lucem

933 3383 1140 3458 editis
1189 3383 1817 3480 perniciosissimos
1866 3383 2047 3457 tueri
2084 3405 2382 3457 errores.
2416 3381 2619 3458 Nulla
2654 3383 2871 3479 igitur
2926 3384 3051 3456 in·-

937 3499 1274 3594 terposita
1326 3519 1550 3586 mora,
1589 3499 1885 3574 Nostrae
1924 3494 2461 3595 congregationi
2529 3497 2721 3573 libris
2774 3511 3053 3575 notan-

931 3619 1041 3692 dis
1093 3619 1534 3715 praepositae
1565 3619 2085 3705 mandavimus,
2128 3630 2213 3692 ut
2248 3620 2625 3715 praecipua
2660 3618 3055 3706 volumina,

933 3757 1116 3835 quae
1169 3735 1488 3832 ejusdem
1517 3735 1921 3833 Presbyteri
1964 3734 2556 3812 Frohschammer
2590 3737 2877 3810 nomine
2902 3737 3045 3810 eir-

931 3851 1425 3928 eumferuntur
1477 3876 1640 3927 cum
1698 3855 2011 3927 maxima
2062 3854 2423 3952 diligentia
2460 3853 2704 3930 sedulo
2740 3875 3059 3950 perpen-

797 4047 808 4054 ,
933 3971 1162 4057 deret,
1215 3981 1291 4044 et
1343 3971 1582 4044 omnia
1659 3969 1749 4044 ad
1802 3967 1944 4044 Nos
2006 3969 2325 4045 referret.
2409 3967 2607 4060 Quae
2687 3971 3053 4046 volumina

927 4090 1338 4184 ‚germanice
1393 4084 1665 4186 scripta'
1736 4090 2025 4164 titulum
2098 4089 2366 4164 habent
2408 4116 2443 4160 α
2488 4090 2933 4166 introductio
2986 4089 3057 4163 in

934 4204 1454 4304 philosophiam
1499 4232 1534 4278 »
1578 4205 1682 4282 De
1714 4207 2039 4282 libertate
2067 4208 2405 4284 scientiae
2450 4233 2483 4278 α
2536 4208 2979 4284 Athenaeum
3014 4231 3047 4278 n
