3317 5267
940 418 1079 489 148

1102 546 1527 599 alsuanum-10
1568 546 1639 595 Ae
1685 546 1823 595 num
1861 546 2100 595 tane-rio
2139 546 2529 594 caraxamus
2571 546 2885 595 ncctssun

1292 641 1641 697 nmmum
1683 642 1874 698 atoue
1915 640 2350 691 rnmcmtmn
2389 640 2686 690 umanum

1397 737 1519 785 ⁴1·ss
1560 738 1917 795 ultraneum
1959 738 2274 791 Rcctssstan
2311 739 2592 791 {unumst

1516 890 1768 984 PIUS
1829 888 2434 982 EPISCOPUS

1632 1128 1854 1177 serves
1893 1126 2199 1188 extremi
2239 1128 2336 1175 mn

1529 1267 1603 1312 An
1644 1264 1974 1312 murtrum
2015 1264 2108 1311 281
2135 1265 2463 1311 ΙΕΙΟΒΙΑΙ.

941 1412 1566 1591 Imperserutahili
1619 1489 1747 1565 Dei
1799 1490 2069 1588 Optimi
2120 1488 2412 1565 Maximi
2463 1493 2754 1569 consilio
2793 1496 2914 1569 vix
2961 1500 3052 1572 ad

938 1614 1342 1693 Catholicae
1402 1610 1758 1687 Ecclesiae
1809 1612 2276 1719 gubernacula
2303 1614 2728 1709 capessenda
2755 1614 3056 1694 humili-

933 1746 1045 1810 tas
1058 1722 1315 1813 Nostra
1341 1744 1586 1811 evecta
1614 1730 1774 1821 ruit,
1807 1756 2066 1813 munus
2090 1757 2258 1811 sane
2285 1732 2746 1831 amplitudine
2773 1738 3044 1833 gravis-

930 1853 1223 1938 simum,
1255 1850 1599 1925 molffltiis
1620 1850 1992 1939 refertum,
2025 1850 2516 1950 periculisque,
2557 1864 2800 1927 nostra
2829 1877 3046 1951 prae-

930 1958 1175 2043 sertim
1227 1980 1491 2057 aetate,
1530 1968 2054 2073 plenissimum,
2115 1980 2460 2071 quantum
2497 1969 2567 2042 in
2607 1970 2823 2047 Nobis
2862 1996 3042 2047 one—

930 2090 1026 2163 ris
1078 2100 1290 2187 atque
1342 2086 1598 2163 laboris
1651 2088 2070 2187 impositum
2123 2100 2312 2163 esset
2347 2092 2875 2190 perspeximus,
2936 2115 3054 2167 as-

932 2208 1131 2287 sidue
1208 2231 1247 2285 e
1318 2206 1601 2302 specula
1689 2204 1972 2285 Domini
2055 2208 2124 2283 in
2149 2201 2155 2211 ’
2184 2208 2616 2305 ,universum
2696 2220 3058 2283 terrarum

932 2322 1174 2397 orbem
1227 2323 1465 2397 oeulos
1520 2324 2035 2410 convertimuS,
2074 2323 2386 2420 nihilque
2415 2324 3054 2421 praetermisimus

932 2458 1013 2516 ut
1048 2446 1240 2524 omni
1277 2444 1734 2521 contentione
1771 2455 1846 2517 et
1881 2444 2042 2517 nisu
2066 2442 2235 2517 boni
2273 2442 2577 2538 pastoris
2614 2441 2844 2516 officio
2883 2442 3052 2521 ubi-

928 2585 1065 2657 que
1138 2561 1545 2659 fungamur.

1092 2679 1575 2755 intelleximus
1630 2680 2012 2777 siquidem,
2051 2677 2239 2776 quod
2273 2676 2358 2751 ad
2396 2677 2812 2782 gravissima
2849 2702 3058 2752 eom-

931 2799 1256 2895 ponenda
1308 2800 1597 2874 dissidia
1653 2802 1840 2873 inter
1876 2820 2092 2872 unam
2132 2796 2432 2871 Sanctae
2469 2796 2729 2871 Mariae
2763 2796 3053 2873 Maioris

934 2918 1369 3017 alteramque
1396 2918 1833 2993 Nazarenam
1887 2928 2326 3013 nuncupatas
2372 2916 2762 2990 saeculares
2797 2915 3057 2992 Eccle-

932 3036 1073 3111 sias
1110 3047 1183 3109 et
1238 3036 1547 3133 insignes
1601 3034 2019 3131 Collegiatas
2075 3030 2404 3107 Civitatis
2455 3030 2686 3108 Baroli
2725 3032 3056 3109 Tranen-

928 3154 1027 3229 sis
1078 3151 1431 3230 Dioecesis
1485 3151 1601 3228 fel.
1646 3176 1788 3227 ree.
1831 3150 2002 3224 Pius
2039 3148 2178 3221 ΡΡ.
2221 3148 2582 3246 Septimus
2621 3147 3054 3227 Praedeees—

929 3296 1054 3347 sor
1106 3273 1359 3348 Noster
1392 3296 1615 3371 usque
1658 3272 1749 3344 ab
1791 3270 1995 3343 Anno
2031 3266 2404 3341 millesimo
2451 3268 3052 3363 octingentesimo

923 3390 1266 3487 vigesimo
1299 3388 1528 3487 prim'o
1573 3398 2064 3485 opportunum
2099 3384 2381 3456 duxerit
2417 3380 2854 3457 Nazarenam
2891 3385 3056 3461 Col-

922 3507 1255 3604 legiatam
1306 3508 1780 3604 supprimere,
1837 3502 2173 3597 illamque
2223 3511 2568 3596 perpetuo
2619 3501 2822 3574 alteri
2877 3500 3054 3579 Col-

926 3625 1225 3722 legiatae
1278 3625 1577 3700 Sanctae
1612 3623 1871 3698 Mariae
1908 3620 2186 3696 Maioris
2223 3625 2656 3715 coniungere
2685 3643 2874 3695 nova
2901 3621 3050 3695 Ba-

918 3743 1178 3817 rolensi
1254 3740 1655 3839 Episcopali
1739 3740 1903 3813 sede
1957 3748 2244 3825 erecta3
2297 3736 2482 3834 quod
2535 3736 2825 3834 quidem
2877 3764 3048 3835 gra-

925 3861 1287 3935 tissimum
1336 3858 1591 3933 accidit
1652 3842 1982 3931 omnibus
2054 3864 2127 3927 et
2178 3851 2267 3925 ab
2317 3854 2683 3951 utriusque
2763 3854 3050 3931 Siciliae

924 3976 1115 4072 Rege
1182 3977 1403 4051 verbo
1456 3987 1538 4049 et
1592 3997 1668 4047 re
1727 3972 2036 4045 maxime
2107 3970 2708 4045 commendatum.
2768 3970 3046 4047 Verum

916 4094 1243 4187 quamvis
1300 4116 1486 4166 anno
1540 4089 1953 4185 insequenti
1991 4088 2062 4158 in
2101 4084 2518 4181 Apostolieis
2543 4084 2830 4160 Litteris
2871 4112 3048 4185 pro-

920 4210 1205 4286 visionis
1265 4210 1653 4285 Tranensis
1707 4206 2066 4282 Ecclesiae
2103 4206 2342 4281 favore
2387 4202 2814 4281 Venerabilis
2861 4206 3048 4281 Fra-
