3317 5267
859 469 1211 678 {ggoerior
1262 579 1336 651 in
1387 575 1642 651 litteris
1704 589 1933 672 apost.
1994 575 2413 674 Multiplices
2476 578 2669 651 inter
2732 585 2825 654 10
2876 583 2995 658 iu-

865 701 964 773 nfi
1025 701 1246 770 1851.

1802 815 1867 908 §.
1923 811 2044 887 lx.

979 1051 1282 1125 Errores
1317 1049 1406 1124 de
1449 1049 1646 1123 civili
1688 1047 1999 1123 Romani
2042 1049 2408 1150 Pontificie
2435 1051 2883 1152 principatu.

1015 1285 1296 1360 LXXV.
1354 1283 1460 1358 De
1511 1287 1921 1382 temporalis
1954 1286 2151 1382 regni
2186 1309 2349 1360 cum
2386 1286 2729 1382 spirituali
2782 1307 2995 1360 com-

862 1402 1282 1501 patibilitate
1334 1401 1702 1497 disputant
1750 1403 1937 1476 inter
1992 1425 2069 1475 se
2124 1403 2555 1477 christianae
2606 1414 2683 1477 et
2730 1403 2991 1478 catho-

861 1520 1034 1596 licae
1087 1519 1443 1593 Ecclesiae
1495 1519 1647 1590 lilii.

1067 1636 1225 1702 Litt.
1279 1633 1506 1722 Apoet.
1543 1635 1645 1702 Ad
1688 1635 2075 1725 apostolicae
2118 1635 2211 1702 22
2254 1638 2525 1723 augusti
2558 1633 2756 1702 1851.

1009 1754 1324 1830 Lxxvl.
1385 1755 1767 1851 Abrogatio
1820 1755 2048 1828 civilis
2100 1755 2432 1853 imperii,
2484 1779 2629 1851 quo
2682 1755 2999 1851 Aposto-

853 1875 985 1948 liea
1031 1874 1250 1948 Sedes
1298 1873 1626 1970 potitur,
1682 1874 1769 1945 ad
1824 1873 2180 1948 Ecclesiae
2229 1873 2633 1948 libertatem
2686 1869 2994 1946 felicita-

855 2003 1144 2088 temque
1199 1989 1312 2064 vel
1365 1989 1679 2062 maxime
1730 1991 2177 2064 conduceret.

1057 2105 1279 2175 Alloc.
1341 2105 1590 2186 Quibus
1637 2113 2025 2194 quantisque
2070 2103 2165 2176 20
2206 2107 2439 2196 aprilis
2498 2103 2701 2176 1849.

1009 2227 1098 2302 Ν.
1155 2227 1240 2300 Β.
1299 2225 1588 2302 Praeter
1636 2227 1769 2302 hos
1822 2248 2110 2302 errores
2136 2227 2471 2324 explicite
2522 2238 2839 2316 notam,
2874 2228 2991 2301 alii

855 2344 1256 2440 complures
1289 2343 1625 2439 implicite
1680 2343 2171 2439 reprobantur,
2210 2343 2571 2440 proposita
2603 2354 2683 2418 et
2716 2357 2989 2418 aeserta

855 2463 1200 2547 doctrina,
1253 2481 1472 2556 quam
1525 2461 1853 2536 catholici
1906 2483 2156 2536 omnes
2208 2459 2611 2534 firmissime
2673 2461 2977 2534 tetinero

853 2578 1184 2664 debeant,
1223 2579 1312 2652 de
1345 2577 1537 2650 civili
1579 2577 1882 2652 Romani
1918 2575 2281 2654 Pontificis
2320 2575 2740 2672 principatu.
2766 2575 2981 2650 Eius—

855 2694 1048 2770 modi
1097 2693 1413 2769 doctrina
1463 2693 1856 2768 luculenter
1928 2695 2231 2769 traditur
2306 2694 2377 2766 in
2432 2693 2651 2771 Alloc.
2708 2689 2985 2780 Quibus

858 2811 1282 2914 quantisque
1320 2813 1416 2882 20
1457 2810 1658 2905 april.
1706 2814 1935 2899 18493
1970 2813 2043 2910 in
2084 2811 2301 2886 Alloc.
2344 2805 2425 2882 Si
2460 2833 2735 2908 semper
2770 2822 2989 2881 antea

856 2933 953 3002 20
1006 2928 1174 3002 maii
1233 2927 1610 3014 18503111
1665 2926 1841 3000 Litt.
1900 2939 2127 3024 apost.
2192 2926 2375 3003 Cum
2452 2925 2799 3000 catlwlica
2850 2925 2989 3000 Ec-

855 3045 1074 3120 clesia
1112 3050 1208 3151 26
1249 3055 1456 3117 mart.
1506 3049 1733 3133 18603
1771 3047 1841 3118 in
1878 3045 2091 3122 Alloc.
2132 3043 2365 3120 Novos
2403 3049 2497 3120 28
2526 3056 2713 3140 sept.
2766 3047 2991 3131 18603

855 3167 930 3239 in
970 3137 1186 3238 Alloc
1227 3159 1661 3236 Iamdudum
1694 3166 1783 3236 18
1816 3174 2024 3236 mart.
2064 3168 2290 3252 18613
2318 3165 2391 3237 in
2421 3162 2637 3238 Alloc.
2670 3159 2991 3236 Maxima

859 3279 1148 3382 quidem
1206 3284 1246 3352 9
1303 3280 1472 3353 iunii
1536 3280 1759 3352 1862.

1814 3519 1881 3610 §.
1940 3515 2029 3588 X.

859 3749 1160 3826 Error-es
1201 3747 1326 3846 qui
1379 3745 1476 3820 ad
1509 3745 2023 3826 liberalismum
2078 3752 2501 3829 hodiernum
2538 3753 2982 3850 referuntur.

1007 3985 1350 4063 LXXVII.
1419 3989 1669 4064 Aetate
1721 3992 1850 4066 hac
1900 4005 2141 4068 nostra
2191 4015 2333 4070 non
2388 3993 2695 4091 amplius
2766 4015 2987 4088 expe-

719 4169 726 4176 .
853 4107 984 4196 dit,
1035 4103 1442 4202 religionem
1495 4108 1914 4184 catholicam
1966 4109 2207 4184 haberi
2266 4121 2637 4206 tamquam
2692 4111 2975 4183 unicam
