3317 5267
2276 480 2433 554 515
2502 499 2505 506 ·

323 598 698 698 aliquando
747 597 1036 670 demum
1089 597 1463 672 hominum
1501 595 1776 670 animos
1814 597 2077 672 veritas
2112 607 2435 672 mentes-

325 741 466 816 que
552 715 894 813 pervadat
943 728 1157 813 atque
1207 718 1561 791 devincat.
1642 714 1845 787 Tunc
1892 713 2015 788 illa
2092 727 2442 791 terrarum

325 833 480 908 orbi
531 831 892 928 effulgebit
943 855 1111 929 pax,
1165 856 1380 930 quam
1433 831 1663 905 enixis
1716 830 1929 918 votis,
1985 832 2441 929 collectisque

324 953 650 1026 omnium
701 949 1276 1026 Christifidelium
1330 949 1658 1048 precibus
1732 947 2003 1043 jamdiu
2056 973 2099 1024 a
2150 946 2305 1026 Deo
2357 975 2443 1024 o-

324 1071 554 1164 ptimo
605 1069 920 1143 maximo
970 1070 1459 1164 deprecamur,
1517 1088 1875 1164 quamque
1952 1069 2231 1165 assequi
2297 1069 2439 1139 mi·-

324 1188 519 1260 nime
569 1186 1008 1262 dubitamus.
1588 1274 1606 1280 ..

480 1304 548 1397 ς.
605 1307 728 1375 20.
787 1301 1182 1376 Praemissa
1236 1303 1474 1377 omnia
1526 1301 1610 1376 ad
1643 1302 2057 1376 universalis
2086 1295 2441 1375 Ecclesiae

327 1423 658 1496 notitiam
710 1423 984 1510 deduci,
1040 1435 1595 1520 praesentesque
1651 1421 1943 1497 Nostras
2006 1409 2282 1493 litteras
2358 1419 2446 1492 ad

328 1549 743 1634 perpetuam
796 1539 901 1611 rei
925 1535 928 1540 ’
956 1538 1373 1610 memoriam
1397 1540 1560 1613 dare
1591 1539 1971 1622 voluimuS,
2028 1535 2449 1610 mandantes

329 1667 412 1729 ut
459 1677 706 1730 earum
763 1657 1230 1751 transumptis
1281 1659 1432 1729 sive
1485 1655 1831 1752 exemplis
1884 1656 2105 1728 etiam
2142 1655 2449 1749 impres-

325 1773 450 1856 sis,
499 1783 575 1842 et
627 1790 846 1844 manu
897 1770 1190 1870 alicujus
1245 1774 1500 1847 notarii
1550 1775 1819 1869 publici
1871 1771 2318 1868 subscriptis,
2360 1778 2451 1844 'et

327 1888 556 1984 sigillo
608 1889 738 1961 viri
789 1891 862 1962 in
916 1891 1383 1965 ecclesiastica
1434 1893 1779 1988 dignitate
1831 1891 2239 1965 constituti·
2279 1911 2451 1961 mn-
2514 1879 2522 1898 ²
2584 1931 2592 1942 ·

329 2003 500 2076 nitis
553 2003 798 2078 eadem
851 2015 1162 2102 prorsus
1189 2005 1362 2082 fides
1387 2007 1739 2081 habeatur
1762 2007 1853 2080 ab
1880 2005 2247 2093 omnibus,³
2268 2023 2449 2102 quae

327 2119 707 2194 haberetur
757 2123 818 2195 si
869 2123 1232 2197 exhibitae
1285 2135 1499 2220 atque
1552 2135 1883 2198 ostensae
1932 2122 2171 2198 forent
2240 2127 2451 2218 prae-

329 2249 570 2311 sentes
607 2237 906 2312 Nostrae
960 2239 1270 2312 litterae.
2437 2257 2441 2262 ·

483 2353 669 2427 Nulli
719 2356 930 2430 liceat
979 2359 1310 2454 paginam
1363 2353 1548 2432 hanc
1619 2359 1919 2432 Nostrae
1968 2356 2395 2431 definitionis
2428 2405 2451 2442 ‚

329 2471 618 2550 decreti,
677 2474 990 2546 mandati
1044 2497 1124 2546 ac
1203 2475 1595 2549 voluntatis
1679 2473 2121 2571 infringere3
2172 2474 2236 2546 si
2296 2473 2455 2570 quis

331 2599 572 2660 autem
625 2588 928 2662 voluerit
977 2593 1349 2666 temerario
1402 2615 1578 2664 ausu
1613 2579 2453 2685 contradicereindigna-

333 2704 598 2778 tionem
651 2707 1160 2801 omnipotentis
1200 2707 1328 2782 Dei
1379 2721 1452 2782 et
1489 2720 1899 2782 sanctorum
1929 2706 2125 2780 Petri
2148 2717 2223 2778 et
2254 2704 2454 2778 Pauli

337 2820 830 2918 Apostolorum
885 2825 1040 2918 ejus
1089 2847 1172 2899 se
1225 2827 1508 2900 noverit
1559 2829 2038 2902 incursurum.
2140 2873 2147 2880 -

539 2935 802 3014 Datum
857 2941 1128 3017 Romae
1179 2946 1364 3039 apud
1442 2945 1789 3018 Sanctum
1866 2941 2167 3015 Petrum
2250 2935 2459 3012 Anao
2520 2979 2526 2986 ·

331 3056 834 3132 iucarnationis
889 3059 1297 3135 Dominicae
1325 3057 1856 3147 MDCCCLX11‚
1898 3058 1991 3131 Vl
2024 3055 2191 3130 ldus
2215 3053 2256 3126 J
2264 3055 2445 3128 ulnas

333 3171 788 3249 Pontificatus
839 3175 1080 3250 Nostri
1135 3201 1322 3253 anno
1379 3177 1600 3251 xvll.

489 3405 584 3497 ἦ
643 3397 800 3493 Ego
858 3397 1062 3472 1>le
1099 3397 1510 3476 Catholicae
1545 3396 1907 3473 Ecclesiae
1932 3395 2353 3493 Episcopus.
2468 3393 2479 3462 ἰ

339 3597 750 3696 Sequuntur
775 3613 1054 3676 ceterae
1069 3597 1625 3698 subscriptiones
1650 3611 1865 3697 prout
1890 3600 1963 3676 in
1991 3562 2472 3674 antecedentiss
