3317 5267
883 454 1032 522 494

888 560 1389 637 intercessione
1444 560 1693 655 petita,
1754 560 2237 658 ,invocatoque
2298 557 2627 634 Paracliti
2710 559 3021 657 Spiritus

883 679 1168 766 auxilio,
1199 677 1283 750 ad
1337 676 1680 751 honorem
1718 688 2002 750 sanctae
2056 688 2129 749 et
2184 678 2583 751 individuae
2613 677 3015 764 Trinitatis,

881 798 969 871 ad
1023 795 1527 871 exalt-ationem
1580 795 1969 870 catholicae
2025 795 2212 882 fidei,
2270 803 2346 868 et
2416 796 2845 869 christianae
2898 819 3021 868 re·-

881 913 1163 1010 ligionis
1216 923 1704 1006 augmentum,
1746 911 2173 984 anctoritate
2228 909 2510 986 Domini
2563 911 2801 986 Nostri
2836 910 3017 986 Jesu

879 1028 1172 1114 Christi,
1255 1040 1332 1102 et
1398 1026 1773 1102 beatorum
1850 1026 2353 1124 Apostolorum
2409 1027 2603 1102 Petri
2680 1040 2757 1102 et
2812 1027 3017 1102 Pauli

878 1173 961 1224 ac
997 1147 1254 1224 Nostra
1307 1146 1602 1220 beatum
1663 1146 1957 1221 Petrum
1996 1147 2865 1244 Baptistam,'Martinum
2918 1146 3015 1220 ab

880 1266 1307 1341 Ascensione
1347 1317 1368 1352 ,
1427 1263 1881 1338 Franciscum
1942 1265 2202 1342 Blanco
2244 1320 2264 1354 ,
2330 1267 2783 1340 Francisenm
2832 1289 2873 1338 a
2929 1265 3009 1339 S.

875 1381 1216 1458 Michaele
1259 1433 1278 1468 ,
1338 1379 1747 1477 Philippum
1810 1406 1851 1454 a
1902 1381 2075 1457 Jesn
2110 1437 2131 1471 ,
2188 1381 2695 1456 Gundisalvum
2751 1380 3011 1454 Garzia

876 1500 1219 1597 seraphici
1273 1497 1558 1572 Ordinis
1611 1500 1838 1572 sancti
1897 1500 2256 1576 Francisci
2310 1500 2563 1573 fratres
2618 1499 3005 1596 professos,

877 1615 1172 1693 Paulum
1237 1615 1547 1712 Suzuqui
1592 1668 1611 1703 ,
1698 1614 2095 1690 Gabrielem
2164 1639 2205 1688 a
2260 1615 2517 1692 Duisco
2563 1669 2583 1704 ,
2651 1617 3009 1692 Joannem

871 1733 1190 1832 Quizuya
1231 1784 1252 1821 ,
1323 1733 1676 1807 Thomam
1750 1729 2019 1806 Danchi
2066 1785 2087 1819 ,
2144 1731 2596 1807 Franciscum
2658 1732 3005 1806 Meacen-

872 1877 1054 1941 sem,
1115 1853 1464 1928 Thomam
1521 1849 1857 1948 Cosaqni‚
1920 1851 2241 1927 Joachim
2314 1852 2690 1949 Saquijor,
2746 1852 3007 1927 Bona-

868 1984 1244 2046 venturam
1337 1979 1464 2042 aut
1565 1966 1960 2042 Venturam
2051 1969 2529 2065 Japonensem
2570 2020 2590 2055 ,
2684 1967 2999 2044 Leonem

867 2085 1280 2172 Carazuma,
1339 2084 1687 2158 Mathiam
1753 2084 2235 2182 Japonensem
2269 2138 2290 2173 ,
2360 2085 2747 2161 Antonium
2802 2084 3001 2170 Nan„-

863 2203 1171 2298 gasachii
1211 2253 1232 2288 ,
1317 2199 1616 2275 Paulum
1704 2199 2054 2298 Yuaniqui
2136 2200 2467 2289 1barchi,
2552 2201 2997 2277 Ludovicum

869 2317 1142 2391 Ibarchi
1175 2369 1196 2406 ‚
1261 2317 1677 2391 Michaelem
1746 2316 2051 2415 Gozoqui
2084 2371 2105 2406 ,
2176 2319 2467 2392 Petrum
2530 2319 2939 2416 Sequexein
2967 2371 2991 2404 ,

863 2433 1195 2509 Cosmam
1238 2431 1576 2530 Raquisa,
1633 2433 2087 2510 Franciscum
2152 2436 2539 2510 Fabelante
2600 2436 2836 2510 eidem
2872 2459 2991 2509 se-

858 2551 1146 2648 raphico
1180 2548 1424 2624 Ordini
1475 2551 1897 2647 adscriptos,
1956 2575 2097 2626 una
2148 2577 2313 2627 cum
2366 2553 2595 2628 beatis
2650 2555 2993 2650 martyri-

855 2669 991 2744 bus
1045 2663 1262 2741 Paulo
1316 2665 1514 2754 Miki,
1565 2667 1837 2742 Joanne
1891 2670 2075 2744 Soan
2128 2693 2253 2744 seu
2306 2671 2395 2745 de
2449 2670 2663 2756 Goto,
2720 2669 2989 2746 Didaco

858 2809 986 2860 seu
1035 2783 1301 2860 Jacobo
1353 2783 1544 2857 Kisai
1597 2807 1636 2856 e
1693 2785 2047 2860 Societate
2102 2787 2275 2862 Jesu
2334 2799 2549 2884 atque
2600 2787 2814 2862 beato
2850 2787 2989 2862 Mi-

855 2905 1095 2980 chaele
1147 2927 1188 2976 a
1241 2903 1519 2977 Sanctis
1573 2903 1973 2979 confessore
2034 2929 2175 2981 non
2250 2907 2608 3002 pontifice,
2672 2907 2981 2982 Sanctus

855 3043 1012 3096 esse
1061 3021 1504 3096 decrevimus
1555 3031 1767 3116 atque
1819 3021 2287 3110 definivimus,
2346 3025 2519 3096 etin
2548 3023 2977 3098 Sanctorum

855 3139 1092 3213 album
1148 3139 1543 3224 retulimuS,
1609 3161 1995 3236 eorumque
2070 3142 2492 3216 memoriam
2523 3194 2544 3230 ,
2624 3163 2843 3238 quam
2900 3144 2975 3214 in

855 3256 1290 3354 subsequuta
1345 3259 1604 3330 missae
1631 3258 2101 3332 celebratione
2158 3260 2301 3335 Nos
2356 3260 2499 3356 Ipsi
2564 3260 2983 3334 solemniter

855 3376 1169 3447 venerati
1221 3397 1496 3460 sumuS,
1553 3374 1642 3446 ab
1708 3378 2037 3451 universa
2088 3378 2405 3452 Ecclesia
2432 3379 2817 3477 quotannis
2854 3401 2979 3451 no·

853 3492 966 3564 nis
1051 3490 1384 3564 februarii
1457 3493 1592 3566 coli
1655 3496 2177 3569 mandavimus.
2260 3495 2613 3571 Omnibus
2688 3519 2979 3593 quoque

855 3603 1462 3696 christifidelibus,
1529 3611 1650 3705 qni
1706 3608 2262 3707 frequentissimi
2314 3614 2609 3686 aderant
2646 3665 2667 3702 ,
2722 3613 2975 3709 plena-

851 3726 1056 3814 riam,
1131 3725 1217 3797 iis
1291 3749 1463 3801 vero
1525 3729 1651 3826 qni
1722 3731 2015 3826 singulis
2078 3733 2281 3803 annis
2317 3733 2673 3828 praedicta
2730 3732 2847 3805 die
2880 3733 2971 3806 ad

851 3867 1100 3920 eorum
1149 3855 1546 3941 martyrum
1599 3848 1896 3920 exuvias
1969 3851 2405 3922 venerandas
2484 3851 2915 3924 accesserint
2944 3901 2969 3936 ,

851 3975 1130 4060 septem
1181 3985 1529 4038 annornm
1581 3977 1657 4037 et
1712 3968 2009 4040 totidem
2062 3970 2676 4065 quadragenarum
2732 3970 2973 4042 indul-

849 4084 1166 4178 gentiam
1225 4085 1298 4156 in
1373 4083 1604 4158 forma
1664 4083 2022 4160 Ecclesiae
2102 4099 2442 4160 consueta
2514 4101 2971 4182 peramanter

850 4199 1081 4296 largiti
1129 4221 1400 4274 sumus.

997 4319 1062 4411 §.
1123 4323 1247 4391 45.
1307 4315 1578 4392 Debitis
1605 4319 1767 4396 inde
1826 4321 2069 4416 gratiis
2109 4319 2257 4396 Deo
2292 4323 2601 4418 peractis
2652 4321 2965 4417 hymno·
