3317 5267
2210 495 2355 566 459

225 629 458 692 terrae
490 667 512 704 ,
577 624 655 687 et
713 611 1060 688 Dominici
1121 609 1350 708 gregis
1408 606 1735 682 custodes
1766 659 1787 695 ,
1842 629 1923 682 ac
1976 617 2295 704 pastores
2334 661 2357 698 ,

221 736 442 810 etiam
495 745 712 830 atque
763 731 981 805 etiam
1036 731 1430 805 excitamus
1483 737 1558 800 et
1599 725 2065 815 obtestamur,
2101 738 2185 802 ut
2230 752 2361 825 pro

223 853 488 926 eximia
542 849 794 924 Vestra
845 849 1178 946 religione
1230 859 1306 921 et
1356 844 1741 942 episcopali
1798 844 1947 920 zelo
2003 849 2355 944 pergatis,

221 967 444 1042 veluti
477 967 708 1042 adhuc
741 987 904 1039 cum
931 989 1212 1041 summa
1240 963 1473 1038 Vestri
1501 961 1785 1038 Ordinis
1814 962 2021 1036 laude
2062 963 2355 1052 fecistis,

221 1085 416 1158 omni
455 1108 649 1173 cura,
689 1084 1064 1159 sedulitate
1103 1097 1176 1158 et
1212 1083 1446 1159 studio
1499 1079 1745 1155 fideles
1798 1079 2021 1155 Vobis
2061 1083 2359 1157 traditos

223 1202 314 1276 ab
365 1203 560 1276 hisce
629 1203 994 1276 venenatis
1033 1202 1322 1299 pascuis
1358 1223 1626 1288 arcere,
1670 1209 1745 1274 et
1792 1223 1935 1297 qua
1987 1223 2185 1287 voce,
2224 1223 2363 1297 qua

224 1320 641 1416 opportunis
693 1319 976 1416 scriptis
1013 1330 1124 1393 tot
1159 1338 1661 1415 perversarum
1700 1317 2117 1412 opinionum
2154 1337 2363 1390 mon-

223 1447 372 1512 stra
422 1436 740 1510 refellere
805 1448 879 1510 et
942 1436 1335 1533 profligare.
1401 1435 1693 1532 Optime
1758 1434 1952 1508 enim
2014 1434 2211 1508 scitis
2275 1434 2363 1508 de

223 1579 504 1630 summa
565 1580 640 1630 re
704 1558 843 1653 agi,
911 1578 1080 1630 cum
1149 1566 1402 1653 agatur
1472 1556 1564 1629 de
1637 1554 2129 1628 sanctissimae
2200 1553 2357 1628 fidei

220 1689 532 1763 nostrae,
587 1699 669 1750 ac
721 1677 808 1751 de
856 1674 1244 1750 catholicae
1299 1673 1685 1761 Ecclesiae,
1744 1675 2037 1771 eiusque
2090 1673 2357 1748 doctri-

222 1816 356 1867 nae
407 1817 646 1881 causa‚
703 1794 789 1866 de
842 1793 1264 1890 populorum
1317 1792 1570 1880 salute,
1627 1803 1705 1867 et
1744 1790 2099 1867 humanae
2124 1793 2354 1866 socie-

225 1913 398 1985 tatis
447 1911 636 1988 bono
689 1935 771 1986 ac
823 1911 1356 2008 tranquillitate.
1415 1911 1689 2009 ltaque,
1728 1923 2078 2008 quantum
2116 1911 2188 1985 in
2218 1909 2353 1986 Vo-

221 2030 336 2104 bis
397 2040 534 2118 est,
598 2053 688 2104 ne
749 2029 1088 2103 desinatis
1149 2051 1466 2124 unquam
1529 2051 1568 2100 a
1639 2027 1960 2102 fidelibus
2030 2039 2349 2102 avertere

226 2159 378 2220 tam
438 2147 634 2220 dirae
697 2147 920 2243 pestis
981 2143 1334 2242 contagia,
1409 2144 1596 2219 idest
1664 2142 1754 2216 ab
1824 2165 2069 2218 eorum
2132 2142 2351 2218 oculis

227 2262 694 2362 manibusque
747 2264 1176 2361 perniciosos
1226 2261 1444 2337 libros
1507 2275 1582 2336 et
1642 2261 2131 2357 ephemerides
2190 2263 2349 2336 eri-

225 2403 419 2478 pere,
474 2382 806 2478 ipsosque
857 2380 1096 2455 fideles
1151 2379 1618 2454 sanctissimis
1670 2390 2011 2475 augustae
2064 2391 2345 2454 nostrae

225 2497 582 2594 religionis
633 2494 1250 2594 praeceptionibus
1315 2495 1592 2569 assidue
1657 2494 1973 2569 imbuere
2034 2507 2109 2568 et
2169 2517 2349 2570 eru-

225 2613 399 2702 dire,
455 2637 538 2687 ac
591 2635 880 2688 monere
933 2625 1010 2687 et
1061 2611 1448 2699 exhortari,
1503 2620 1589 2685 ut
1623 2605 1732 2685 'ab
1783 2610 1977 2686 hisce
2013 2611 2349 2709 iniquita-

227 2729 322 2806 tis
390 2731 772 2828 magistriS,
849 2743 1210 2828 tamquam
1283 2751 1326 2802 a
1397 2728 1574 2804 facie
1643 2728 1913 2806 colubri
1982 2729 2344 2826 effugiant.

229 2845 508 2944 Pergite
564 2846 856 2922 Vestras
907 2869 1156 2922 omnes
1217 2869 1420 2923 curas
1485 2847 2093 2942 cogitationesque
2149 2847 2221 2920 in
2282 2847 2347 2920 id

229 2965 682 3059 potissimum
745 2962 1094 3050 conferre,
1158 2975 1242 3036 ut
1303 2959 1550 3034 Clerus
1608 2973 1851 3036 sancte
1911 2963 2353 3059 scienterque

229 3081 667 3170 instituatur,
723 3081 1200 3178 omnibusque
1253 3078 1638 3153 virtutibus
1688 3077 1981 3174 fulgeat,
2038 3093 2121 3152 ut
2172 3080 2354 3154 utri-

230 3221 455 3296 usque
507 3221 720 3274 sexus
772 3201 1102 3274 iuventus
1163 3198 1250 3271 ad
1313 3217 1592 3271 morum
1651 3196 2128 3283 honestatem,
2190 3197 2345 3294 pie—

231 3328 456 3392 tatem
487 3369 510 3404 ,
583 3339 1010 3414 omnemque
1085 3315 1422 3390 virtutem
1495 3315 1741 3389 sedulo
1812 3312 2191 3396 formetur,
2264 3325 2347 3388 ut

231 3433 558 3508 salutaris
611 3436 708 3508 sit
757 3434 1150 3508 studiorum
1205 3433 1411 3508 ratio.
1472 3430 1572 3506 Ac
1623 3432 2155 3529 diligentissime
2218 3433 2347 3507 ad·-

231 3551 516 3649 vigilate
553 3567 628 3626 et
661 3552 1062 3648 prospicite,
1103 3575 1194 3626 ne
1229 3553 1306 3625 in
1335 3551 1787 3626 humaniores
1818 3551 2115 3638 litteras,
2152 3572 2351 3624 seve-

229 3668 590 3766 rioresque
621 3667 1021 3767 disciplinas
1050 3668 1424 3743 tradendas
1447 3668 1709 3768 aliquid
1742 3689 2058 3766 unquam
2084 3667 2349 3762 irrepat

229 3787 416 3882 quod
465 3785 652 3874 fidei,
715 3787 1058 3884 religioni,
1118 3786 1462 3884 bonisque
1521 3784 1835 3860 moribus
1900 3785 2338 3859 adversetur.

235 3902 542 3978 Viriliter
607 3904 817 4001 agite,
894 3903 1342 3980 Venerabiles
1409 3903 1720 3991 FratreS,
1792 3915 1867 3978 et
1939 3925 2029 3975 ne
2098 3901 2335 3976 animo

231 4045 546 4119 unquam
595 4023 978 4099 concidatis
1031 4025 1102 4096 in
1157 4023 1290 4098 bac
1341 4035 1540 4097 tanta
1603 4035 2004 4118 temporum
2058 4032 2343 4116 pertur-

229 4138 514 4216 batione
549 4153 624 4216 et
657 4143 1055 4241 iniquitate,
1093 4143 1217 4217 sed
1252 4142 1492 4218 divino
1528 4141 1789 4217 auxilio
1824 4139 2115 4216 omnino
2148 4136 2337 4226 freti,

229 4279 313 4332 ac
361 4273 715 4334 sumentes
766 4261 846 4334 in
899 4259 1223 4336 omnibus
1275 4273 1550 4336 scutum
1611 4256 2161 4361 inexpuqnabile
2218 4279 2345 4331 ae-
2442 4327 2466 4338 ,
