3317 5267
351 535 508 584 mum
543 553 574 570 -·
616 519 652 581 6
684 518 808 583 iun.
839 517 1238 602 Conqueritur
1265 515 1417 583 falso
1440 517 1695 584 dictitari
1722 513 2051 584 Romanum
2078 519 2231 584 Pon-

351 621 566 683 titicem
609 618 860 682 minime
895 617 1217 682 sollicitum
1258 635 1410 682 esse.
1434 617 1509 683 de
1529 617 2013 684 christifidelibus
2034 618 2094 683 in
2120 619 2237 686 Po-

353 718 550 784 loniae
591 734 773 800 regno
813 717 1196 800 degentibns3
1239 735 1426 800 quare
1465 717 1528 781 in
1573 726 1833 782 mentem
1896 727 2140 784 revocat
2178 738 2241 785 o-

355 817 518 880 mnia
557 833 712 898 quae
749 815 1158 898 superioribus
1197 814 1568 898 temporibus
1605 833 1717 897 pro
1765 813 1987 879 tuenda
2042 816 2245 881 catho-

355 913 470 978 lica
509 913 798 996 religione
836 914 1189 994 praesertim
1232 933 1266 980 a
1307 921 1663 996 se-peracta
1706 913 1873 978 fuere
1910 914 2091 980 etiam
2130 933 2241 998 pro

354 1011 628 1076 fidelibus
667 1012 728 1075 in
751 1012 978 1076 russico
1025 1011 1302 1098 Imperio.
1365 1011 1685 1075 Enumerat
1727 1009 1929 1093 plures
1968 1012 2246 1095 postula·-

363 1117 560 1180 tiones
599 1133 636 1180 a
663 1134 730 1180 se
769 1114 957 1180 factas
979 1123 1046 1178 ut
1067 1110 1332 1178 Ecclesia
1353 1113 1537 1194 plena
1561 1111 1783 1177 ibidem
1812 1112 2043 1180 fruatur
2066 1115 2245 1180 liber-

365 1217 490 1274 tate
509 1227 580 1274 ac
607 1209 852 1287 iuribus,
876 1219 937 1274 et
963 1209 1405 1293 Episcopalium
1419 1207 1646 1272 sedium
1673 1207 2086 1273 vacationibus
2106 1225 2247 1293 pro·

357 1308 654 1373 videatur.
698 1308 861 1385 Quas
903 1309 1141 1390 quidem
1165 1307 1408 1372 iteravit
1447 1305 1765 1372 occasione
1790 1308 2245 1373 extraordinarii

358 1407 420 1472 S.
463 1407 636 1472 Sedis
673 1407 942 1472 Oratoris
981 1407 1061 1471 ad
1117 1407 1466 1472 Russiarum
1523 1406 1961 1472 Autocratoron
2010 1407 2243 1490 imperii

359 1515 656 1588 sceptrum
697 1507 1002 1588 adeptum
1036 1515 1218 1590 atque
1246 1523 1352 1572 eas
1391 1507 1546 1570 inter
1579 1506 1837 1586 urgebat
1864 1507 2249 1573 residentiam

365 1611 510 1674 inibi
551 1607 844 1694 pontificii
871 1609 1100 1690 Legati.
1126 1608 1412 1672 Hortatur
1429 1603 1693 1686 denique
1717 1603 2249 1689 Arcbiepiscopnm

363 1734 428 1788 ut
467 1725 752 1806 populum
793 1724 870 1787 ad
897 1721 1136 1788 virtutis
1177 1731 1240 1784 et
1281 1719 1544 1784 institiae
1597 1717 1849 1782 semitas
1888 1717 2071 1782 ducat
2113 1725 2175 1783 et
2222 1735 2257 1782 a

363 1819 882 1904 perniciosissimis
923 1816 1474 1902 perturbationibus
1514 1825 1740 1881 arceat.
1830 1865 1845 1878 .
2039 1863 2054 1880 .
2218 1839 2251 1876 s
2293 1817 2409 1882 243

287 1923 544 1988 Litterae
585 1921 962 2004 Apostolicae
1005 1954 1036 1967 -
1073 1919 1168 1983 De
1211 1919 1430 1983 tuendo
1461 1918 1827 1999 colendoque
1866 1951 1899 1969 ·-
1940 1917 2039 1982 die
2064 1918 2100 1982 9
2128 1917 2256 1982 iulii

367 2022 582 2104 quibus
623 2021 777 2086 inter
817 2021 1034 2085 Beatos
1075 2017 1358 2084 adscribit
1397 2019 1811 2084 venerabilem
1850 2035 2096 2083 servum
2140 2019 2251 2084 Dei

375 2122 660 2187 loannem
713 2122 1002 2188 Leonardi
1069 2119 1438 2185 conditorem
1479 2119 1839 2201 regularium
1895 2115 2259 2214 clericorum

371 2219 626 2284 (emiliae
667 2237 704 2283 a
743 2221 933 2284 Matre
959 2215 1094 2281 Dei.
1302 2263 1317 2278 .
1487 2263 1500 2278 .
1672 2264 1688 2280 .
1856 2263 1873 2280 .
2042 2265 2057 2280 .
2228 2241 2259 2278 ιι
2301 2217 2419 2282 255

291 2318 550 2385 Litterae
607 2317 984 2402 Apostolicae
1051 2316 1162 2382 sub
1223 2315 1466 2399 plumbo
1506 2347 1537 2366 ·
1580 2315 1661 2381 ln
1704 2317 2049 2381 celsissima
2093 2348 2137 2363 -
2188 2317 2263 2384 vt

371 2420 507 2486 Kal.
551 2421 780 2486 octobr.
813 2419 1072 2500 Erigitur
1113 2433 1273 2483 nova
1335 2416 1677 2500 Episopalis
1734 2417 1921 2483 Sedes
1968 2417 2267 2485 Victoriae

373 2519 434 2584 in
475 2515 762 2602 Hispania
933 2566 948 2581 .
1116 2565 1132 2579 .
1303 2567 1318 2583 .
1490 2563 1506 2578 .
1676 2565 1690 2579 .
1863 2563 1879 2580 .
2234 2539 2265 2576 ι
2308 2515 2427 2581 262

277 2619 594 2686 ..allocutio
635 2619 837 2684 habita
866 2619 926 2684 in
955 2617 1330 2683 consistorio
1373 2624 1607 2683 secreto
1664 2615 1766 2680 die
1806 2616 1881 2680 3⁰
1940 2615 2269 2700 septembr.

369 2753 404 2767 -
443 2719 724 2785 Meminit
761 2719 1162 2803 navisquiaeque
1201 2753 1236 2766 -
1271 2717 1601 2784 Memorata
1664 2715 1879 2782 damna
1940 2717 2275 2782 catholicae

373 2819 680 2886 Ecclesiae
718 2829 782 2883 et
819 2819 1197 2900 Apostolicae
1235 2818 1374 2882 Sedi
1418 2815 1586 2882 illata
1615 2835 1650 2882 a
1678 2815 2007 2896 Subalpino
2036 2817 2269 2888 Guber-

377 2918 480 2982 nio
519 2918 582 2982 in
621 2917 828 2982 ltaliae
869 2917 1216 2997 regionibus
1255 2917 1330 2980 ab
1373 2935 1446 2980 eo
1487 2915 1817 2996 usurpatis.
1850 2915 2269 2998 Conqueritur,

377 3016 494 3082 alia
534 3015 690 3084 inter
728 3014 932 3080 divina
975 3021 1038 3080 et
1077 3012 1334 3076 bumana
1373 3011 1504 3076 iura
1545 3010 1889 3092 proculcata
1968 3011 2269 3081 cardina·-

377 3117 492 3182 lem
533 3114 1058 3197 Arcbiepiscopnm
1099 3113 1556 3196 Neapolitanum
1605 3111 1795 3184 fuisse
1862 3111 2271 3196 comprehen-

381 3235 532 3294 sum,
577 3225 642 3281 et
679 3234 714 3282 a
753 3233 862 3281 suo
903 3231 1084 3296 grege
1127 3215 1420 3280 avulsum.
1452 3212 1631 3279 Dolet
1657 3211 1983 3280 nonnullos
2024 3221 2277 3279 exntro-

381 3337 502 3402 que
539 3317 714 3382 Clero
755 3334 790 3380 a
833 3313 1176 3382 rebellionis
1213 3315 1430 3397 spiritu
1473 3309 1658 3378 fuisse
1702 3312 2007 3394 abreptos.
2054 3311 2277 3396 Loqui-

384 3428 479 3482 tur
519 3411 832 3498 praeterea
871 3415 948 3486 de
989 3415 1204 3478 misero
1244 3412 1551 3482 Ecclesiae
1601 3421 1763 3476 statu
1824 3411 1885 3478 in
1928 3412 2275 3494 regionibus

383 3519 694 3584 Mexicana
734 3523 796 3580 et
837 3515 1330 3598 Neogranatensi.
1389 3514 1644 3582 Nuntiat
1706 3513 1943 3578 demum
2002 3511 2281 3579 consola-
2384 3589 2389 3594 g

383 3617 610 3681 tionem
655 3613 970 3697 percipere
1012 3631 1084 3680 ex
1129 3613 1562 3697 Episcopomm
1591 3620 1654 3678 et
1676 3611 1939 3678 fidelium
1960 3611 2141 3679 etiam
2180 3627 2283 3677 ro·—

387 3717 542 3780 mani
586 3714 792 3798 populi
832 3713 1058 3797 pietate
1101 3731 1172 3778 ac
1214 3713 1520 3794 largitate.
1690 3755 1706 3774 .
1878 3757 1891 3774 .
2063 3758 2079 3774 .
2246 3733 2277 3770 υ
2320 3708 2433 3775 281

305 3813 568 3880 Litterae
607 3813 990 3896 Apostolicae
1051 3813 1164 3878 sub
1235 3812 1480 3896 plumbo
1522 3845 1554 3858 -
1603 3810 1710 3876 Vel
1776 3827 1819 3874 a
1879 3810 2095 3894 primis
2134 3845 2165 3860 -
2204 3809 2279 3876 V.

385 3930 530 3978 non.
574 3912 806 3977 octobr.
852 3910 1082 3989 Quibus
1121 3909 1407 3974 statuitur
1447 3907 1673 3975 erectio
1714 3923 1913 3972 novae
1940 3905 2113 3976 Sedis
2151 3905 2291 3987 Epi—

383 4011 644 4094 scopalis
685 4008 918 4089 Capitis
957 4007 1220 4074 flaitani.
1310 4053 1326 4070 .
1501 4053 1518 4070 .
1690 4053 1705 4068 .
1878 4050 1893 4066 .
2064 4052 2079 4068 .
2253 4025 2284 4064 ι
2327 4003 2445 4070 288

310 4110 550 4176 Similes
591 4145 624 4158 -
663 4109 1052 4174 christianae
1091 4107 1412 4191 reliyionir
1450 4141 1491 4154 -
1535 4106 1607 4172 V.
1653 4123 1799 4172 non.
1844 4104 2079 4172 octobr.
2112 4101 2291 4170 lusti-
