3317 5267
332 548 733 637 hortamur,
786 556 870 624 ut
918 573 1051 648 pro
1102 550 1469 647 explorata
1505 551 1772 647 pietate
1809 558 2072 638 vestra,
2127 574 2259 648 pro
2293 556 2462 628 exi-

332 669 485 743 mio
560 692 729 765 erga
785 666 1263 765 Apostolicam
1343 669 1597 744 Sedem
1614 722 1635 758 ‚
1691 669 1984 767 ejusque
2060 668 2464 745 libertatem

334 787 577 862 studio
628 787 699 860 id
736 788 1241 884 praestandum
1278 787 1565 876 curetis,
1601 788 1794 885 quod
1820 788 1988 861 olim
2041 786 2300 862 Aaroni
2343 814 2470 865 su·-

333 928 587 1003 premo
662 902 1148 980 Hebraeorum
1202 905 1527 982 Pontifici
1578 906 2114 1005 praescripsisse
2163 906 2465 1004 legimus

330 1023 653 1121 Moysem
690 1018 929 1121 (Num.
970 1021 1141 1121 Cap.
1180 1022 1367 1121 XVI)
1406 1020 1567 1099 tolle
1601 1022 2074 1112 thuribulum,
2114 1034 2184 1097 et
2217 1024 2466 1099 hausto

329 1138 497 1235 ique
548 1138 637 1212 (le
687 1138 905 1213 altari
957 1140 1158 1214 mitte
1212 1141 1587 1214 incensum
1638 1138 1942 1240 desuper
1986 1164 2292 1241 perqens
2327 1143 2466 1217 cito

328 1256 429 1331 ad
474 1256 841 1357 populum,
898 1270 977 1331 ut
1030 1280 1231 1355 reyes
1258 1282 1395 1357 pro
1431 1257 1565 1345 eis;
1618 1258 1774 1331 iam
1812 1258 2010 1331 euim
2046 1281 2322 1355 egressa
2361 1269 2462 1333 est

330 1376 451 1449 ira
502 1399 549 1448 a
599 1376 902 1451 Domino
940 1430 961 1465 ,
1017 1390 1085 1450 et
1153 1374 1371 1477 playa
1448 1374 1762 1449 desaevit
1809 1400 1876 1447 ιι).
1936 1374 2259 1473 Itemque
2314 1375 2458 1452 Vos

326 1495 701 1571 hortamur
728 1548 749 1583 ,
806 1508 889 1570 ut
936 1517 1183 1594 preces
1234 1495 1546 1570 fundatis
1594 1494 2196 1592 quemadmodum
2231 1496 2460 1569 sancti

326 1612 429 1685 illi
480 1612 761 1701 fratres,
816 1614 1096 1711 Moyses
1148 1613 1484 1687 nimirum
1525 1663 1547 1699 ,
1602 1624 1818 1709 atque
1873 1610 2106 1685 Aaron
2144 1644 2192 1698 ,·
2233 1613 2354 1709 qui
2415 1636 2450 1683 a

318 1730 541 1827 proni
568 1728 935 1826 infaciem
968 1729 1309 1804 dixerunt
1338 1752 1363 1817 ;
1416 1728 1805 1826 fortissime
1843 1726 2034 1801 Deus
2069 1727 2462 1827 spirituum

322 1848 707 1921 universae
751 1845 1021 1935 carnis,
1076 1870 1255 1921 num
1306 1844 1662 1946 aliqmbus
1705 1844 2162 1944 peccantibus
2211 1861 2459 1921 contra

324 1992 573 2043 omnes
622 1968 741 2042 ira
792 1982 919 2043 tua
944 1966 1292 2042 desaeviet
1324 1964 1363 2039 ἰ’
1416 1965 1653 2066 (Num.
1715 1964 1887 2062 Cap.
1932 1960 2120 2063 XVI)
2177 1966 2286 2048 Ad
2321 1966 2458 2045 hoc

324 2085 617 2173 scilicet,
678 2084 1127 2161 Venerabiles
1166 2084 1477 2172 Fratres,
1516 2094 1929 2181 praesentes
1969 2080 2186 2158 Vobis
2221 2084 2322 2157 mi
2332 2086 2460 2159 tti-

324 2228 489 2279 mus
536 2205 809 2279 litteras
839 2257 860 2292 ,
914 2228 1007 2279 ex
1061 2203 1317 2302 quibus
1370 2226 1515 2279 non
1564 2224 1820 2299 parum
1871 2202 2102 2277 solatii
2149 2202 2458 2301 percipi-

318 2344 485 2395 mus
524 2373 547 2407 ,
600 2321 863 2419 quippe
916 2320 1335 2396 confidimus
1375 2370 1396 2407 ,
1452 2318 1816 2393 desideriis
1873 2317 2018 2392 Vos
2048 2368 2070 2406 ,
2125 2318 2453 2418 curisque

314 2438 597 2514 Nostris
649 2440 1005 2515 cumulate
1061 2460 1551 2537 responsuros.
1610 2435 1946 2511 Ceterum
1999 2436 2236 2535 palam
2317 2438 2453 2513 hoc

318 2556 761 2653 profitemur,
817 2557 1101 2632 indutos
1154 2555 1299 2632 Nos
1335 2556 1601 2629 virtute
1638 2577 1728 2629 ex
1783 2554 1954 2642 alto,
1994 2576 2210 2652 quam
2255 2552 2456 2627 infir·-

318 2675 556 2749 mitati
610 2673 905 2751 Nostrae
956 2674 1304 2748 immittet
1352 2674 1664 2749 fidelium
1715 2672 2039 2770 precibus
2119 2683 2452 2747 exoratus

318 2791 539 2882 Deus,
594 2794 877 2891 quidvis
926 2793 1380 2880 discriminis,
1436 2790 1718 2889 quidvis
1775 2787 2178 2867 acerbitatis
2249 2801 2460 2863 antea

316 2933 779 3007 perpessuros
830 2933 1045 3008 quam
1102 2908 1587 3005 Apostolicum
1626 2908 1768 2981 ulla
1811 2931 1902 2981 ex
1937 2916 2142 3003 parte
2165 2906 2453 2981 desera-

316 3050 481 3101 mus
533 3028 865 3113 officium,
919 3050 1001 3101 ac
1052 3026 1438 3123 quidquam
1474 3026 1938 3101 admittamus
1965 3033 2210 3099 contra
2256 3022 2458 3119 jura-

317 3145 546 3219 menti
594 3147 1077 3231 sanctitatem,
1118 3165 1259 3240 quo
1323 3142 1467 3218 Nos
1501 3142 2041 3229 obstrinximus,
2081 3162 2246 3215 cum
2281 3138 2450 3212 licet

316 3263 783 3335 immerentes
833 3261 1253 3357 Supremam
1304 3260 1489 3333 hanc
1544 3257 2047 3355 Apostolorum
2101 3254 2450 3351 Principis

312 3380 571 3454 Sedem
610 3432 631 3467 ,
690 3402 952 3466 arcem,
1008 3389 1085 3451 et
1134 3376 1744 3482 propugnaculum
1797 3371 2204 3447 Catholicae
2255 3371 2444 3459 fidei,

311 3496 465 3572 Deo
516 3499 617 3572 sic
694 3498 1003 3583 volente,
1059 3493 1619 3569 conscendimus·
1677 3490 1760 3563 ln
1815 3487 2152 3586 pastorali
2205 3496 2444 3561 vestro

313 3616 579 3691 tuendo
630 3637 923 3689 munere
976 3613 1213 3690 omnia
1264 3613 1449 3685 laeta
1466 3662 1487 3699 ,
1544 3634 1627 3683 ac
1679 3607 1935 3694 felicia,
1993 3604 2446 3681 Venerabiles

310 3732 627 3821 Fratres,
659 3732 875 3808 Vobis
926 3733 1413 3830 adprecanteS,
1453 3727 1776 3802 caelestis
1814 3726 2176 3822 auspicem
2211 3722 2444 3797 beati-

314 3852 491 3925 tatis
557 3851 1033 3949 Apostolicam
1082 3848 1647 3951 benedictionem
1686 3899 1708 3935 ‚
1769 3844 1984 3920 Vobis
2024 3896 2045 3933 ,
2109 3841 2443 3941 gregique

309 3982 555 4049 vestro
603 3982 1055 4070 peramanter
1088 3970 1557 4067 impertimur.

473 4088 737 4167 Datum
816 4090 1089 4168 Romae
1140 4089 1327 4187 apud
1405 4087 1748 4162 Sanctum
1798 4082 2094 4159 Petrum
2145 4080 2258 4155 die
2345 4084 2435 4153 ¹8

314 4210 511 4285 Junii
550 4208 753 4287 Anno
814 4212 1034 4286 ¹859.
1076 4206 1537 4285 Pontificatus
1574 4203 1814 4280 Nostri
1857 4200 2060 4275 Anno
2111 4196 2446 4273 Decimo-

307 4338 590 4428 quarto.
