3317 5267
262 626 621 700 tormenta
671 612 1023 710 impavide
1057 610 1441 687 subeuntes
1479 610 1913 707 praeclarum
1947 611 2176 689 fecere
2200 640 2394 691 mar-

260 735 553 830 tyrium,
608 745 765 807 tum
818 732 1113 805 Michael
1162 729 1267 803 De
1320 730 1593 803 Sanctis
1658 728 1940 805 Ordinis
1997 731 2378 807 Reforma-

262 868 502 929 torum
528 854 1113 928 Excalceatorum
1142 852 1646 925 Sanctissimae
1679 850 2044 928 Trinitatis
2082 856 2384 952 captivis

258 971 687 1044 redimendis
718 1022 739 1058 ,
793 994 971 1067 quos
1025 993 1273 1044 omnes
1320 969 1467 1064 jam
1522 970 1712 1041 inter
1765 970 2019 1047 Beatos
2074 970 2386 1049 Caelites

262 1108 709 1161 veneramur.
795 1086 975 1161 Cum
1038 1098 1281 1161 autem
1358 1082 1995 1163 turbulentissimis
2046 1091 2240 1165 hisce
2322 1103 2398 1165 et

261 1206 669 1300 asperrimis
721 1203 1161 1299 temporibus
1214 1201 1607 1276 incredibili
1673 1206 1892 1277 animi
1944 1206 2183 1281 Nostri
2257 1208 2392 1283 do-

264 1318 413 1393 lore
462 1319 637 1393 haec
692 1318 1095 1416 Apostolica
1148 1318 1367 1393 Sedes
1450 1328 1559 1392 tot
1641 1319 2019 1395 divexetur
2069 1323 2344 1418 injuriis
2375 1378 2396 1413 ,

263 1435 577 1511 Ecclesia
630 1447 740 1511 tot
792 1438 1151 1510 laceretur
1202 1435 1639 1524 vulneribus,
1697 1438 1768 1509 in
1825 1436 2022 1511 ltalia
2072 1462 2396 1537 praeser-

264 1558 424 1645 tim,
480 1570 555 1631 et
606 1558 679 1630 in
734 1558 950 1631 variis
1010 1556 1400 1645 Americae,
1459 1556 1752 1653 aliisque
1802 1560 2232 1657 regionibuS,
2273 1562 2394 1635 ubi

262 1675 483 1771 ipsius
534 1673 897 1749 Ecclesiae
947 1672 1263 1761 libertas,
1304 1673 1486 1769 jura,
1526 1696 1609 1747 ac
1658 1676 1994 1750 doctrina
2046 1679 2396 1752 miseran-

260 1793 433 1865 dum
460 1791 529 1864 in
560 1792 864 1867 modum
901 1791 1280 1875 violantur,
1320 1803 1848 1886 oppugnantur,
1887 1816 1970 1867 ac
2021 1795 2250 1869 civilis
2286 1820 2396 1870 so-

260 1908 481 1981 cietas
536 1919 648 1981 tot
700 1907 1047 2003 affligatur
1100 1906 1329 1991 maliS,
1386 1905 1640 1981 iccirco
1693 1930 2150 2005 summopere
2187 1922 2395 2006 opta-

256 2046 419 2098 mus
474 2048 693 2100 novos
746 2023 931 2119 apud
990 2021 1221 2096 Deum
1276 2021 1539 2095 habere
1604 2034 1946 2119 patronos
1988 2078 2008 2112 ‚
2074 2028 2198 2123 qui
2238 2080 2260 2115 ,
2317 2029 2395 2101 in

256 2152 459 2215 tanto
494 2163 732 2215 rerum
766 2140 1175 2213 discrimine
1210 2140 1664 2213 validissimis
1701 2142 1847 2215 suis
1885 2142 2212 2238 precibus
2247 2144 2392 2216 im-

256 2269 539 2355 petrent
575 2311 596 2347 ,
651 2270 735 2332 ut
773 2311 794 2344 ,
851 2268 1003 2329 tam
1053 2256 1368 2331 horribili
1432 2258 1754 2331 discussa
1803 2261 2152 2335 malorum
2212 2285 2382 2358 pro-

256 2378 453 2462 cella,
494 2378 1017 2475 optatissimam
1057 2374 1425 2449 Catholica
1468 2374 1809 2467 Ecclesia,
1866 2391 1940 2453 et
1993 2381 2216 2455 civilis
2268 2378 2418 2459 so-'

254 2496 475 2571 cietas
530 2506 955 2593 assequatur
1006 2516 1253 2590 pacem
1293 2546 1313 2581 ‚
1380 2517 1770 2593 omnesque
1822 2488 2424 2595 praevaricantes'

259 2612 632 2687 meliorem
684 2612 979 2685 induant
1033 2620 1376 2697 mentem,
1444 2614 1742 2685 redeant
1799 2615 1884 2688 ad
1939 2640 2086 2704 cor,
2143 2640 2224 2691 ac
2274 2642 2391 2691 re-

257 2731 625 2829 sipiscant,
678 2743 754 2805 et
804 2730 1063 2828 ubique
1118 2740 1469 2805 terrarum
1524 2732 1778 2819 virtuS‚
1831 2733 2100 2829 religio,
2155 2736 2382 2831 pietas

256 2874 337 2923 ac
385 2850 661 2946 justitia
716 2851 948 2945 vigeat
1005 2872 1089 2922 ac
1138 2850 1564 2923 dominetur.
1607 2847 2082 2938 Quamobrem
2131 2876 2381 2928 causas

256 2966 821 3041 Canonizationis
896 2965 1277 3039 Beatorum
1349 2966 1593 3061 viginti
1648 2968 1868 3041 trium
1948 2968 2020 3041 in
2075 2966 2424 3065 Japonia'

258 3082 648 3181 Martyrum
689 3136 709 3171 ,
764 3094 840 3157 et
901 3080 1260 3155 Michaelis
1342 3079 1443 3155 De
1520 3081 1800 3157 Sanctis
1862 3086 2382 3179 promovendas

246 3199 718 3287 decrevimus,
754 3210 862 3285 ut,
917 3196 1309 3295 insignibus
1342 3196 1620 3272 illorum
1673 3199 1948 3274 meritis
2003 3201 2380 3274 universae

251 3316 609 3392 Ecclesiae
664 3316 1096 3392 venerationi
1157 3314 1535 3412 propositis
1574 3366 1595 3402 ,
1652 3338 1902 3391 omnes
1951 3318 2191 3393 fideles
2244 3341 2376 3415 po-

246 3434 398 3531 puli
434 3435 521 3507 ad
556 3432 834 3509 illorum
874 3434 1174 3506 virtutes
1209 3432 1593 3505 imitandas
1629 3432 2208 3531 praesidiumque
2241 3436 2383 3509 im-

256 3553 674 3649 plorandum
729 3552 1134 3627 excitentur
1210 3563 1285 3625 et
1336 3550 1890 3625 inflammentur.
1964 3553 2210 3651 Itaque
2289 3578 2378 3631 ex

258 3694 457 3747 more
516 3673 986 3768 institutoque
1066 3670 1692 3747 Praedecessorum
1774 3670 2188 3747 Nostrorum
2244 3675 2380 3748 ho-

254 3790 500 3862 dierno
534 3788 649 3862 die
685 3789 759 3861 in
799 3789 935 3862 hoc
972 3787 1408 3883 amplissimo
1450 3800 1685 3863 vestro
1721 3802 2076 3864 conventu
2129 3790 2216 3863 de
2251 3813 2378 3863 eo-

252 3905 575 3979 rumdem
627 3902 1015 3977 Beatorum
1068 3904 1214 3975 vita
1268 3902 1615 4001 rebusque
1678 3904 2034 4001 praeclare
2086 3904 2304 3999 gestis
2345 3955 2366 3988 ‚

251 4047 333 4097 ac
382 4022 717 4121 prodigiis
768 4023 855 4097 ad
906 4022 1049 4097 Nos
1098 4018 1343 4096 referri
1386 4072 1407 4108 ,
1462 4032 1541 4095 et
1590 4042 1633 4093 a
1695 4018 1910 4095 Vobis
1961 4021 2184 4094 audiri
2239 4044 2372 4094 ex-

250 4140 591 4237 petimuS.

1741 4260 1784 4328 2
1797 4262 1836 4329 6
