3317 5267
2251 460 2393 532 139·

267 582 523 652 anima
552 572 1005 676 potestatibus
1038 570 1567 645 sublimioribus
1602 570 1884 645 subdita
1921 572 2037 645 sit.
2079 570 2242 647 Non
2293 588 2396 647 est

273 696 477 769 enim
519 704 823 793 potestas
873 690 1021 763 nisi
1072 712 1119 761 a
1171 687 1345 764 Deo:
1402 711 1587 789 quae
1638 702 1880 763 autem
1928 703 2124 778 sunt,
2163 714 2210 763 α
2247 688 2394 765 Deo

270 812 653 888 ordinatae
702 823 895 884 sunt.
943 805 1193 910 Itaque
1241 807 1369 909 qui
1423 806 1690 881 resistit
1715 809 2069 907 potestati,
2109 807 2244 884 Dei
2287 833 2402 883 or-

275 926 640 1004 dinationi
691 926 981 1001 resistit.
1043 922 1188 1015 Qui
1236 938 1479 999 autem
1530 926 1870 1000 resistunt
1921 925 2060 1025 ipsi
2094 924 2230 999 sibi
2264 926 2400 1001 da—

274 1049 719 1122 mnationem
768 1045 1184 1146 acquirunt.
1243 1040 1337 1143 (*)
1391 1042 1580 1118 Dum
1616 1067 1788 1119 vero
1822 1044 2112 1141 pessimi
2149 1046 2396 1121 istius-

282 1166 477 1240 modi
530 1172 965 1238 veteratores
1020 1160 1485 1257 temporalem
1534 1159 1894 1235 Ecclesiae
1953 1160 2394 1237 dominatio-

282 1305 455 1357 nem
508 1282 1009 1380 aggrediuntur
1047 1333 1070 1369 ,
1127 1280 1419 1377 eiusque
1471 1278 1946 1353 venerandam
2009 1280 2394 1354 auctorita-

278 1412 429 1474 tem
480 1399 902 1496 despiciunt,
958 1422 1047 1474 eo
1084 1398 1566 1495 impudentiae
1607 1398 2021 1487 deveniunt,
2061 1409 2144 1473 ut
2187 1422 2391 1475 suam

276 1517 351 1590 in
404 1514 793 1591 Ecclesiam
844 1516 1075 1611 ipsam
1124 1515 1601 1589 reverentiam
1654 1525 1734 1587 et
1781 1513 2202 1614 obsequium
2264 1538 2396 1613 pa-

274 1632 421 1707 lam
472 1633 735 1707 iactare
788 1654 933 1707 non
982 1631 1340 1707 desinant.
1401 1631 1635 1729 Atque
1687 1630 1858 1711 illud
1912 1633 2024 1708 vel
2075 1636 2394 1712 maxime

277 1752 687 1839 dolendum,
742 1751 930 1849 quod
984 1762 1134 1855 tam
1188 1773 1406 1848 prava
1444 1751 1696 1849 agendi
1733 1754 2010 1829 ratione·
2039 1777 2198 1829 sese
2233 1756 2394 1854 pol-

280 1868 490 1945 luerit
542 1892 685 1947 non
732 1892 945 1946 nemo
982 1872 1200 1945 etiam
1262 1894 1353 1945 ex
1390 1872 1475 1945 iis
1514 1922 1537 1961 ,
1576 1874 1698 1970 qui
1738 1924 1759 1962 ,
1815 1874 1920 1947 uti
1983 1872 2387 1953 Catholicae

283 1984 640 2062 Ecclesiae
690 1986 811 2061 fflii
840 2039 863 2075 ,
916 1987 989 2061 iu
1044 1988 1267 2085 ipsius
1346 1989 1642 2063 tutelam
1697 2002 1913 2089 atque
1965 1994 2394 2087 praesidium

287 2105 697 2195 impendere
746 2102 1012 2178 dehent
1062 2104 1561 2181 auctoritatem
1600 2158 1623 2194 ,
1679 2129 1820 2204 qua
1893 2107 1966 2181 in
2039 2108 2396 2187 subiectos

284 2218 427 2296 sibi
474 2220 771 2319 populos
820 2222 1212 2319 potiuntur.

440 2338 521 2412 ln
574 2337 885 2415 subdolis
936 2361 1019 2413 ac
1066 2340 1448 2437 perversis,
1486 2362 1664 2437 quas
1701 2340 2202 2434 lamentamur,
2241 2367 2402 2421 ma-

282 2453 805 2532 chinationibus
857 2456 1307 2554 praecipuam
1358 2454 1579 2531 hahet
1614 2469 1894 2555 partem
1932 2458 2398 2559 Subalpinum

278 2572 749 2664 Gubernium,
804 2598 845 2649 a
898 2600 1041 2674 quo
1092 2576 1368 2673 pridem
1419 2598 1670 2653 omnes
1706 2590 1972 2655 norunt
2007 2591 2274 2679 quanta
2323 2590 2402 2657 et

282 2716 501 2794 quam
551 2694 979 2792 deploranda
1031 2718 1117 2771 eo
1154 2696 1227 2769 in
1267 2694 1517 2792 Regno
1554 2695 1814 2770 damna
1849 2718 1934 2771 ac
1970 2698 2399 2774 detrimenta

283 2810 643 2887 Ecclesiae
694 2810 987 2909 eiusque
1038 2810 1331 2897 iuribus,
1370 2812 1730 2910 sacrisque
1757 2811 2098 2888 Ministris
2135 2814 2399 2890 fuerint

287 2929 535 3018 inlata,
588 2930 679 3004 de
728 2928 985 3035 quihus
1035 2929 1108 3003 in
1166 2927 1649 3005 consistoriali
1703 2933 2178 3028 potissimum·
2209 2931 2402 3011 Allo-

287 3047 573 3123 cutione
623 3046 738 3121 die
786 3044 983 3120 XXII
1038 3046 1341 3121 ianuarii
1389 3044 1828 3124 MDCCCLV
1880 3050 2128 3125 hahita
2179 3050 2404 3125 vehe-

286 3176 571 3241 menter
608 3162 999 3243 'doluimum
1058 3163 1233 3241 Post
1280 3166 1649 3263 despectas
1696 3166 2042 3243 hactenus
2111 3168 2173 3244 N
2175 3180 2400 3243 ostras

286 3308 372 3362 ea
422 3285 512 3361 de
540 3308 619 3361 re
648 3285 1073 3361 iustissimas
1107 3286 1645 3361 reclamationes
1682 3284 2117 3361 Gubernium
2165 3288 2399 3384 ipsum

290 3428 381 3481 eo
432 3404 857 3479 temeritatis
905 3403 1119 3479 modo
1142 3424 1597 3501 progressum
1623 3414 1762 3492 est,
1799 3416 1882 3478 ut
1908 3404 1998 3477 ab
2031 3404 2400 3503 irroganda

288 3522 673 3600 universali
726 3520 1083 3598 Ecclesiae
1132 3522 1385 3596 iniuria
1438 3522 1734 3599 minime
1795 3522 2240 3612 abstinuerit,
2294 3526 2400 3600 ci·—

290 3642 509 3717 vilem
560 3644 913 3740 impetens
966 3640 1476 3741 Principatum,
1530 3665 1674 3741 quo
1725 3640 1916 3717 Deus
1952 3642 2134 3717 hanc
2167 3641 2399 3718 B.Pe-

292 3760 388 3833 tri
438 3758 694 3835 Sedem
746 3761 1167 3835 instructam
1222 3759 1447 3836 voluit
1497 3760 1585 3833 ad
1621 3760 1986 3857 apostolici
2023 3759 2398 3834 ministerii

284 3874 720 3965 libertatem,
778 3878 883 3952 uti
936 3872 1591 3965 animadvertimus,
1634 3878 1966 3951 tuendam
1997 3887 2210 3973 atque
2248 3900 2402 3951 ser·-

290 3994 626 4069 vandam.
681 3992 1005 4068 Primum
1056 4016 1227 4069 sane
1289 4018 1381 4069 ex
1456 3993 1856 4069 manifestis
1931 3994 2400 4090 aggressionis

454 4248 543 4333 (³)
582 4248 643 4315 S.
686 4248 855 4319 Paul.
903 4250 1015 4337 Ep.
1062 4250 1136 4316 ad
1178 4250 1349 4319 Rom.
1396 4272 1449 4318 c.
1497 4252 1654 4319 Xlll.
1700 4270 1760 4320 v.
1809 4252 1840 4319 1
1887 4261 1948 4318 et
1987 4214 2117 4340 seq‘.
