3317 5267
948 444 988 511 4

841 444 1219 659 {mosynas
1245 572 1336 623 ex
1362 548 1586 634 Bulla,
1619 570 1749 621 ceu
1776 556 2251 643 nuncupatur,
2282 547 2655 623 Cruciatae
2682 570 2813 645 per
2852 549 2997 621 ali-

845 684 1024 770 quot
1047 666 1382 763 :amplius
1433 688 1654 739 annos
1708 666 2155 763 indulgenter
2204 667 2629 764 colligendas
2678 666 3001 740 admini-

849 788 1174 862 strandas
1201 782 1658 880 religioseque
1682 783 1753 855 in
1782 784 2185 879 designatos
2200 798 2371 858 usus
2394 786 2548 881 pios
2570 784 2993 881 erogandas,

844 904 1204 999 jubemuS,
1237 911 1316 974 ut
1339 922 1422 972 ea
1450 899 1695 995 utique
1724 902 1963 973 omnia
1990 910 2067 973 et
2090 901 2368 997 singula
2400 901 2703 976 fideliter
2738 898 2995 974 obser-

853 1024 1084 1095 vanda
1132 1020 1562 1117 penitusque
1611 1016 2064 1111 adimplenda
2100 1018 2271 1104 sint,
2310 1041 2493 1115 quae
2532 1028 2688 1089 tum
2724 1019 2797 1089 in
2832 1038 3001 1090 me-

853 1139 1146 1214 moratis
1195 1133 1829 1221 Conventionibus,
1890 1144 2043 1207 tum
2096 1134 2167 1207 in
2227 1134 2647 1231 Apostolicis
2700 1132 2995 1207 Litteris

857 1255 928 1327 in
955 1253 1190 1331 forma
1243 1251 1488 1325 Brevis
1541 1248 1683 1323 diei
1736 1248 2148 1345 trigesimae
2212 1252 2479 1325 mensis
2520 1250 2775 1347 Aprilis
2812 1270 2999 1345 pro—

856 1374 1047 1447 xime
1099 1370 1464 1468 praeteriti
1519 1366 2029 1464 incipientibus
2068 1366 2297 1443 «Dum
2326 1370 2712 1445 infidelium
2748 1368 2989 1442 furor»

859 1490 1184 1567 consulto
1261 1486 1606 1582 disposita
1685 1486 2121 1583 provideque
2192 1490 2527 1562 mandata
2598 1500 2770 1563 sunt
2800 1540 2821 1573 ,
2894 1488 3002 1559 ita

865 1608 1050 1704 quod
1103 1607 1150 1677 ii
1203 1626 1455 1678 omnes
1508 1603 1827 1676 eiusdem
1881 1603 2125 1679 Bullae
2174 1604 2544 1681 cruciatae
2596 1616 2995 1702 proventus

864 1724 1353 1803 conservandi,
1396 1720 1964 1809 administrandi,
1997 1724 2310 1820 adeoque
2334 1725 2539 1819 juxta
2568 1744 2899 1797 normam
2928 1724 3003 1794 in

867 1844 1001 1918 hac
1051 1842 1306 1916 ultima
1363 1836 1859 1936 prorogatione
1894 1841 1982 1913 ad
2021 1864 2169 1913 rem
2208 1840 2461 1914 indulti
2490 1840 3003 1937 praescriptam

871 1961 1208 2057 erogandi
1265 1958 1556 2033 omnino
1617 1958 1790 2044 sint,
1848 1957 2063 2033 salvis
2117 1971 2357 2033 tamen
2415 1957 3001 2056 obligationibuS,

867 2078 1124 2177 quibus
1175 2077 1392 2150 iidem
1445 2084 1845 2171 proventus
1900 2075 1968 2147 vi
2024 2072 2593 2149 Conventionum
2646 2098 2814 2150 cum
2868 2074 3001 2147 bac

871 2198 1131 2272 Sancta
1223 2192 1631 2301 Apostolica
1694 2190 1873 2265 Sede
1944 2192 2282 2267 initarum
2354 2192 2643 2267 obnoxii
2715 2193 3011 2289 dignos-

879 2326 1163 2387 cuntur.

1032 2429 1403 2505 Postremo
1455 2440 1923 2504 memoratam
1956 2426 2466 2505 Victoriensem
2506 2428 3010 2525 Episcopalem

879 2545 1295 2633 Ecclesiam,
1337 2544 1459 2619 ubi
1493 2558 1755 2632 erecta,
1812 2557 1887 2618 et
1936 2548 2325 2621 constituta
2378 2546 2617 2634 fuerit,
2676 2548 3008 2644 protinus

879 2664 952 2735 in
989 2662 1569 2759 Metropolitanae
1599 2660 1977 2759 Burgensis
2004 2662 2538 2761 Suffraganeam
2574 2686 2739 2739 eum
2782 2666 3012 2739 omni-

879 2782 1017 2856 bus
1052 2791 1128 2855 et
1161 2778 1457 2877 singulis
1509 2778 1805 2867 iuribus,
1863 2780 2270 2867 honoribus,
2329 2782 2866 2879 praerogativiS‚
2910 2780 3015 2853 fa-

885 2900 1198 2986 voribus,
1254 2897 1525 2995 gratiis,
1581 2895 1967 2994 privilegiis
2020 2912 2097 2972 et
2156 2901 2411 2973 ceteris
2464 2902 2771 2987 cunctis,
2824 2922 3016 2996 quae

887 3022 1062 3097 aliae
1096 3021 1318 3116 ipsius
1354 3019 1738 3116 Burgensis
1782 3018 2444 3117 Archiepiscopatus
2473 3018 2829 3095 Ecclesiae
2857 3017 3020 3094 Suf-

885 3136 1256 3233 fraganeac
1307 3136 1396 3209 de
1449 3138 1811 3210 communi
1862 3138 2018 3232 jure
2068 3124 2331 3211 habere
2384 3151 2460 3212 et
2512 3138 2697 3214 tueri
2746 3138 3011 3223 solent,

888 3256 1076 3329 dicta
1117 3254 1514 3350 Apostoliea
1551 3254 1973 3329 auctoritate
2026 3253 2466 3350 subjicimus,
2507 3256 2838 3351 illiusque
2878 3253 3019 3327 Ca-

890 3374 1218 3447 nonicam
1271 3384 1515 3444 taxam
1549 3372 1622 3443 in
1678 3372 1973 3467 singulis
2007 3372 2409 3447 litterarum
2449 3372 3021 3469 Apostolicarum

895 3486 1026 3560 sub
1059 3486 1351 3583 plumbo
1387 3486 1985 3581 expeditionibus,
2024 3490 2613 3585 quotiescumque
2648 3511 2882 3563 novus
2922 3486 3023 3559 illi

892 3604 1250 3679 Ecclesiae
1302 3600 1556 3676 Pastor
1589 3602 2098 3698 praeficiendus
2134 3606 2308 3692 erit,
2349 3604 2853 3701 indulgentiuS,
2892 3606 3025 3677 ha-

896 3720 1048 3795 bita
1099 3723 1315 3796 etiam
1367 3719 1831 3814 peculiarium
1882 3721 2578 3796 circumstantiarum
2606 3722 2909 3807 ratione,
2948 3722 3021 3793 in

899 3839 1133 3913 aureis
1183 3838 1498 3913 Florenis
1549 3837 1638 3910 de
1692 3834 1991 3911 Camera
2042 3839 2453 3936 quingentis
2515 3850 2589 3911 et
2648 3841 3024 3936 quinqua-—

899 3962 1098 4056 ginta
1149 3960 1556 4045 statuimus,
1611 3958 1853 4054 sieque
1906 3959 1979 4030 in
2032 3958 2230 4033 libris
2282 3980 2604 4032 camerae
2660 3958 3022 4057 Apostoli·-

901 4102 1024 4152 cae
1074 4078 1410 4175 Sacrique
1461 4074 1941 4153 Cardinalium
1994 4075 2285 4177 Collegii
2338 4076 2624 4153 inscribi
2660 4090 2735 4154 et
2770 4078 3025 4154 obser-

907 4198 1056 4271 vari
1109 4196 1454 4273 iubemus·
