3317 5267
368 576 603 651 ticulis
655 586 728 650 et
779 573 1297 651 conditionibus
1336 583 1511 653 ,tum
1567 596 1608 647 a
1644 572 1862 650 Nobis
1911 584 2068 649 tum
2105 596 2148 645 a
2183 462 2496 651 Ser-einai:-

364 696 553 769 simo
604 692 927 791 Principe
982 692 1315 767 Federico
1370 692 1626 789 Magno
1677 693 2030 767 Badarum
2085 689 2280 767 Duce
2330 689 2489 768 fue-

364 813 514 886 rint
565 810 980 908 approbata,
1033 810 1445 885 confirmata
1500 821 1576 883 et
1626 810 1994 899 ratificata,
2023 822 2098 884 et
2131 832 2298 885 cum
2335 812 2488 907 ipse
2603 812 2614 823 ’

361 929 809 1004 celsissimus
847 928 1183 1025 Princeps
1221 929 1429 1002 enixe
1483 926 1978 1026 efflagitaverit
2007 983 2028 1017 ‚
2073 941 2158 1004 ut
2191 954 2323 1028 pro
2357 928 2482 1004 fir-

358 1050 566 1124 miori
602 1070 849 1122 eorum
878 1046 1361 1135 subsistentia,
1401 1046 1617 1121 robur
1658 1046 2104 1143 Apostolicae
2129 1047 2486 1123 finnitatis

360 1166 849 1252 adficeremus,
904 1186 985 1239 ae
1049 1163 1549 1238 solemniorem
1590 1167 2090 1239 auctoritatem
2125 1178 2203 1239 et
2237 1165 2484 1240 decre-

362 1297 519 1359 tum
576 1284 1191 1379 interponeremus
1232 1335 1252 1371 ,
1308 1282 1455 1358 Nos
1508 1284 1580 1355 in
1634 1280 1938 1357 Domino
1991 1284 2198 1379 plane
2259 1283 2482 1358 confl-

356 1400 611 1473 dentes
664 1397 841 1485 fore,
880 1408 970 1486 ut
992 1421 1123 1495 pro
1164 1421 1291 1473 sun
1326 1398 1808 1474 misericordia
1844 1398 1974 1471 has
2010 1396 2304 1473 Nostrae
2353 1422 2482 1474 cu·

352 1540 475 1591 ras
522 1529 603 1592 et
651 1516 887 1591 studia
934 1518 1023 1591 ad
1076 1516 1601 1612 componendas
1652 1515 1726 1589 in
1789 1512 2046 1611 Magno
2123 1514 2476 1589 Badarum

358 1632 637 1710 Ducatu
690 1635 1201 1713 ecclesiasticas
1252 1660 1367 1710 res
1420 1635 1698 1708 intenta
1751 1632 2124 1707 uberrimis
2201 1634 2480 1709 divinae

352 1774 523 1827 suae
576 1753 843 1849 gratiae
878 1753 1081 1828 donis
1117 1752 1447 1849 prosequi
1486 1750 1842 1847 dignetur,
1889 1773 1982 1825 ex
2018 1762 2212 1825 certa
2247 1752 2480 1825 scien·-

354 1870 482 1958 tia‚
534 1880 612 1944 et
662 1882 943 1944 matura
991 1870 1495 1946 deliberatione
1548 1868 1831 1956 Nostra,
1869 1870 2100 1967 deque
2153 1867 2476 1967 Aposto-

356 1987 533 2062 lieae
584 1986 881 2062 Nostrae
918 1987 1297 2083 potestatis
1330 1986 1766 2083 plenitudine
1818 1986 2252 2083 supradictas
2288 1984 2480 2061 Con·-

356 2106 759 2191 ventiones,
814 2102 1145 2199 capitula,
1202 2113 1411 2199 pacta
1462 2102 1886 2177 concordata
1937 2116 2014 2177 et
2079 2104 2479 2179 concessio-

358 2244 487 2297 nes
566 2234 811 2296 tenore
862 2219 1347 2318 praesentium
1400 2218 1878 2316 approbamus
1911 2273 1932 2308 ,
1997 2220 2426 2295 ratificamus
2451 2274 2472 2309 ,

354 2352 433 2415 et
484 2350 941 2436 acceptamus
976 2388 999 2424 ‚
1056 2336 1334 2435 illisque
1416 2336 1798 2433 Apostoliei
1853 2338 2268 2413 muniminis
2297 2391 2318 2424 ,
2399 2350 2476 2413 et

342 2454 704 2533 firmitatis
754 2452 969 2529 robur
1018 2465 1235 2550 atque
1286 2452 1678 2528 efficaciam
1729 2454 2182 2552 adiungimus
2223 2508 2246 2542 ,
2313 2476 2474 2529 om·-

344 2576 605 2673 niaque
654 2574 729 2647 in
806 2573 893 2647 iis
945 2583 1283 2648 contenta
1315 2624 1339 2659 ,
1419 2582 1494 2647 et
1570 2574 1922 2669 promissa
1991 2574 2262 2649 sineere
2294 2626 2316 2663 ,
2397 2585 2473 2651 et

345 2691 845 2767 inviolabiliter
894 2714 985 2765 ex
1019 2690 1279 2768 Nostra
1313 2703 1386 2765 et
1420 2690 1724 2765 Sanctae
1759 2690 1960 2766 Sedis
1997 2704 2198 2788 parte
2235 2693 2466 2766 adim·-

342 2809 619 2907 pletum
672 2818 747 2884 et
796 2820 1161 2883 servatum
1214 2808 1301 2883 iri
1354 2819 1506 2883 tam
1555 2807 1816 2883 Nostro
1892 2829 2107 2906 quam
2171 2810 2470 2887 Succes-

342 2948 589 3003 sorum
638 2924 1063 3004 Nostrorum
1116 2926 1405 3001 nomine
1458 2925 1948 3026 promittimus
1999 2948 2081 3005 ae
2159 2928 2472 3024 sponde-

346 3066 541 3120 mus.

492 3160 739 3239 Maiori
788 3174 1030 3239 autem
1086 3186 1231 3261 qua
1282 3184 1668 3261 possumus
1717 3164 2172 3239 contentione
2251 3164 2470 3239 etiam
2561 3214 2568 3221 -

340 3290 561 3376 atque
608 3280 827 3356 etiam
880 3302 1279 3367 monemus,
1336 3291 1411 3353 et
1461 3279 1834 3355 hortamur
1883 3288 2040 3356 tum
2082 3279 2468 3356 Venerabi-

337 3392 483 3469 lem
544 3394 865 3475 Fratrem
928 3398 1001 3469 in
1054 3396 1305 3473 eodem
1366 3395 1621 3491 Magno
1661 3394 1939 3501 Ducatu
1979 3396 2470 3494 Arebiepiseo-

338 3536 543 3610 pum,
598 3526 753 3589 tum
806 3515 978 3589 alios
1032 3534 1285 3589 omnes
1341 3512 1746 3589 Catholicos
1795 3538 1924 3589 seu
1958 3514 2468 3592 ecclesiasticos

336 3652 469 3705 seu
520 3630 735 3707 laicos
786 3632 975 3707 viros
1030 3631 1103 3711 in
1156 3630 1275 3706 illo
1330 3630 1585 3728 Magno
1639 3630 1917 3709 Ducatu
1967 3633 2331 3731 degentes,
2385 3644 2468 3709 ut

338 3750 827 3847 unusquisque
878 3772 1009 3847 pro
1062 3774 1191 3825 sua
1227 3762 1427 3847 parte
1482 3754 1723 3827 omnia
1759 3754 2175 3851 praemissa,
2225 3765 2300 3828 et
2335 3776 2470 3849 pa·-

336 3876 458 3941 cta
508 3867 600 3943 ad
649 3868 994 3943 maiorem
1050 3866 1179 3943 Dei
1232 3869 1553 3965 gloriam,
1594 3870 1959 3945 christiani
1996 3870 2300 3946 nominis
2335 3872 2465 3945 de-

334 4004 465 4059 cus
518 3996 845 4062 accurate
880 3995 1197 4072 servent,
1226 4008 1309 4061 ac
1342 4008 1628 4063 summo
1654 3990 1894 4068 studio
1929 4011 2176 4065 eorum
2212 4012 2460 4065 omnes

330 4124 539 4179 cures
578 4154 601 4191 ‚
655 4104 1259 4203 cogitationesque
1310 4126 1593 4203 semper
1642 4106 1718 4181 in
1775 4108 1845 4181 id
1897 4106 2290 4197 conferant,
2381 4120 2466 4183 ut

332 4220 729 4297 catholicae
778 4224 1139 4299 doctrinae
1192 4224 1498 4320 writes,
1556 4247 1637 4301 ae
1687 4226 1906 4304 divini
1959 4226 2192 4303 cultus
2242 4228 2456 4313 nitor,
