3317 5267
2331 400 2470 469 391

355 538 495 613 que
546 516 733 591 bona
786 526 861 588 et
910 513 1325 611 quarumvis
1405 513 1894 587 fundationum
1953 514 2068 609 pia
2144 508 2478 587 Instituta

354 643 713 731 nequeant
736 652 901 705 cum
930 630 1083 705 aliis
1118 628 1448 726 conjungi
1488 629 1600 703 vel
1637 630 2057 703 commutari
2094 629 2207 703 vel
2242 628 2470 703 alieno

356 774 519 825 aere
574 750 873 835 onerari,
931 748 1297 844 multoque
1376 748 1613 821 minus
1693 746 1988 821 distrahi
2037 757 2250 843 atque
2303 748 2476 821 alie*

358 869 537 953 nari,
596 867 730 941 nisi
784 866 1067 961 praevia
1134 863 1575 961 Apostolicae
1613 863 1814 937 Sedis
1851 865 2295 950 auctoritate,
2335 864 2478 937 sal-

358 987 467 1059 vis
522 997 761 1057 tamen
812 982 1267 1059 facultatibus
1318 1006 1361 1057 a
1421 982 1734 1057 Concilio
1814 980 2224 1057 Tridentino
2302 980 2476 1077 Epi-
2529 969 2537 977 ⁴

356 1104 593 1198 scopis
642 1101 969 1177 consulto
1024 1102 1333 1177 tributis.
1392 1100 1643 1175 Cetera
1699 1122 1868 1173 vero
1897 1151 1929 1187 ,‚
1969 1122 2150 1195 quae
2185 1101 2334 1173 sive
2389 1100 2474 1173 ad

349 1220 535 1315 jura,
590 1223 742 1296 sive
792 1222 881 1296 ad
933 1223 1201 1309 munia,
1258 1222 1409 1295 sive
1462 1220 1549 1292 ad
1606 1240 1970 1315 personas,
2002 1220 2152 1292 sive
2179 1219 2264 1290 ad
2333 1241 2472 1303 ωε,
2537 1250 2548 1263 ·

354 1338 505 1411 sive
559 1339 647 1411 ad
680 1339 1131 1436 quaestiones
1186 1337 1684 1413 Ecclesiastico
1739 1336 2004 1410 intuitu
2058 1336 2415 1430 pertinent
2454 1386 2474 1421 ,

358 1456 802 1552 singulariter
856 1469 932 1531 et
984 1456 1391 1553 singillatim
1470 1455 2022 1529 administranda
2076 1465 2288 1550 atque
2339 1455 2479 1527 ad·-

358 1572 713 1670 implenda
766 1587 977 1649 erunt
1022 1576 1227 1671 juxta
1279 1574 1798 1670 promulgatam
1837 1571 2190 1648 Ecclesiae
2225 1573 2481 1645 doctri-

356 1713 521 1763 nam
574 1691 869 1788 ejusque
920 1692 1361 1787 disciplinam
1416 1690 1504 1763 ab
1585 1691 1736 1785 ipsa
1816 1688 2216 1785 Apostolica
2295 1690 2475 1763 Sede

350 1807 841 1904 adprobatam.

508 1926 609 1999 Ut
660 1950 829 2002 vero
864 1941 1133 2023 queant
1188 1926 1387 2023 probi
1440 1928 1772 2023 doctique
1853 1927 2256 2024 Presbyteri
2345 1952 2474 2003 ceu

352 2044 597 2120 Olivae
628 2048 719 2119 -in
777 2048 979 2121 vinea
1033 2045 1317 2121 Domini
1370 2048 1442 2119 in
1508 2046 1741 2141 ampla
1834 2060 2180 2142 vastaque
2259 2043 2474 2122 Dioe-

350 2164 493 2237 cesi
548 2164 881 2239 Puniensi
932 2188 1373 2239 succrescere
1414 2159 1435 2249 ’,
1522 2176 1737 2262 atque
1791 2165 2083 2239 uberem
2161 2164 2470 2239 fructum

348 2279 626 2368 afferre,
646 2282 1037 2355 animarum
1068 2282 1601 2357 sanctificationi
1633 2283 2470 2379 pabulum,aeternaeque

352 2398 599 2473 salutis
634 2398 945 2473 subsidia
984 2380 1261 2475 assidue
1300 2398 1643 2485 conferre,
1677 2424 1891 2497 quam
1929 2400 2238 2473 maxime
2273 2422 2473 2473 com-

346 2517 799 2613 mendamus,
856 2528 1073 2615 atque
1126 2519 1623 2613 praecipimuS,
1667 2531 1763 2591 'ut
1813 2518 2189 2592 Seminarii
2258 2514 2474 2591 Dice*

344 2636 585 2708 cesani
633 2632 842 2730 juxta
916 2636 1407 2711 Tridentinum
1488 2636 1856 2711 decretum
1937 2635 2254 2711 fundatio
2331 2639 2474 2711 cito

348 2748 483 2823 fiat
514 2792 540 2838 ·‚
624 2763 723 2839 et,
778 2754 1377 2865 quemadmodum
1458 2754 1547 2827 ab
1604 2755 1758 2849 ipso
1852 2752 2250 2827 Pei-uviano
2325 2750 2474 2827 Gu-

233 2899 239 2904 ·
348 2866 595 2943 hernio
648 2870 1075 2963 promissum
1114 2882 1259 2956 est,
1300 2894 1427 2965 pro
1484 2870 1856 2945 Puniensis
1895 2868 2250 2945 Dioccesis
2315 2870 2478 2944 Alu-

346 2986 533 3058 mnis
588 2987 659 3057 in
687 2998 955 3061 sortem
983 2984 1267 3060 Domini
1309 2988 1579 3061 vocatis
1630 2986 2100 3059 Seminarium
2133 2988 2470 3082 erigatur,

342 3125 795 3199 congruaque
848 3104 1213 3179 dotatione
1264 3102 1417 3197 ejus
1470 3103 1940 3177 incolumitati
1995 3125 2472 3200 prosperoque

348 3222 787 3297 incremento
838 3232 1185 3319 perpetuo
1240 3221 1619 3319 stabilique
1673 3224 1886 3297 modo
1955 3222 2410 3318 provideatur
2447 3276 2470 3311 ‚

252 3334 259 3339 ’
340 3340 531 3437 quod
582 3363 715 3435 pro
770 3340 1021 3436 majori
1076 3339 1433 3417 Ecclesiae
1471 3340 1663 3415 bono
1701 3342 1822 3425 sit,
1878 3340 2086 3436 plane
2139 3340 2212 3415 in
2239 3344 2474 3417 omni-

340 3454 479 3531 bus
530 3456 620 3529 ab
672 3452 1022 3553 Episcopo
1076 3458 1229 3553 ipso
1282 3452 1619 3530 Puniensi
1669 3456 1875 3552 juxta
1927 3455 2318 3534 Canonicas
2367 3461 2472 3533 le·-

342 3596 493 3671 ges,
550 3586 627 3663 et
677 3573 941 3648 formas
993 3576 1463 3669 dirigendum,
1516 3576 2186 3669 administrandum,
2243 3590 2468 3676 atque

342 3690 877 3788 gubernandum
932 3694 1069 3765 erit
1108 3744 1129 3779 ,
1186 3692 1341 3768 illos
1396 3694 1839 3769 admittendo
1893 3697 2042 3769 sive
2095 3694 2472 3790 Magistros

342 3810 495 3882 sive
549 3810 1027 3884 adolescentes
1069 3862 1091 3897 ,
1128 3832 1306 3915 quos
1360 3810 1493 3885 sibi
1542 3811 1912 3905 placuerit,
1945 3822 2020 3885 et
2053 3813 2128 3883 in
2165 3810 2470 3887 Domino

344 3926 719 3999 crediderit
772 3927 1103 4022 expedire
1144 3980 1165 4013 ,
1224 3927 1375 3999 illas
1428 3929 1796 4001 condendo
1847 3928 2038 4025 leges
2079 3980 2100 4016 ,
2151 3952 2333 4027 quas
2385 3932 2473 4005 ad

338 4042 551 4118 finem
584 4045 1161 4142 consequendum
1196 4046 1738 4142 opportuniores
1775 4046 2238 4133 existimabit,
2278 4048 2470 4144 ejus-

352 4184 492 4257 que
572 4160 946 4237 Seminarii
1035 4162 1185 4235 sive
1242 4161 1577 4237 Rectores
1650 4186 1776 4237 seu
1851 4164 2472 4241 Administratores
