<?xml version="1.0" encoding="UTF-8"?>
<!DOCTYPE html PUBLIC "-//W3C//DTD XHTML 1.0 Transitional//EN"
    "http://www.w3.org/TR/xhtml1/DTD/xhtml1-transitional.dtd">
<html xmlns="http://www.w3.org/1999/xhtml" xml:lang="en" lang="en">
 <head>
  <title>
</title>
<meta http-equiv="Content-Type" content="text/html;charset=utf-8" />
  <meta name='ocr-system' content='tesseract 3.04.00' />
  <meta name='ocr-capabilities' content='ocr_page ocr_carea ocr_par ocr_line ocrx_word'/>
</head>
<body>
  <div class='ocr_page' id='page_1' title='image "./piiixpontificis00ixgoog_0435.png"; bbox 0 0 3317 5267; ppageno 0'>
   <div class='ocr_carea' id='block_1_1' title="bbox 314 460 2544 4312">
    <p class='ocr_par' dir='ltr' id='par_1_1' title="bbox 314 460 2544 4312">
     <span class='ocr_line' id='line_1_1' title="bbox 2303 460 2450 530; baseline 0.014 -2"><span class='ocrx_word' id='word_1_1' title='bbox 2303 460 2450 530; x_wconf 65' lang='lat'><strong>425</strong></span> 
     </span>
     <span class='ocr_line' id='line_1_2' title="bbox 322 573 2448 673; baseline -0 -23"><span class='ocrx_word' id='word_1_2' title='bbox 322 588 405 651; x_wconf 92' lang='lat' dir='ltr'><strong>ut</strong></span> <span class='ocrx_word' id='word_1_3' title='bbox 452 575 764 649; x_wconf 85' lang='lat' dir='ltr'><strong>cuiusvis</strong></span> <span class='ocrx_word' id='word_1_4' title='bbox 817 575 1051 671; x_wconf 82' lang='lat' dir='ltr'><strong>gentis</strong></span> <span class='ocrx_word' id='word_1_5' title='bbox 1080 574 1411 649; x_wconf 74' lang='lat' dir='ltr'><strong>hmnines</strong></span> <span class='ocrx_word' id='word_1_6' title='bbox 1438 573 1754 645; x_wconf 79' lang='lat' dir='ltr'><strong>divinam</strong></span> <span class='ocrx_word' id='word_1_7' title='bbox 1781 596 1982 648; x_wconf 84' lang='lat' dir='ltr'><strong>suam</strong></span> <span class='ocrx_word' id='word_1_8' title='bbox 2024 574 2448 673; x_wconf 77' lang='lat' dir='ltr'><strong>religionem</strong></span> 
     </span>
     <span class='ocr_line' id='line_1_3' title="bbox 322 693 2448 793; baseline 0.001 -24"><span class='ocrx_word' id='word_1_9' title='bbox 322 705 401 770; x_wconf 87' lang='lat' dir='ltr'><strong>et</strong></span> <span class='ocrx_word' id='word_1_10' title='bbox 450 695 749 791; x_wconf 79' lang='lat' dir='ltr'><strong>gratiam</strong></span> <span class='ocrx_word' id='word_1_11' title='bbox 795 694 1207 789; x_wconf 59' lang='lat' dir='ltr'><strong>*acciperent</strong></span> <span class='ocrx_word' id='word_1_12' title='bbox 1236 746 1257 780; x_wconf 88' lang='lat'>‚</span> <span class='ocrx_word' id='word_1_13' title='bbox 1316 713 1533 790; x_wconf 85' lang='lat' dir='ltr'><strong>quam</strong></span> <span class='ocrx_word' id='word_1_14' title='bbox 1580 693 1670 765; x_wconf 90' lang='lat' dir='ltr'><strong>ad</strong></span> <span class='ocrx_word' id='word_1_15' title='bbox 1735 706 2138 773; x_wconf 83' lang='lat' dir='ltr'><strong>extremum</strong></span> <span class='ocrx_word' id='word_1_16' title='bbox 2219 716 2448 793; x_wconf 84' lang='lat' dir='ltr'><strong>usque</strong></span> 
     </span>
     <span class='ocr_line' id='line_1_4' title="bbox 320 808 2438 910; baseline 0.001 -24"><span class='ocrx_word' id='word_1_17' title='bbox 320 810 650 910; x_wconf 83' lang='lat' dir='ltr'><strong>spiritum</strong></span> <span class='ocrx_word' id='word_1_18' title='bbox 702 812 1091 885; x_wconf 76' lang='lat' dir='ltr'>retinentes</span> <span class='ocrx_word' id='word_1_19' title='bbox 1142 822 1507 885; x_wconf 75' lang='lat' dir='ltr'><strong>aeternam</strong></span> <span class='ocrx_word' id='word_1_20' title='bbox 1586 808 2062 905; x_wconf 76' lang='lat' dir='ltr'><strong>adipiscentur</strong></span> <span class='ocrx_word' id='word_1_21' title='bbox 2126 814 2438 889; x_wconf 84' lang='lat' dir='ltr'><strong>salutem</strong></span> 
     </span>
     <span class='ocr_line' id='line_1_5' title="bbox 320 920 2448 1027; baseline 0.001 -23"><span class='ocrx_word' id='word_1_22' title='bbox 320 943 397 1004; x_wconf 88' lang='lat' dir='ltr'><strong>et</strong></span> <span class='ocrx_word' id='word_1_23' title='bbox 446 931 769 1026; x_wconf 76' lang='lat' dir='ltr'><strong>gloriam.</strong></span> <span class='ocrx_word' id='word_1_24' title='bbox 832 928 927 1002; x_wconf 87' lang='lat' dir='ltr'><strong>Ut</strong></span> <span class='ocrx_word' id='word_1_25' title='bbox 963 941 1203 1003; x_wconf 88' lang='lat' dir='ltr'><strong>autem</strong></span> <span class='ocrx_word' id='word_1_26' title='bbox 1258 928 1435 1002; x_wconf 87' lang='lat' dir='ltr'><strong>haec</strong></span> <span class='ocrx_word' id='word_1_27' title='bbox 1456 920 1647 1013; x_wconf 79' lang='lat' dir='ltr'><strong>fidei,</strong></span> <span class='ocrx_word' id='word_1_28' title='bbox 1679 924 2180 1027; x_wconf 70' lang='lat' dir='ltr'><strong>doctrinaeque</strong></span> <span class='ocrx_word' id='word_1_29' title='bbox 2209 932 2448 1007; x_wconf 86' lang='lat' dir='ltr'><strong>unitas</strong></span> 
     </span>
     <span class='ocr_line' id='line_1_6' title="bbox 318 1042 2452 1143; baseline 0.001 -24"><span class='ocrx_word' id='word_1_30' title='bbox 318 1068 605 1143; x_wconf 79' lang='lat' dir='ltr'><strong>semper</strong></span> <span class='ocrx_word' id='word_1_31' title='bbox 656 1047 729 1119; x_wconf 92' lang='lat' dir='ltr'><strong>in</strong></span> <span class='ocrx_word' id='word_1_32' title='bbox 784 1068 913 1121; x_wconf 86' lang='lat' dir='ltr'><strong>sua</strong></span> <span class='ocrx_word' id='word_1_33' title='bbox 967 1056 1371 1120; x_wconf 78' lang='lat' dir='ltr'><strong>servaretur</strong></span> <span class='ocrx_word' id='word_1_34' title='bbox 1421 1042 1766 1131; x_wconf 84' lang='lat' dir='ltr'><strong>Ecclesia,</strong></span> <span class='ocrx_word' id='word_1_35' title='bbox 1823 1042 2116 1120; x_wconf 74' lang='lat' dir='ltr'><strong>Petrum</strong></span> <span class='ocrx_word' id='word_1_36' title='bbox 2144 1070 2236 1121; x_wconf 84' lang='lat' dir='ltr'><strong>ex</strong></span> <span class='ocrx_word' id='word_1_37' title='bbox 2261 1070 2452 1123; x_wconf 82' lang='lat' dir='ltr'><strong>-om-</strong></span> 
     </span>
     <span class='ocr_line' id='line_1_7' title="bbox 320 1156 2449 1260; baseline 0.001 -25"><span class='ocrx_word' id='word_1_38' title='bbox 320 1163 527 1236; x_wconf 87' lang='lat' dir='ltr'><strong>nibus</strong></span> <span class='ocrx_word' id='word_1_39' title='bbox 582 1163 837 1259; x_wconf 78' lang='lat' dir='ltr'><strong>selegit</strong></span> <span class='ocrx_word' id='word_1_40' title='bbox 889 1184 1142 1249; x_wconf 88' lang='lat' dir='ltr'><strong>unum,</strong></span> <span class='ocrx_word' id='word_1_41' title='bbox 1208 1182 1425 1259; x_wconf 81' lang='lat' dir='ltr'><strong>quem</strong></span> <span class='ocrx_word' id='word_1_42' title='bbox 1486 1156 1992 1258; x_wconf 80' lang='lat' dir='ltr'><strong>Apostolorum-</strong></span> <span class='ocrx_word' id='word_1_43' title='bbox 2021 1161 2449 1260; x_wconf 79' lang='lat' dir='ltr'><strong>Principem,</strong></span> 
     </span>
     <span class='ocr_line' id='line_1_8' title="bbox 316 1276 2544 1378; baseline -0.003 -23"><span class='ocrx_word' id='word_1_44' title='bbox 316 1302 671 1378; x_wconf 87' lang='lat' dir='ltr'><strong>suumque</strong></span> <span class='ocrx_word' id='word_1_45' title='bbox 726 1276 798 1353; x_wconf 85' lang='lat' dir='ltr'><strong>in</strong></span> <span class='ocrx_word' id='word_1_46' title='bbox 856 1281 1066 1353; x_wconf 85' lang='lat' dir='ltr'><strong>terris</strong></span> <span class='ocrx_word' id='word_1_47' title='bbox 1122 1278 1510 1366; x_wconf 63' lang='lat' dir='ltr'><strong>vicarium,</strong></span> <span class='ocrx_word' id='word_1_48' title='bbox 1570 1292 1647 1353; x_wconf 84' lang='lat' dir='ltr'><strong>et</strong></span> <span class='ocrx_word' id='word_1_49' title='bbox 1705 1280 2250 1378; x_wconf 77' lang='lat' dir='ltr'><strong>inexpugnabile</strong></span> <span class='ocrx_word' id='word_1_50' title='bbox 2312 1280 2455 1356; x_wconf 85' lang='lat' dir='ltr'><strong>Ec·</strong></span> <span class='ocrx_word' id='word_1_51' title='bbox 2534 1280 2544 1349; x_wconf 79' lang='grc' dir='ltr'>ζ</span> 
     </span>
     <span class='ocr_line' id='line_1_9' title="bbox 320 1396 2456 1493; baseline 0 -22"><span class='ocrx_word' id='word_1_52' title='bbox 320 1398 577 1471; x_wconf 79' lang='lat' dir='ltr'><strong>clasiae</strong></span> <span class='ocrx_word' id='word_1_53' title='bbox 616 1401 802 1471; x_wconf 81' lang='lat' dir='ltr'><strong>&#39;suae</strong></span> <span class='ocrx_word' id='word_1_54' title='bbox 856 1396 1403 1471; x_wconf 67' lang='lat' dir='ltr'><strong>fundamentum</strong></span> <span class='ocrx_word' id='word_1_55' title='bbox 1456 1406 1533 1468; x_wconf 87' lang='lat' dir='ltr'><strong>et</strong></span> <span class='ocrx_word' id='word_1_56' title='bbox 1590 1406 1807 1493; x_wconf 84' lang='lat' dir='ltr'><strong>caput</strong></span> <span class='ocrx_word' id='word_1_57' title='bbox 1890 1399 2264 1473; x_wconf 88' lang='lat' dir='ltr'><strong>constituit</strong></span> <span class='ocrx_word' id='word_1_58' title='bbox 2293 1451 2318 1485; x_wconf 84' lang='lat'><strong>,</strong></span> <span class='ocrx_word' id='word_1_59' title='bbox 2373 1410 2456 1473; x_wconf 89' lang='lat' dir='ltr'><strong>ut</strong></span> 
     </span>
     <span class='ocr_line' id='line_1_10' title="bbox 319 1513 2456 1613; baseline 0 -24"><span class='ocrx_word' id='word_1_60' title='bbox 319 1536 487 1589; x_wconf 89' lang='lat' dir='ltr'><strong>cum</strong></span> <span class='ocrx_word' id='word_1_61' title='bbox 542 1515 831 1589; x_wconf 88' lang='lat' dir='ltr'><strong>honoris</strong></span> <span class='ocrx_word' id='word_1_62' title='bbox 886 1516 1109 1613; x_wconf 75' lang='lat' dir='ltr'><strong>gradu</strong></span> <span class='ocrx_word' id='word_1_63' title='bbox 1142 1566 1162 1601; x_wconf 90' lang='lat'>,</span> <span class='ocrx_word' id='word_1_64' title='bbox 1224 1526 1377 1588; x_wconf 84' lang='lat' dir='ltr'><strong>tum</strong></span> <span class='ocrx_word' id='word_1_65' title='bbox 1414 1513 1609 1587; x_wconf 90' lang='lat' dir='ltr'><strong>omni</strong></span> <span class='ocrx_word' id='word_1_66' title='bbox 1664 1515 2084 1610; x_wconf 76' lang='lat' dir='ltr'><strong>praecipuae</strong></span> <span class='ocrx_word' id='word_1_67' title='bbox 2139 1518 2456 1591; x_wconf 86' lang='lat' dir='ltr'><strong>auctori-</strong></span> 
     </span>
     <span class='ocr_line' id='line_1_11' title="bbox 318 1631 2452 1729; baseline 0.001 -24"><span class='ocrx_word' id='word_1_68' title='bbox 318 1633 520 1720; x_wconf 81' lang='lat' dir='ltr'><strong>tatia,</strong></span> <span class='ocrx_word' id='word_1_69' title='bbox 578 1634 962 1729; x_wconf 82' lang='lat' dir='ltr'><strong>potestatis</strong></span> <span class='ocrx_word' id='word_1_70' title='bbox 1016 1644 1091 1713; x_wconf 85' lang='lat' dir='ltr'><strong>et</strong></span> <span class='ocrx_word' id='word_1_71' title='bbox 1146 1631 1642 1705; x_wconf 85' lang='lat' dir='ltr'><strong>iurisdictionis</strong></span> <span class='ocrx_word' id='word_1_72' title='bbox 1695 1633 2160 1728; x_wconf 86' lang='lat' dir='ltr'><strong>amplitudine</strong></span> <span class='ocrx_word' id='word_1_73' title='bbox 2198 1635 2452 1707; x_wconf 84' lang='lat' dir='ltr'><strong>ceteris</strong></span> 
     </span>
     <span class='ocr_line' id='line_1_12' title="bbox 320 1750 2452 1848; baseline -0 -23"><span class='ocrx_word' id='word_1_74' title='bbox 320 1750 657 1825; x_wconf 88' lang='lat' dir='ltr'><strong>omnibus</strong></span> <span class='ocrx_word' id='word_1_75' title='bbox 710 1772 923 1848; x_wconf 82' lang='lat' dir='ltr'><strong>quam</strong></span> <span class='ocrx_word' id='word_1_76' title='bbox 974 1751 1293 1822; x_wconf 83' lang='lat' dir='ltr'><strong>maxime</strong></span> <span class='ocrx_word' id='word_1_77' title='bbox 1345 1762 1712 1845; x_wconf 86' lang='lat' dir='ltr'><strong>praestans</strong></span> <span class='ocrx_word' id='word_1_78' title='bbox 1767 1763 2090 1847; x_wconf 83' lang='lat' dir='ltr'><strong>pasceret</strong></span> <span class='ocrx_word' id='word_1_79' title='bbox 2141 1774 2314 1826; x_wconf 85' lang='lat' dir='ltr'><strong>oves</strong></span> <span class='ocrx_word' id='word_1_80' title='bbox 2379 1763 2452 1824; x_wconf 89' lang='lat' dir='ltr'><strong>et</strong></span> 
     </span>
     <span class='ocr_line' id='line_1_13' title="bbox 314 1870 2452 1967; baseline 0.002 -26"><span class='ocrx_word' id='word_1_81' title='bbox 314 1892 559 1966; x_wconf 74' lang='lat' dir='ltr'><strong>agnae,</strong></span> <span class='ocrx_word' id='word_1_82' title='bbox 624 1870 1074 1945; x_wconf 79' lang='lat' dir='ltr'><strong>confirmaret</strong></span> <span class='ocrx_word' id='word_1_83' title='bbox 1128 1870 1439 1957; x_wconf 74' lang='lat' dir='ltr'><strong>Fratres,</strong></span> <span class='ocrx_word' id='word_1_84' title='bbox 1495 1882 1718 1967; x_wconf 84' lang='lat' dir='ltr'><strong>atque</strong></span> <span class='ocrx_word' id='word_1_85' title='bbox 1771 1872 2178 1945; x_wconf 80' lang='lat' dir='ltr'><strong>universam</strong></span> <span class='ocrx_word' id='word_1_86' title='bbox 2248 1894 2452 1967; x_wconf 77' lang='lat' dir='ltr'><strong>rege·-</strong></span> 
     </span>
     <span class='ocr_line' id='line_1_14' title="bbox 314 1983 2450 2083; baseline 0.001 -24"><span class='ocrx_word' id='word_1_87' title='bbox 314 1996 429 2059; x_wconf 88' lang='lat' dir='ltr'><strong>ret</strong></span> <span class='ocrx_word' id='word_1_88' title='bbox 478 2000 553 2059; x_wconf 85' lang='lat' dir='ltr'><strong>et</strong></span> <span class='ocrx_word' id='word_1_89' title='bbox 608 1986 1034 2083; x_wconf 77' lang='lat' dir='ltr'><strong>gubernaret</strong></span> <span class='ocrx_word' id='word_1_90' title='bbox 1086 1986 1505 2061; x_wconf 84' lang='lat' dir='ltr'><strong>Ecclesiam.</strong></span> <span class='ocrx_word' id='word_1_91' title='bbox 1566 1983 1748 2059; x_wconf 90' lang='lat' dir='ltr'><strong>Cum</strong></span> <span class='ocrx_word' id='word_1_92' title='bbox 1803 2002 2046 2062; x_wconf 87' lang='lat' dir='ltr'><strong>autem</strong></span> <span class='ocrx_word' id='word_1_93' title='bbox 2123 1986 2450 2062; x_wconf 79' lang='lat' dir='ltr'><strong>Christus</strong></span> 
     </span>
     <span class='ocr_line' id='line_1_15' title="bbox 316 2100 2450 2201; baseline 0.003 -28"><span class='ocrx_word' id='word_1_94' title='bbox 316 2102 501 2176; x_wconf 88' lang='lat' dir='ltr'><strong>hanc</strong></span> <span class='ocrx_word' id='word_1_95' title='bbox 550 2124 755 2178; x_wconf 86' lang='lat' dir='ltr'><strong>suam</strong></span> <span class='ocrx_word' id='word_1_96' title='bbox 810 2100 1201 2177; x_wconf 85' lang='lat' dir='ltr'><strong>Ecclesiam</strong></span> <span class='ocrx_word' id='word_1_97' title='bbox 1254 2124 1501 2188; x_wconf 75' lang='lat' dir='ltr'><strong>unam,</strong></span> <span class='ocrx_word' id='word_1_98' title='bbox 1532 2112 1608 2175; x_wconf 89' lang='lat' dir='ltr'><strong>et</strong></span> <span class='ocrx_word' id='word_1_99' title='bbox 1634 2102 2168 2178; x_wconf 81' lang='lat' dir='ltr'><strong>immaculatam</strong></span> <span class='ocrx_word' id='word_1_100' title='bbox 2225 2128 2450 2201; x_wconf 83' lang='lat' dir='ltr'><strong>usque</strong></span> 
     </span>
     <span class='ocr_line' id='line_1_16' title="bbox 317 2220 2450 2317; baseline 0.001 -24"><span class='ocrx_word' id='word_1_101' title='bbox 317 2221 405 2295; x_wconf 87' lang='lat' dir='ltr'><strong>ad</strong></span> <span class='ocrx_word' id='word_1_102' title='bbox 430 2224 1131 2305; x_wconf 81' lang='lat' dir='ltr'><strong>consummationem</strong></span> <span class='ocrx_word' id='word_1_103' title='bbox 1159 2220 1423 2295; x_wconf 81' lang='lat' dir='ltr'><strong>saeculi</strong></span> <span class='ocrx_word' id='word_1_104' title='bbox 1452 2243 2000 2317; x_wconf 80' lang='lat' dir='ltr'><strong>permansuram</strong></span> <span class='ocrx_word' id='word_1_105' title='bbox 2031 2224 2450 2310; x_wconf 82' lang='lat' dir='ltr'><strong>voluerit‚et</strong></span> 
     </span>
     <span class='ocr_line' id='line_1_17' title="bbox 315 2336 2452 2435; baseline 0 -24"><span class='ocrx_word' id='word_1_106' title='bbox 315 2360 532 2411; x_wconf 87' lang='lat' dir='ltr'><strong>unam</strong></span> <span class='ocrx_word' id='word_1_107' title='bbox 590 2338 833 2427; x_wconf 83' lang='lat' dir='ltr'><strong>fldem,</strong></span> <span class='ocrx_word' id='word_1_108' title='bbox 892 2360 1109 2412; x_wconf 90' lang='lat' dir='ltr'><strong>unam</strong></span> <span class='ocrx_word' id='word_1_109' title='bbox 1162 2336 1593 2427; x_wconf 85' lang='lat' dir='ltr'><strong>doctrinam,</strong></span> <span class='ocrx_word' id='word_1_110' title='bbox 1622 2358 1706 2411; x_wconf 87' lang='lat' dir='ltr'><strong>ac</strong></span> <span class='ocrx_word' id='word_1_111' title='bbox 1743 2339 2110 2435; x_wconf 83' lang='lat' dir='ltr'><strong>regiminis</strong></span> <span class='ocrx_word' id='word_1_112' title='bbox 2145 2338 2452 2415; x_wconf 87' lang='lat' dir='ltr'><strong>formam</strong></span> 
     </span>
     <span class='ocr_line' id='line_1_18' title="bbox 316 2457 2450 2555; baseline 0 -25"><span class='ocrx_word' id='word_1_113' title='bbox 316 2458 741 2533; x_wconf 81' lang='lat' dir='ltr'><strong>servandam</strong></span> <span class='ocrx_word' id='word_1_114' title='bbox 796 2480 955 2531; x_wconf 88' lang='lat' dir='ltr'><strong>esse</strong></span> <span class='ocrx_word' id='word_1_115' title='bbox 1009 2457 1493 2543; x_wconf 80' lang='lat' dir='ltr'><strong>mandaverit,·</strong></span> <span class='ocrx_word' id='word_1_116' title='bbox 1546 2461 1700 2529; x_wconf 86' lang='lat' dir='ltr'><strong>tum</strong></span> <span class='ocrx_word' id='word_1_117' title='bbox 1741 2480 1925 2555; x_wconf 87' lang='lat' dir='ltr'><strong>quae</strong></span> <span class='ocrx_word' id='word_1_118' title='bbox 1973 2457 2182 2533; x_wconf 84' lang='lat' dir='ltr'><strong>Petro</strong></span> <span class='ocrx_word' id='word_1_119' title='bbox 2219 2460 2450 2555; x_wconf 79' lang='lat' dir='ltr'><strong>digni-</strong></span> 
     </span>
     <span class='ocr_line' id='line_1_19' title="bbox 319 2572 2450 2672; baseline 0.002 -27"><span class='ocrx_word' id='word_1_120' title='bbox 319 2575 511 2663; x_wconf 88' lang='lat' dir='ltr'><strong>tatis,</strong></span> <span class='ocrx_word' id='word_1_121' title='bbox 568 2575 940 2670; x_wconf 87' lang='lat' dir='ltr'><strong>potestatis</strong></span> <span class='ocrx_word' id='word_1_122' title='bbox 995 2598 1077 2647; x_wconf 83' lang='lat' dir='ltr'><strong>ac</strong></span> <span class='ocrx_word' id='word_1_123' title='bbox 1128 2572 1635 2648; x_wconf 81' lang='lat' dir='ltr'><strong>iurisdictionis</strong></span> <span class='ocrx_word' id='word_1_124' title='bbox 1687 2574 2114 2670; x_wconf 67' lang='lat' dir='ltr'><strong>amplitudo,</strong></span> <span class='ocrx_word' id='word_1_125' title='bbox 2147 2575 2450 2672; x_wconf 81' lang='lat' dir='ltr'><strong>fideique</strong></span> 
     </span>
     <span class='ocr_line' id='line_1_20' title="bbox 318 2690 2443 2791; baseline 0.001 -28"><span class='ocrx_word' id='word_1_126' title='bbox 318 2692 713 2791; x_wconf 66' lang='lat' dir='ltr'><strong>integritate,</strong></span> <span class='ocrx_word' id='word_1_127' title='bbox 768 2714 849 2765; x_wconf 90' lang='lat' dir='ltr'><strong>ac</strong></span> <span class='ocrx_word' id='word_1_128' title='bbox 900 2690 1251 2767; x_wconf 84' lang='lat' dir='ltr'><strong>stabilitas</strong></span> <span class='ocrx_word' id='word_1_129' title='bbox 1276 2692 1471 2777; x_wconf 86' lang='lat' dir='ltr'><strong>data,</strong></span> <span class='ocrx_word' id='word_1_130' title='bbox 1510 2693 1762 2767; x_wconf 77' lang='lat' dir='ltr'><strong>eadem</strong></span> <span class='ocrx_word' id='word_1_131' title='bbox 1799 2716 2092 2789; x_wconf 84' lang='lat' dir='ltr'><strong>prorsus</strong></span> <span class='ocrx_word' id='word_1_132' title='bbox 2119 2694 2443 2768; x_wconf 86' lang='lat' dir='ltr'><strong>eiusdem</strong></span> 
     </span>
     <span class='ocr_line' id='line_1_21' title="bbox 320 2809 2441 2901; baseline 0 -16"><span class='ocrx_word' id='word_1_133' title='bbox 320 2810 509 2891; x_wconf 83' lang='lat' dir='ltr'><strong>Petri</strong></span> <span class='ocrx_word' id='word_1_134' title='bbox 562 2811 1085 2889; x_wconf 83' lang='lat' dir='ltr'><strong>successoribus</strong></span> <span class='ocrx_word' id='word_1_135' title='bbox 1114 2810 1457 2887; x_wconf 87' lang='lat' dir='ltr'><strong>Romanis</strong></span> <span class='ocrx_word' id='word_1_136' title='bbox 1486 2809 1952 2887; x_wconf 78' lang='lat' dir='ltr'><strong>Pontificibus</strong></span> <span class='ocrx_word' id='word_1_137' title='bbox 1989 2825 2104 2887; x_wconf 87' lang='lat' dir='ltr'><strong>est</strong></span> <span class='ocrx_word' id='word_1_138' title='bbox 2153 2814 2441 2901; x_wconf 84' lang='lat' dir='ltr'><strong>tradita,</strong></span> 
     </span>
     <span class='ocr_line' id='line_1_22' title="bbox 314 2926 2440 3037; baseline -0.001 -34"><span class='ocrx_word' id='word_1_139' title='bbox 314 2932 434 3026; x_wconf 89' lang='lat' dir='ltr'><strong>qui</strong></span> <span class='ocrx_word' id='word_1_140' title='bbox 490 2932 558 3003; x_wconf 88' lang='lat' dir='ltr'><strong>in</strong></span> <span class='ocrx_word' id='word_1_141' title='bbox 615 2930 743 3003; x_wconf 89' lang='lat' dir='ltr'><strong>hac</strong></span> <span class='ocrx_word' id='word_1_142' title='bbox 798 2929 1120 3037; x_wconf 76' lang='lat' dir='ltr'><strong>Romana</strong></span> <span class='ocrx_word' id='word_1_143' title='bbox 1174 2929 1395 3025; x_wconf 89' lang='lat' dir='ltr'><strong>ipsius</strong></span> <span class='ocrx_word' id='word_1_144' title='bbox 1450 2926 1642 3001; x_wconf 90' lang='lat' dir='ltr'><strong>Petri</strong></span> <span class='ocrx_word' id='word_1_145' title='bbox 1703 2928 2056 3004; x_wconf 84' lang='lat' dir='ltr'><strong>Cathedra</strong></span> <span class='ocrx_word' id='word_1_146' title='bbox 2085 2931 2440 3005; x_wconf 88' lang='lat' dir='ltr'><strong>collocan-</strong></span> 
     </span>
     <span class='ocr_line' id='line_1_23' title="bbox 320 3044 2446 3147; baseline 0.002 -28"><span class='ocrx_word' id='word_1_147' title='bbox 320 3062 461 3138; x_wconf 90' lang='lat' dir='ltr'><strong>tur,</strong></span> <span class='ocrx_word' id='word_1_148' title='bbox 519 3062 592 3123; x_wconf 91' lang='lat' dir='ltr'><strong>et</strong></span> <span class='ocrx_word' id='word_1_149' title='bbox 644 3047 899 3146; x_wconf 85' lang='lat' dir='ltr'><strong>quibus</strong></span> <span class='ocrx_word' id='word_1_150' title='bbox 940 3049 1011 3120; x_wconf 89' lang='lat' dir='ltr'><strong>in</strong></span> <span class='ocrx_word' id='word_1_151' title='bbox 1048 3068 1349 3147; x_wconf 88' lang='lat' dir='ltr'><strong>persona</strong></span> <span class='ocrx_word' id='word_1_152' title='bbox 1402 3044 1811 3121; x_wconf 74' lang='lat' dir='ltr'><strong>Beatissimi</strong></span> <span class='ocrx_word' id='word_1_153' title='bbox 1855 3046 2202 3144; x_wconf 84' lang='lat' dir='ltr'><strong>Principis</strong></span> <span class='ocrx_word' id='word_1_154' title='bbox 2249 3048 2446 3143; x_wconf 79' lang='lat' dir='ltr'><strong>Apo-</strong></span> 
     </span>
     <span class='ocr_line' id='line_1_24' title="bbox 317 3160 2448 3269; baseline 0.001 -30"><span class='ocrx_word' id='word_1_155' title='bbox 317 3166 660 3242; x_wconf 87' lang='lat' dir='ltr'><strong>stolorum</strong></span> <span class='ocrx_word' id='word_1_156' title='bbox 718 3165 807 3238; x_wconf 89' lang='lat' dir='ltr'><strong>ab</strong></span> <span class='ocrx_word' id='word_1_157' title='bbox 860 3168 1014 3263; x_wconf 89' lang='lat' dir='ltr'><strong>ipso</strong></span> <span class='ocrx_word' id='word_1_158' title='bbox 1082 3160 1383 3269; x_wconf 22' lang='lat' dir='ltr'><strong>„Christo</strong></span> <span class='ocrx_word' id='word_1_159' title='bbox 1438 3160 1748 3239; x_wconf 89' lang='lat' dir='ltr'><strong>Domino</strong></span> <span class='ocrx_word' id='word_1_160' title='bbox 1813 3186 2148 3260; x_wconf 87' lang='lat' dir='ltr'><strong>suprema</strong></span> <span class='ocrx_word' id='word_1_161' title='bbox 2228 3166 2448 3241; x_wconf 87' lang='lat' dir='ltr'><strong>totius</strong></span> 
     </span>
     <span class='ocr_line' id='line_1_25' title="bbox 318 3280 2444 3380; baseline 0 -24"><span class='ocrx_word' id='word_1_162' title='bbox 318 3282 667 3359; x_wconf 89' lang='lat' dir='ltr'><strong>Dominici</strong></span> <span class='ocrx_word' id='word_1_163' title='bbox 719 3281 949 3380; x_wconf 80' lang='lat' dir='ltr'><strong>gregis</strong></span> <span class='ocrx_word' id='word_1_164' title='bbox 1002 3306 1171 3356; x_wconf 89' lang='lat' dir='ltr'><strong>cura</strong></span> <span class='ocrx_word' id='word_1_165' title='bbox 1222 3280 1565 3355; x_wconf 87' lang='lat' dir='ltr'><strong>divinitus</strong></span> <span class='ocrx_word' id='word_1_166' title='bbox 1592 3293 1707 3357; x_wconf 84' lang='lat' dir='ltr'><strong>est</strong></span> <span class='ocrx_word' id='word_1_167' title='bbox 1743 3282 2152 3373; x_wconf 85' lang='lat' dir='ltr'><strong>commissa,</strong></span> <span class='ocrx_word' id='word_1_168' title='bbox 2211 3308 2292 3359; x_wconf 88' lang='lat' dir='ltr'><strong>ac</strong></span> <span class='ocrx_word' id='word_1_169' title='bbox 2319 3305 2444 3357; x_wconf 86' lang='lat' dir='ltr'><strong>su·-</strong></span> 
     </span>
     <span class='ocr_line' id='line_1_26' title="bbox 314 3398 2441 3497; baseline 0.001 -24"><span class='ocrx_word' id='word_1_170' title='bbox 314 3420 644 3496; x_wconf 88' lang='lat' dir='ltr'><strong>premum</strong></span> <span class='ocrx_word' id='word_1_171' title='bbox 700 3400 1125 3479; x_wconf 73' lang='lat' dir='ltr'><strong>universalis,</strong></span> <span class='ocrx_word' id='word_1_172' title='bbox 1164 3398 1529 3479; x_wconf 81' lang='lat' dir='ltr'><strong>Ecclesiae</strong></span> <span class='ocrx_word' id='word_1_173' title='bbox 1557 3401 1880 3497; x_wconf 81' lang='lat' dir='ltr'><strong>regimen</strong></span> <span class='ocrx_word' id='word_1_174' title='bbox 1905 3400 2441 3479; x_wconf 80' lang='lat' dir='ltr'><strong>demandatum.</strong></span> 
     </span>
     <span class='ocr_line' id='line_1_27' title="bbox 322 3516 2446 3617; baseline 0.001 -26"><span class='ocrx_word' id='word_1_175' title='bbox 322 3517 419 3592; x_wconf 83' lang='lat' dir='ltr'><strong>Ac</strong></span> <span class='ocrx_word' id='word_1_176' title='bbox 473 3516 689 3591; x_wconf 81' lang='lat' dir='ltr'><strong>Vobis</strong></span> <span class='ocrx_word' id='word_1_177' title='bbox 746 3518 1065 3615; x_wconf 86' lang='lat' dir='ltr'><strong>apprime</strong></span> <span class='ocrx_word' id='word_1_178' title='bbox 1119 3528 1568 3615; x_wconf 82' lang='lat' dir='ltr'><strong>compertum</strong></span> <span class='ocrx_word' id='word_1_179' title='bbox 1632 3518 2227 3617; x_wconf 85' lang='lat' dir='ltr'><strong>exploratumque</strong></span> <span class='ocrx_word' id='word_1_180' title='bbox 2281 3533 2392 3595; x_wconf 85' lang='lat' dir='ltr'><strong>est</strong></span> <span class='ocrx_word' id='word_1_181' title='bbox 2424 3575 2446 3609; x_wconf 88' lang='lat'>,</span> 
     </span>
     <span class='ocr_line' id='line_1_28' title="bbox 325 3630 2456 3736; baseline 0.001 -29"><span class='ocrx_word' id='word_1_182' title='bbox 325 3630 777 3709; x_wconf 70' lang='lat' dir='ltr'><strong>venerabiles</strong></span> <span class='ocrx_word' id='word_1_183' title='bbox 835 3634 972 3707; x_wconf 86' lang='lat' dir='ltr'><strong>Fra</strong></span> <span class='ocrx_word' id='word_1_184' title='bbox 988 3646 1162 3724; x_wconf 75' lang='lat' dir='ltr'><strong>trec,</strong></span> <span class='ocrx_word' id='word_1_185' title='bbox 1208 3630 1579 3733; x_wconf 72' lang='lat' dir='ltr'><strong>&#39;quomodo</strong></span> <span class='ocrx_word' id='word_1_186' title='bbox 1632 3634 1769 3736; x_wconf 82' lang='lat' dir='ltr'><strong>hoc</strong></span> <span class='ocrx_word' id='word_1_187' title='bbox 1821 3634 2112 3709; x_wconf 84' lang='lat' dir='ltr'><strong>divinae·</strong></span> <span class='ocrx_word' id='word_1_188' title='bbox 2169 3647 2456 3711; x_wconf 83' lang='lat' dir='ltr'><strong>nostrae</strong></span> 
     </span>
     <span class='ocr_line' id='line_1_29' title="bbox 319 3749 2448 3854; baseline 0.002 -29"><span class='ocrx_word' id='word_1_189' title='bbox 319 3751 671 3850; x_wconf 83' lang='lat' dir='ltr'><strong>religionis</strong></span> <span class='ocrx_word' id='word_1_190' title='bbox 723 3753 982 3850; x_wconf 74' lang='lat' dir='ltr'><strong>dogma</strong></span> <span class='ocrx_word' id='word_1_191' title='bbox 1020 3749 1338 3829; x_wconf 81' lang='lat' dir='ltr'><strong>&#39;unanimi</strong></span> <span class='ocrx_word' id='word_1_192' title='bbox 1367 3777 1449 3854; x_wconf 83' lang='lat' dir='ltr'><strong>ac</strong></span> <span class='ocrx_word' id='word_1_193' title='bbox 1484 3751 1782 3853; x_wconf 80' lang='lat' dir='ltr'><strong>perenni</strong></span> <span class='ocrx_word' id='word_1_194' title='bbox 1821 3750 2266 3851; x_wconf 77' lang='lat' dir='ltr'><strong>Synodorum</strong></span> <span class='ocrx_word' id='word_1_195' title='bbox 2307 3750 2448 3829; x_wconf 87' lang='lat' dir='ltr'><strong>Pa-</strong></span> 
     </span>
     <span class='ocr_line' id='line_1_30' title="bbox 318 3868 2444 3967; baseline -0.001 -27"><span class='ocrx_word' id='word_1_196' title='bbox 318 3881 652 3967; x_wconf 87' lang='lat' dir='ltr'><strong>trumque</strong></span> <span class='ocrx_word' id='word_1_197' title='bbox 710 3880 951 3943; x_wconf 87' lang='lat' dir='ltr'><strong>mente</strong></span> <span class='ocrx_word' id='word_1_198' title='bbox 1007 3892 1087 3942; x_wconf 89' lang='lat' dir='ltr'><strong>ac</strong></span> <span class='ocrx_word' id='word_1_199' title='bbox 1144 3892 1317 3943; x_wconf 85' lang='lat' dir='ltr'><strong>voce</strong></span> <span class='ocrx_word' id='word_1_200' title='bbox 1356 3868 1571 3949; x_wconf 80' lang='lat' dir='ltr'><strong>fuerit</strong></span> <span class='ocrx_word' id='word_1_201' title='bbox 1607 3890 1894 3967; x_wconf 79' lang='lat' dir='ltr'><strong>semper</strong></span> <span class='ocrx_word' id='word_1_202' title='bbox 1929 3868 2444 3965; x_wconf 81' lang='lat' dir='ltr'><strong>praedicatum,</strong></span> 
     </span>
     <span class='ocr_line' id='line_1_31' title="bbox 319 3982 2452 4082; baseline -0 -24"><span class='ocrx_word' id='word_1_203' title='bbox 319 3983 721 4074; x_wconf 85' lang='lat' dir='ltr'><strong>defensum,</strong></span> <span class='ocrx_word' id='word_1_204' title='bbox 780 3998 873 4061; x_wconf 88' lang='lat' dir='ltr'><strong>ct·</strong></span> <span class='ocrx_word' id='word_1_205' title='bbox 902 3984 1379 4059; x_wconf 80' lang='lat' dir='ltr'><strong>inculcatum.</strong></span> <span class='ocrx_word' id='word_1_206' title='bbox 1435 3984 1806 4082; x_wconf 86' lang='lat' dir='ltr'><strong>Siquidem</strong></span> <span class='ocrx_word' id='word_1_207' title='bbox 1861 3982 1994 4081; x_wconf 75' lang='lat' dir='ltr'><strong>ips-i</strong></span> <span class='ocrx_word' id='word_1_208' title='bbox 2059 4006 2452 4080; x_wconf 81' lang='lat' dir='ltr'><strong>numquam</strong></span> 
     </span>
     <span class='ocr_line' id='line_1_32' title="bbox 317 4089 2448 4191; baseline -0.001 -13"><span class='ocrx_word' id='word_1_209' title='bbox 317 4116 689 4180; x_wconf 85' lang='lat' dir='ltr'><strong>cessarunt</strong></span> <span class='ocrx_word' id='word_1_210' title='bbox 740 4108 1034 4183; x_wconf 86' lang='lat' dir='ltr'><strong>edocere</strong></span> <span class='ocrx_word' id='word_1_211' title='bbox 1096 4130 1129 4174; x_wconf 89' lang='lat'>«</span> <span class='ocrx_word' id='word_1_212' title='bbox 1193 4126 1416 4181; x_wconf 86' lang='lat' dir='ltr'><strong>uuum</strong></span> <span class='ocrx_word' id='word_1_213' title='bbox 1470 4128 1627 4181; x_wconf 88' lang='lat' dir='ltr'><strong>esse</strong></span> <span class='ocrx_word' id='word_1_214' title='bbox 1683 4102 1942 4191; x_wconf 89' lang='lat' dir='ltr'><strong>Deum,</strong></span> <span class='ocrx_word' id='word_1_215' title='bbox 1975 4126 2199 4181; x_wconf 88' lang='lat' dir='ltr'><strong>unum</strong></span> <span class='ocrx_word' id='word_1_216' title='bbox 2237 4089 2448 4177; x_wconf 72' lang='lat' dir='ltr'><strong>&#39;Chri-</strong></span> 
     </span>
     <span class='ocr_line' id='line_1_33' title="bbox 328 4218 2449 4312; baseline 0.002 -21"><span class='ocrx_word' id='word_1_217' title='bbox 328 4249 361 4291; x_wconf 83' lang='lat'><strong>»</strong></span> <span class='ocrx_word' id='word_1_218' title='bbox 428 4234 653 4312; x_wconf 85' lang='lat' dir='ltr'><strong>stum,</strong></span> <span class='ocrx_word' id='word_1_219' title='bbox 710 4246 929 4298; x_wconf 90' lang='lat' dir='ltr'><strong>unam</strong></span> <span class='ocrx_word' id='word_1_220' title='bbox 982 4220 1404 4311; x_wconf 83' lang='lat' dir='ltr'><strong>Ecclesiam,</strong></span> <span class='ocrx_word' id='word_1_221' title='bbox 1462 4235 1537 4297; x_wconf 87' lang='lat' dir='ltr'><strong>et</strong></span> <span class='ocrx_word' id='word_1_222' title='bbox 1590 4218 2002 4300; x_wconf 79' lang='lat' dir='ltr'><strong>cathedram</strong></span> <span class='ocrx_word' id='word_1_223' title='bbox 2057 4246 2268 4299; x_wconf 89' lang='lat' dir='ltr'><strong>unam</strong></span> <span class='ocrx_word' id='word_1_224' title='bbox 2325 4246 2449 4296; x_wconf 84' lang='lat' dir='ltr'><strong>su-</strong></span> 
     </span>
    </p>
   </div>
  </div>
 </body>
</html>
