3317 5267
872 587 1091 667 Plane
1140 606 1299 663 non·
1335 582 1769 673 dubitamus,
1801 577 2251 659 venerabiles
2303 576 2614 673 Fratres,
2669 582 2840 682 quin
2877 602 3014 681 pro

867 716 1243 804 perspecta
1295 714 1535 780 vestra
1585 705 1879 801 pietate,
1935 727 2020 778 ae
2069 702 2406 800 singulari
2455 724 2624 799 erga
2671 700 2872 791 Nos,
2925 714 3008 775 et

870 824 1055 899 hene
1104 822 1298 911 Petri
1336 819 1768 897 cathedram
1805 817 2256 897 observantia
2305 820 2582 896 Nostris
2610 820 2802 895 hisee
2853 842 3011 897 mo-

869 941 1040 1015 nitis
1090 961 1309 1038 quam
1337 932 1812 1014 libentissime
1843 960 1925 1015 eo
1953 938 2490 1013 studiosissime·
2507 922 2802 1035 obsequi
2839 938 3014 1013 veli-

870 1056 989 1129 tis.
1036 1053 1663 1131 Per-suasissimum
1692 1067 1936 1130 autem
1967 1052 2184 1129 Vobis
2219 1054 2346 1141 sit,
2379 1054 2554 1128 nihil
2589 1053 2807 1129 Nobis
2839 1078 3010 1151 gra-

872 1176 1053 1263 tius,
1072 1174 1248 1249 nihil
1272 1175 1585 1272 optatius
1636 1196 1954 1272 unquam
1991 1174 2174 1262 fore,
2194 1196 2416 1271 quam
2453 1195 2538 1246 ea
2571 1174 2814 1247 omnia
2837 1196 3012 1271 per-

865 1312 1113 1387 egere,
1142 1310 1327 1389 quae
1354 1293 1433 1365 in
1478 1290 1828 1367 maiorem
1865 1301 2182 1367 vestram
2219 1312 2304 1363 ae
2337 1302 2745 1365 vestra-rum
2790 1289 3011 1366 Dioe-

872 1409 1141 1483 oesiam
1194 1408 1579 1481 utilitatem
1630 1408 1882 1483 eedere
1931 1430 2142 1505 posse
2193 1408 2624 1482 noverimus.
2711 1407 3008 1482 Interim

872 1545 1041 1599 vero
1092 1522 1283 1597 haud
1312 1522 1716 1597 omittimus
1761 1525 1836 1595 in
1859 1522 2264 1597 bumilitate
2317 1523 2550 1599 cordis
2613 1522 2854 1599 Nostri
2887 1544 3010 1597 as-

870 1641 1109 1715 siduas
1136 1692 1161 1727 ‚
1212 1639 1668 1737 fervidasque
1733 1639 1884 1715 Deo
1933 1640 2226 1735 Optimo
2277 1639 2589 1715 Maximo
2669 1638 3012 1715 adhibere

872 1783 1145 1856 preceS,
1201 1772 1283 1835 ut
1334 1760 1407 1832 in
1460 1759 1893 1833 abundantia
1927 1759 2208 1833 divinae
2261 1782 2434 1833 suae
2489 1760 2756 1857 gratiae
2787 1758 3008 1835 Vobis

874 1903 1159 1977 semper
1207 1881 1557 1978 propitius
1608 1882 1794 1957 adsit
1821 1934 1846 1969 ‚
1899 1903 2043 1978 quo
2093 1881 2404 1978 pergatis
2453 1881 2858 1969 unanimes,
2933 1890 3012 1955 et

872 2000 1181 2096 idipsum
1254 1999 1643 2085 sentientes
1694 2011 1884 2073 stare
1935 1999 2009 2073 in
2057 2022 2204 2077 uno
2255 1998 2510 2095 spiritu
2537 2050 2561 2088 ,
2615 2011 2693 2073 et
2753 2008 3006 2073 ‹msto-

871 2120 1023 2195 dire
1084 2117 1487 2214 depositum
1527 2170 1550 2205 ‚
1604 2127 1682 2191 et
1731 2117 1924 2214 loqui
1974 2140 2159 2216 quae
2207 2116 2464 2191 decent
2540 2136 2794 2191 sanam
2857 2116 3006 2190 do-

874 2238 1177 2313 ctrinam
1206 2288 1229 2325 ‚
1294 2248 1371 2313 et
1420 2248 1692 2311 certare
1741 2234 2007 2311 bonum
2057 2245 2420 2309 certamen
2497 2232 2684 2307 fidei.
2770 2230 3008 2330 Atque

874 2354 1163 2448 superni
1214 2353 1425 2429 huius
1458 2354 1790 2450 praesidii
1817 2352 2182 2448 auspicem
2218 2361 2296 2425 et
2327 2350 2807 2425 certissimum
2845 2359 3012 2424 stu-

872 2470 1315 2545 diosissimae
1385 2470 1686 2545 Nostrae
1735 2471 1810 2543 in
1863 2466 2008 2544 Vos
2045 2466 2432 2543 voluntatis
2484 2467 2740 2566 pignus
2807 2466 3008 2565 Apo-

878 2587 1203 2665 stolicam
1229 2585 1806 2663 Benedictionem
1847 2587 2062 2664 Vobis
2100 2590 2298 2684 ipsis,
2339 2586 2794 2663 venerabiles
2831 2584 3012 2659 Fra-

876 2724 1052 2798 tres,
1080 2721 1157 2782 et
1180 2708 1507 2806 gregibus
1532 2732 1748 2785 curae
1773 2719 2052 2785 vestrae
2087 2708 2487 2785 commissis
2515 2706 3012 2781 amantissime

872 2826 1369 2924 impertimur..

1042 2940 1305 3017 Datum
1342 2941 1613 3018 Romae
1663 2944 1850 3042 apud
1903 2944 1978 3018 S.
2033 2942 2330 3018 Petrum
2379 2942 2494 3017 die
2530 2947 2656 3017 25.
2697 2939 3002 3041 Augusti

878 3061 1083 3139 Anno
1151 3065 1240 3135 18
1254 3064 1375 3133 59.

1030 3181 1493 3259 Pontificatus
1545 3180 1782 3257 Nostri
1839 3181 2038 3259 Anno
2089 3180 2644 3280 Decimoquarto

1753 3406 1957 3483 Plvs
2009 3405 2148 3481 ΡΡ.
2206 3405 2328 3479 IX.

1044 3624 1121 3691 N.
1162 3624 1233 3689 B.
1280 3624 1445 3689 Haeo
1484 3622 1694 3689 eadem
1722 3621 1990 3706 Epistola
2027 3623 2254 3705 scripta
2297 3621 2406 3687 fuit
2447 3621 2522 3687 ad
2550 3620 2834 3687 Basiliam
2861 3622 3000 3707 Epi-

880 3734 1125 3800 scopum
1192 3716 1411 3799 Magno
1452 3714 1917 3782 Varadinensem
1945 3768 1966 3795 ,
2010 3716 2086 3781 ad
2170 3714 2567 3781 Alexandrum
2635 3714 3000 3799 Episcopum

880 3808 1328 3893 Lugosiensem,
1386 3816 1449 3874 et
1507 3808 1584 3875 ad
1627 3808 1910 3875 loannem
1969 3808 2328 3893 Episcopum
2377 3810 2994 3893 Armenopolitanum.

879 3904 1443 3989 graecocatholicos.
