3317 5267
912 498 1058 571 354
1986 492 2041 507 P

913 614 1068 697 das,
1121 624 1330 688 cauto
1365 616 1773 711 ceteroquin
1832 625 1915 687 ut
1966 612 2025 685 si
2066 611 2607 685 constituendae
2632 608 3043 685 cathedrali

914 730 1270 805 Ecclesiae
1323 731 1721 805 animarum
1774 754 1945 805 cura
1994 731 2267 804 adnexa
2304 728 2545 814 fuerit,
2584 752 2662 801 ea
2706 728 3045 803 habitua-

915 850 1001 922 lis
1055 872 1272 945 penes
1309 846 1713 945 Capitulum
1752 850 2083 935 resideat,
2125 848 2417 921 actualis
2470 870 2637 920 vero
2666 871 2792 943 per
2819 846 3047 921 Paro-

915 968 1130 1043 chum
1167 970 1301 1042 rite
1337 970 1667 1065 deinceps
1722 969 1815 1042 ab
1852 968 2209 1064 Episcopo
2262 968 2773 1040 instituendum
2826 991 3043 1041 exer-

915 1096 1158 1159 ceatur
1185 1136 1206 1173 ,
1263 1086 1468 1182 eique
1510 1086 1570 1158 si
1625 1096 1701 1158 et
1752 1085 2034 1181 quando
2088 1084 2377 1181 ipsimet
2430 1085 2747 1157 Antistiti
2802 1084 3038 1157 visum

916 1201 1126 1275 fuerit
1197 1213 1522 1298 oportere
1557 1254 1578 1289 ,
1649 1202 1828 1275 alter
1888 1202 1999 1273 vel
2053 1200 2287 1296 plures
2340 1200 2573 1274 idonei
2626 1198 3033 1296 Presbyteri

915 1320 1238 1415 congruis
1289 1319 1744 1416 pensionibus
1796 1320 2294 1393 remunerandi
2346 1330 2799 1413 coaptentur.

1066 1436 1194 1511 Cui
1246 1439 1534 1535 quidem
1587 1437 1828 1512 futuro
1864 1437 2215 1535 Capitulo,
2256 1449 2337 1512 ut
2374 1460 2623 1512 omnes
2675 1452 2751 1511 et
2776 1438 3037 1535 singuli

918 1550 1314 1651 Dignitarii,
1355 1565 1429 1628 et
1463 1554 1797 1630 Canonici
1850 1578 1983 1629 nec
2034 1578 2173 1629 non
2228 1557 2617 1652 cappellani
2670 1580 2797 1629 seu
2822 1579 3043 1629 man-

919 1673 1203 1747 sionarii
1241 1685 1389 1745 tam
1439 1674 1514 1745 in
1565 1674 1755 1747 dicta
1794 1672 2200 1747 Cathedrali
2237 1672 2553 1747 Ecclesia
2588 1696 2799 1771 quam
2828 1688 3035 1747 extra

915 1814 1074 1867 eam
1129 1788 1604 1889 (dioecesanos
1655 1805 1895 1871 tamen
1936 1792 2117 1864 intra
2171 1790 2459 1889 limites)
2497 1794 2775 1889 quoties
2838 1793 3035 1888 capi·-

916 1910 1234 1983 tulariter
1267 1904 2209 1997 convenerint‚'indumenta
2244 1920 2319 1982 et
2352 1910 2657 2006 insignia
2692 1909 3025 1997 cherane,

915 2027 1171 2125 quibus
1227 2027 1644 2101 viciniorum
1699 2026 2222 2101 Cathedralium
2278 2024 2651 2123 Dignitarii
2685 2038 2761 2098 et
2798 2024 3037 2100 Cano-

913 2144 1050 2217 nici
1104 2168 1186 2215 ac
1233 2143 1618 2239 cappellani
1653 2168 1785 2219 seu
1820 2144 2273 2217 mansionarii
2308 2144 2703 2239 respective
2732 2154 3031 2215 utuntur

917 2261 1028 2357 (iis
1081 2262 1454 2333 dumtaxat
1506 2264 1823 2356 exceptis
1860 2284 2039 2357 quae
2078 2260 2313 2333 forsan
2352 2259 2687 2356 peculiari
2742 2282 2829 2331 ex
2882 2258 3033 2353 pri-

920 2380 1173 2477 vilegio
1222 2380 1331 2453 vel
1385 2404 1683 2455 oneroso
1736 2382 1944 2455 titulo
1998 2382 2357 2477 impertita
2408 2376 2721 2477 fuerunt)
2810 2378 3030 2451 libere

913 2511 990 2573 et
1039 2499 1226 2571 licite
1285 2512 1561 2593 gestare
1613 2522 1695 2573 ac
1748 2500 2079 2573 adhibere
2137 2500 2417 2573 valeant
2468 2498 2679 2573 simili
2708 2498 3029 2594 Aposto—

910 2616 1040 2689 lica
1075 2618 1495 2690 auctoritate
1524 2628 1870 2712 perpetuo
1904 2640 2187 2714 quoque
2226 2618 2711 2703 concedimuS‚
2744 2614 3029 2688 eidem-

911 2756 1050 2832 que
1078 2730 1432 2830 Capitulo‚
1457 2733 1576 2807 ubi
1604 2734 1817 2809 fuerit
1852 2737 2036 2809 sicut
2075 2736 2377 2833 desuper
2402 2737 2895 2821 constitutum,
2934 2757 3027 2806 ex

911 2872 1100 2925 nunc
1152 2851 1432 2923 veniam
1485 2864 1560 2923 et
1612 2849 2022 2925 facultatem
2058 2852 2435 2927 tribuimus
2471 2863 2545 2925 et
2578 2852 3029 2946 impertimur

909 2966 1320 3043 conficiendi
1355 2965 1488 3039 sibi
1525 2967 1937 3063 capitularia
1964 2981 2261 3056 statuta,
2290 2968 2763 3043 ordinationes
2792 2981 2865 3039 et
2898 2968 3027 3039 de·

914 3100 1110 3161 creta
1145 3086 1364 3159 sacris
1399 3108 1612 3181 porro
1648 3086 2065 3173 canonibus,
2121 3087 2539 3183 Apostolicis
2575 3086 3031 3161 constitutio-

913 3201 1124 3276 nibus
1173 3214 1251 3274 et
1304 3200 1755 3277 Tridentinae
1804 3206 2224 3299 praesertim
2276 3204 2525 3300 synodi
2572 3202 3023 3299 praescriptis

907 3320 1202 3393 minime
1257 3320 1728 3407 adversantia,
1784 3322 1905 3393 sed
1960 3344 2248 3416 prorsus
2292 3332 2790 3406 consentanea,
2844 3342 3027 3415 quae

913 3436 1170 3512 Portus
1223 3437 1421 3512 Pacis
1475 3436 1823 3513 Praesulis
1855 3439 2114 3533 judicio
2150 3442 2512 3517 subdenda
2545 3445 2713 3530 sint,
2754 3456 2829 3516 et
2856 3464 3027 3516 non-

907 3556 1040 3629 nisi
1093 3565 1258 3651 post
1319 3556 1472 3648 ejus
1535 3556 2115 3652 approbationem
2178 3559 2577 3633 roboratam
2640 3561 2813 3656 legis
2876 3561 3023 3633 vim

907 3674 1231 3748 obtinere
1282 3674 1586 3745 valeant.

1061 3789 1296 3888 Atque
1345 3804 1425 3864 ut
1477 3792 1699 3887 ipsius
1754 3792 2057 3890 Capituli
2112 3797 2473 3894 totiusque
2526 3796 2781 3870 Portus
2820 3794 3021 3868 Pacis

905 3906 1258 3983 Dioeeesis
1307 3906 1749 4003 praebendae
1800 3908 2004 3984 bonis
2056 3935 2339 4008 semper
2376 3912 2781 4009 idoneisque
2818 3934 3025 3984 com-

903 4026 1094 4100 mitti
1143 4037 1408 4122 queant
1459 4025 1967 4100 Ecclesiasticis
2032 4028 2222 4115 viri‘s,
2282 4032 2402 4125 qui
2464 4044 2833 4103 strenuam
2886 4052 3017 4123 pro

905 4166 1264 4219 sacr-amm
1317 4166 1554 4219 rerum
1607 4147 1973 4233 exercitio,
2028 4159 2102 4223 et
2155 4149 2551 4223 uberiorem
2590 4174 2719 4246 pro
2746 4151 3023 4222 anima-

908 4284 1070 4337 rum
1121 4263 1346 4339 salute
1398 4286 1689 4363 operam
1728 4288 1991 4341 navare
2040 4278 2391 4364 satagant,
2434 4269 2597 4342 hinc
2651 4271 2801 4366 pari
2842 4268 3025 4365 Apo-
