3317 5267
2246 509 2385 580 461

448 623 846 721 Antequam
915 646 1080 696 vero
1148 622 1425 697 dicendi
1497 620 1712 698 finem
1786 623 2125 706 faciamus
2199 620 2413 698 Nobis

295 751 694 836 temperare
745 763 886 814 non
939 761 1344 836 possumus,
1400 737 1573 835 quin
1625 740 1885 812 iterum
1939 751 2286 813 testemur
2338 751 2415 813 et

296 857 820 945 confirmemus,
901 877 1180 930 summa
1251 853 1396 930 Nos
1473 855 1580 928 uti
1651 855 2154 943 consolatione,
2242 857 2415 931 dum

291 977 795 1052 iucundissimo
858 974 1188 1049 Vestrum
1253 975 1572 1048 omnium
1633 988 2017 1071 conspectu
2088 974 2411 1064 fruimur,

293 1095 742 1172 Venerabiles
795 1095 1103 1181 Fratres,
1159 1096 1278 1192 qui
1335 1107 1536 1168 tanta
1588 1094 1751 1182 fide,
1826 1095 2089 1190 pietate
2148 1107 2223 1168 et
2286 1091 2420 1168 ob—

292 1214 646 1288 servantia
699 1211 916 1287 Nobis
965 1225 1039 1286 et
1089 1211 1256 1285 huic
1281 1209 1472 1284 Petri
1503 1209 1897 1286 Cathedrae
1944 1201 2261 1286 firmiter'
2290 1211 2425 1286 ob-

293 1331 548 1416 stricti,
603 1353 685 1404 ac
737 1329 1212 1403 ministerium
1271 1327 1606 1404 Vestrum
1659 1307 2045 1425 implentes
2082 1327 2423 1402 maiorem

298 1446 426 1522 Dei
477 1448 796 1546 gloriam,
853 1459 930 1521 et
981 1449 1378 1522 animarum
1415 1447 1719 1522 salutem
1758 1447 1953 1523 omni
1988 1447 2225 1523 studio
2252 1469 2423 1544 pro-

296 1547 540 1639 curare
593 1565 1021 1662 gloriamini,
1077 1567 1342 1662 quique
1393 1564 1961 1639 concordissimis
1996 1563 2279 1652 animis,
2310 1575 2429 1638 at-

299 1705 436 1779 que
489 1681 882 1756 admirabili
943 1705 1114 1756 sane
1177 1705 1344 1756 cura
1403 1693 1482 1756 et
1541 1703 1781 1757 amore
1842 1703 1983 1755 una
2044 1703 2207 1754 cum
2272 1679 2427 1754 aliis

302 1802 836 1878 Venerabilibus
891 1801 1251 1878 Fratribus
1317 1805 1538 1878 totius
1596 1803 1923 1878 catholici
1986 1802 2177 1878 orbis
2238 1801 2427 1898 Epi-

301 1921 534 2015 scopis
595 1931 672 1994 et
739 1919 1058 1994 fidelibus
1120 1918 1420 1994 Vestrae
1481 1933 1556 1994 et
1609 1919 1887 1994 illorum
1958 1941 2167 1994 curae
2228 1943 2429 1996 com-

299 2036 537 2110 missis
589 2037 1046 2134 gravissimas
1099 2037 1400 2113 Nostras
1453 2037 1815 2132 angustias
1874 2042 1982 2110 et‘
2011 2035 2431 2112 acerbitates

309 2154 538 2228 modis
597 2153 928 2228 omnibus
990 2153 1210 2229 lenire
1281 2166 1357 2228 et
1426 2154 1797 2228 sublevare
1870 2176 2009 2229 non
2080 2153 2425 2229 desinitis.

305 2268 644 2360 Quocirca
719 2271 852 2346 hac
925 2273 1140 2345 etiam
1217 2271 1584 2346 occasione
1653 2270 2122 2344 amantissimi
2208 2293 2435 2369 aeque

306 2411 388 2462 ac
437 2390 824 2486 gratissimi
875 2391 1096 2464 animi
1152 2390 1394 2466 Nostri
1449 2413 1700 2464 sensus
1752 2413 1917 2488 erga
1952 2390 2123 2478 Vos,
2160 2401 2237 2464 et
2258 2390 2433 2466 alios

309 2527 555 2581 omnes
611 2505 1063 2583 Venerabiles
1119 2507 1430 2598 Fratres,
1488 2521 1562 2582 et
1613 2509 1805 2605 ipsos
1848 2507 2088 2582 fideles
2140 2509 2437 2606 amplis-

310 2625 510 2699 simis
562 2625 796 2701 verbis
849 2627 1082 2724 palam
1138 2626 1553 2725 publiceque
1608 2627 2046 2724 profitemur.
2108 2627 2164 2700 A
2219 2627 2437 2702 Vobis

309 2752 548 2817 autem
623 2747 1102 2842 exposcimus,
1180 2761 1264 2820 ut
1333 2771 1496 2821 cum
1569 2747 1656 2820 ad
1733 2745 2022 2821 Vestras
2092 2745 2437 2822 redieritis

313 2857 686 2936 Dioeceses
741 2863 977 2937 velitis
1031 2865 1296 2938 eisdem
1349 2862 1671 2938 fidelibus
1707 2861 1999 2937 Vestrae
2038 2863 2440 2959 vigilantiae

311 2979 730 3055 concreditis
779 2981 912 3057 hos
969 2983 1190 3055 animi
1242 2981 1476 3057 Nostri
1529 3003 1782 3055 sensus
1833 2981 2091 3056 Nostro
2151 2983 2439 3056 nomine

313 3097 662 3186 nuntiare,
717 3098 1020 3196 illosque
1075 3099 1414 3174 certiores
1466 3097 1697 3172 facere
1731 3099 1819 3171 dc
1854 3109 2148 3194 paterna
2182 3097 2437 3173 Nostra

323 3219 396 3290 in
467 3218 622 3296 illos
687 3221 986 3294 caritate
1017 3273 1037 3309 ,
1110 3219 1339 3317 deque
1413 3217 1813 3316 Apostolica
1884 3217 2381 3294 Benedictione
2411 3273 2432 3306 ,

327 3358 542 3434 quam
606 3361 694 3413 ex
757 3340 1009 3415 intimo
1071 3339 1276 3413 corde
1339 3336 1756 3435 profectam,
1831 3349 1905 3410 et
1970 3359 2131 3411 cum
2206 3339 2437 3412 omnis

325 3478 534 3531 verae
581 3455 936 3532 felicitatis
991 3473 1155 3534 voto
1201 3459 1650 3534 coniunctam
1709 3454 1925 3531 Vobis
1960 3455 2155 3552 ipsiS,
2202 3454 2437 3530 Vene-

321 3573 576 3651 rabiles
629 3575 934 3665 FratreS,
987 3591 1063 3653 et
1113 3579 1379 3654 eisdem
1429 3577 1749 3652 fidelibus
1801 3575 2163 3673 impertire
2218 3573 2439 3648 vehe-

329 3706 608 3769 menter
654 3693 1022 3770 laetamur.
