3317 5267
2281 437 2418 510 371

286 562 382 637 ad
436 548 907 657 cappellanias
943 564 1019 628 et
1064 551 1595 638 mansionariae,
1643 550 2230 648 quandocumque
2263 551 2434 625 inibi

294 678 559 751 fuerint
612 676 1002 761 institutae,
1056 695 1187 745 nec
1222 695 1365 746 non
1392 693 1397 697 ⁴
1424 672 1513 745 ad
1568 667 1996 744 paroeciales
2033 690 2160 764 per
2202 677 2429 743 totam

296 794 895 871 Gonaivesensem
933 791 1329 867 Dioecesim
1371 787 1792 865 obtinendas
1829 799 1906 860 et
1944 786 2424 883 possidendas,

298 914 732 1011 proindeque
786 914 873 987 ad
928 910 1371 987 Parochiales
1406 928 1690 1005 quoque
1728 907 2024 981 vicarias
2061 928 2187 979 seu
2215 905 2431 979 coad-

287 1032 589 1129 jutorias
654 1032 950 1108 forsitan
1004 1030 1541 1116 adsciscendas,
1589 1037 1798 1101 cauto
1863 1024 2295 1121 ceteroquin,
2345 1035 2430 1098 ut

296 1149 357 1221 si
407 1151 947 1225 constituendae
999 1146 1405 1223 Cathedrali
1440 1143 1804 1219 Ecclesiae
1841 1143 2232 1217 animarum
2261 1165 2428 1216 cura

298 1266 571 1341 adnexa
598 1267 839 1355 fuerit,
870 1290 955 1341 ea
990 1266 1369 1342 habitualis
1399 1288 1617 1361 penes
1647 1260 2054 1358 Capitulum
2096 1262 2426 1369 resideat,

296 1385 591 1459 actualis
646 1408 813 1459 vero
866 1406 995 1480 per
1049 1384 1447 1459 Parochum
1498 1382 1633 1455 rite
1695 1379 2027 1475 deinceps
2087 1377 2178 1451 ab
2240 1376 2429 1473 Epi-

298 1524 513 1599 scopo
564 1502 1085 1577 instituendum
1140 1510 1585 1586 exerceatur,
1646 1498 1850 1595 eique
1903 1497 1964 1571 si
2019 1507 2093 1572 et
2133 1496 2424 1593 quando

296 1622 585 1717 ipsimet
639 1622 959 1697 Antistiti
1003 1622 1235 1696 visum
1275 1619 1488 1693 fuerit
1522 1628 1876 1715 oportere,
1904 1614 2086 1691 alter
2121 1616 2232 1691 vel
2260 1616 2426 1712 plu-

294 1760 408 1813 res
460 1740 691 1815 idonei
744 1737 1146 1836 Presbyteri
1192 1736 1523 1833 congruis
1575 1733 2033 1832 pensionibus
2085 1756 2423 1809 remune-

298 1856 497 1930 randi
550 1866 999 1951 cooptentur.

457 1971 585 2047 Cui
637 1973 919 2071 quidem
970 1971 1217 2049 futuro
1274 1968 1603 2068 Capitulo
1642 1981 1726 2045 ut
1764 1994 2011 2047 omnes
2049 1982 2124 2045 et
2157 1968 2412 2066 singuli

294 2090 665 2187 Dignitarii
698 2103 773 2167 et
812 2090 1173 2180 Canonici,
1216 2114 1349 2165 nec
1408 2113 1553 2166 non
1600 2087 2006 2187 Cappellani
2042 2113 2170 2165 seu
2205 2086 2406 2163 Man-

294 2212 579 2285 sionarii
631 2223 781 2285 tam
818 2212 893 2285 in
928 2212 1119 2287 dicta
1156 2210 1543 2285 cathedrali
1576 2208 1917 2294 Ecclesia,
1957 2230 2172 2305 quam
2207 2217 2416 2281 extra

296 2350 457 2402 eam
512 2326 1035 2426 (Dioecesanos
1087 2340 1333 2401 tamen
1384 2328 1573 2401 intra
1622 2324 1936 2421 limites)
1992 2326 2270 2423 quoties
2307 2348 2418 2399 ca·-

296 2445 471 2542 pitul
483 2447 701 2521 ariter
750 2448 1215 2523 convenerint
1268 2446 1681 2521 indumenta
1718 2456 1792 2519 et
1827 2446 2124 2543 insignia
2159 2443 2416 2519 chora-

298 2562 389 2635 lia
429 2613 450 2650 ,
514 2562 769 2659 quibus
814 2563 1241 2637 viciniorum
1318 2559 1840 2635 Cathedralium
1917 2558 2288 2658 Dignitarii
2339 2570 2416 2633 et

298 2680 657 2772 Canonici,
714 2706 797 2757 ac
851 2681 1281 2779 Cappellani,
1337 2706 1465 2757 seu
1516 2680 1967 2757 Mansionarii
2017 2682 2414 2779 respective

298 2810 595 2873 utuntur
654 2796 771 2897 (iis
820 2800 1201 2874 dumtaxat
1282 2798 1597 2894 exceptis
1648 2820 1826 2894 quae
1879 2796 2114 2873 forsa-n
2181 2822 2415 2895 pecu-

296 2916 452 2989 liari
502 2938 593 2989 ex
644 2914 1016 3013 privilegio
1068 2915 1181 2989 vel
1232 2936 1531 2989 oneroso
1567 2913 1778 2987 titulo
1829 2914 2192 3009 impertita
2243 2915 2418 2988 fue—

300 3028 471 3129 rint)
534 3030 749 3105 libere
810 3043 885 3104 et
954 3031 1146 3103 licite
1216 3039 1493 3125 gestare
1570 3050 1651 3101 ac
1721 3028 2056 3102 adhibere
2127 3028 2413 3104 valeant

300 3148 513 3221 simili
542 3144 941 3245 Apostolica
994 3146 1423 3221 auctoritate
1458 3156 1802 3241 perpetuo
1837 3166 2120 3242 quoque
2157 3168 2416 3222 conce-

300 3266 561 3351 dimus,
616 3264 987 3359 eidemque
1031 3261 1381 3359 Capitulo‚
1437 3264 1559 3336 ubi
1610 3260 1823 3336 fuerit
1875 3262 2080 3337 sicuti
2109 3264 2414 3361 desuper

299 3384 800 3469 constitutmn,
831 3404 920 3455 ex
962 3404 1167 3455 nunc
1219 3382 1499 3455 veniam
1556 3392 1629 3455 et
1682 3378 2092 3455 facultatem
2149 3382 2416 3457 tribui-

300 3522 463 3575 mus
514 3512 589 3573 et
638 3500 1089 3594 impertimur
1139 3498 1547 3573 conficiendi
1600 3498 1734 3572 sibi
1787 3499 2200 3595 capitularia
2263 3514 2416 3575 sta-

301 3630 480 3707 tuta,
538 3618 1007 3692 ordinationes
1042 3629 1117 3691 et
1150 3619 1433 3691 decreta
1482 3618 1696 3691 sacris
1731 3642 1940 3715 porro
1977 3616 2405 3709 CanonibuS,

304 3734 723 3833 Apostolicis
776 3737 1399 3812 constitutionibus
1451 3746 1525 3811 et
1563 3736 1956 3812 Tridentini
1996 3741 2416 3835 praesertim

302 3852 593 3929 Concilii
642 3854 1093 3949 praescriptis
1146 3854 1439 3927 minime
1490 3855 1961 3942 adversantia,
2015 3855 2141 3929 sed
2191 3879 2409 3950 pror-

308 3994 429 4047 sus
480 3982 979 4060 consentanea,
1022 3994 1203 4069 quae
1241 3970 1778 4047 Gonaivesensis
1831 3970 2178 4046 Praesulis
2236 3972 2418 4067 judi-

162 4076 169 4083 ‘
300 4092 411 4166 cio
464 4089 826 4165 subdenda
864 4091 1036 4178 sint,
1076 4101 1152 4163 et
1202 4090 1482 4175 nonnisi
1532 4104 1698 4186 post
1748 4091 1900 4185 ejus
1951 4088 2414 4186 approbatio-

300 4235 465 4287 nem
523 4210 925 4287 roboratam
978 4212 1155 4308 legis
1207 4212 1353 4285 vim
1409 4211 1729 4286 obtinere
1782 4211 2088 4285 valeant.
