3317 5267
882 431 1025 502 560

876 545 987 641 gis
1032 541 1293 638 vigeat,
1346 548 1421 615 et
1474 539 1894 627 efflorescat,
1945 552 2166 639 utque
2219 561 2302 614 en
2333 523 2582 616 'omnia
2615 563 3008 616 amovean-

881 673 1001 736 tur
1052 657 1271 745 mala,
1324 680 1407 732 ac
1458 657 1746 744 damna,
1799 657 2055 756 quibus
2107 657 2232 733 diu
2281 657 2352 732 in
2409 658 2544 733 illis
2603 659 3010 758 regionibus

880 777 1223 854 catholica
1256 777 1591 873 affligitur
1612 773 1956 851 Ecclesia.
1997 775 2610 851 clementissimus
2664 801 2834 853 vero
2867 780 3012 850 mi-

884 893 1429 970 sericordiarum
1478 890 1692 968 Pater
1724 944 1744 980 ,
1827 907 1902 968 et
1953 891 2146 968 Deus
2199 893 2422 968 totius
2507 894 3010 969 consolationis

884 1011 1233 1110 propitius
1285 1033 1597 1087 annuere
1648 1011 1978 1107 dignetur
2033 1010 2450 1086 humillimis
2487 1063 2510 1098 ,
2566 1033 2650 1086 ac
2717 1009 3010 1086 ferven-

878 1127 1175 1202 tissimis
1227 1124 1503 1202 Nostris
1592 1126 1947 1224 precibus,
2001 1149 2188 1225 quas
2239 1123 2370 1224 pro
2421 1125 2780 1202 Ecclesiae
2835 1147 3010 1202 sune

880 1255 1167 1321 sanctae
1222 1243 1481 1342 ubique
1534 1255 1884 1319 terrarum
1941 1242 2308 1340 triumpho
2361 1255 2440 1318 et
2489 1267 2694 1342 paee,
2743 1255 2822 1318 et
2883 1267 3014 1340 pm

850 1385 1047 1449 ¹vet-a
1097 1361 1421 1437 omnium
1470 1363 1898 1458 populorum
1951 1363 2424 1459 prosperitate
2475 1386 2558 1438 ac
2607 1361 3012 1460 tranquilli·-

876 1489 1025 1552 tate
1078 1479 1167 1552 ad
1220 1477 1463 1575 Ipsum
1518 1479 1702 1567 dies,
1757 1491 2148 1576 noctesque
2198 1477 2490 1554 fundere
2560 1503 2704 1554 non
2783 1481 3016 1554 inter-

878 1596 1261 1672 mittimus.

1036 1714 1267 1812 Atque
1318 1715 1453 1791 hac
1505 1717 1872 1792 occasione
1923 1737 2065 1790 non
2137 1713 2284 1788 levi
2333 1714 2554 1788 animi
2587 1713 2828 1790 Nosti-i
2859 1715 3016 1791 lae-

882 1833 1039 1905 titia
1092 1831 1309 1908 Vobis
1361 1835 1806 1921 nunciamus,
1864 1829 2318 1906 venerabiles
2399 1831 2714 1920 FratreS,
2769 1855 2812 1906 a
2863 1831 3016 1908 No·—

880 1951 991 2026 bis
1042 1973 1207 2028 cum
1261 1951 1649 2049 Republica
1703 1951 1948 2028 Sancti
2001 1950 2424 2040 Salvatoris,
2478 1953 2796 2048 itemque
2845 1975 3013 2027 cum

884 2067 1268 2166 Republica
1318 2069 1814 2164 Nicaraguensi
1877 2065 2406 2143 Conventiones
2481 2069 2704 2143 initas
2792 2069 3013 2145 fuisse

884 2187 974 2260 ad
1025 2209 1349 2262 normam
1386 2209 1631 2262 earum
1669 2183 2269 2274 conventionum,
2309 2197 2492 2284 quae
2527 2185 2618 2260 ab
2647 2185 2783 2262 bac
2823 2187 3014 2284 Apo-

884 2303 1127 2379 stolica
1181 2303 1363 2378 Sede
1412 2325 1577 2378 cum
1630 2303 1788 2378 aliis
1823 2300 2186 2378 Amet-icae
2237 2301 2588 2376 Genti-alis
2625 2302 3008 2379 Guberniis

884 2419 1111 2494 factae
1164 2419 1385 2500 fuere.
1442 2419 1649 2496 Hisce
1681 2418 2286 2498 conventionibus
2313 2421 2502 2496 inter
2549 2431 2790 2496 cetera
2825 2447 3012 2498 cau-

885 2549 1043 2614 tum
1095 2537 1167 2611 in
1217 2537 1463 2636 primis
1540 2537 1892 2613 voluimus
1923 2589 1949 2625 ,
2003 2561 2086 2613 ac
2169 2539 2550 2614 statuimus
2587 2589 2610 2626 ,
2689 2552 2774 2613 ut
2853 2555 3006 2614 tum

888 2656 963 2731 in
1050 2652 1441 2751 Republica
1518 2651 1760 2728 Sancti
1847 2653 2238 2730 salvatoris
2277 2705 2298 2742 ,
2383 2667 2540 2730 tum
2617 2657 2694 2728 in
2772 2656 3016 2754 Repu-

884 2771 1065 2848 blica
1141 2773 1571 2868 Nicaraguae
1648 2773 2094 2847 sanctissima
2159 2787 2402 2849 nostra
2454 2774 2696 2874 religio
2763 2777 3010 2850 domi-

882 2892 1065 2979 nari,
1100 2915 1185 2968 ac
1248 2892 1467 2968 veluti
1532 2891 1816 2988 propria
1866 2893 2234 2991 utriusque
2274 2893 2726 2992 Reipublicae
2767 2895 3010 2992 religio

888 3009 1183 3086 omnino
1232 3033 1389 3084 esse
1440 3007 1722 3084 debeat.
1779 3009 2148 3084 Sancitum
2201 3010 2417 3084 etiam
2469 3021 2586 3085 est
2613 3061 2636 3098 ,
2695 3015 2800 3085 ut·
2872 3033 3012 3085 ve-

886 3128 1197 3204 neranda
1246 3127 1629 3204 catholicae
1681 3125 2040 3201 Ecclesiae
2091 3128 2245 3200 iura
2299 3127 2572 3226 integra
2623 3141 2700 3202 et
2777 3129 3013 3202 invio-

881 3247 1027 3322 lata
1076 3257 1473 3334 serventur,
1528 3259 1613 3320 ut
1669 3243 2006 3343 Episcopi
2057 3247 2132 3318 in
2185 3247 2364 3322 sacri
2417 3247 2794 3321 ministerii
2851 3249 3016 3321 muss-

878 3383 1047 3436 nere
1100 3361 1423 3436 obeundo
1472 3361 1674 3436 liberi
1727 3362 2016 3438 omnino
2067 3363 2240 3448 sint,
2297 3375 2378 3437 ut
2429 3375 2802 3438 accumtae
2891 3366 3006 3438 iu-

866 3467 1105 3552 nioris
1142 3466 1557 3561 praesertim
1596 3463 1778 3540 Cleri
1825 3467 2219 3542 educationi
2257 3467 2804 3562 diligentissime
2839 3491 3016 3542 con-

884 3582 1181 3670 sulatur,
1236 3594 1311 3658 et
1362 3584 1754 3663 seminaria
1801 3584 2289 3672 instituantur,
2351 3593 2430 3658 et
2489 3605 2799 3681 congrua
2878 3585 3016 3660 Sa-

884 3699 1024 3773 cris
1058 3699 1401 3776 Ministris
1434 3702 1563 3778 dos
1598 3699 2054 3788 attribuatur,
2095 3711 2178 3776 ut
2225 3701 2402 3776 aliae
2441 3699 2842 3799 Religiosae
2875 3699 3018 3776 Fa-

884 3815 1123 3888 miliae
1176 3814 1273 3890 ibi
1326 3839 1485 3892 esso
1535 3817 1838 3914 possint,
1893 3826 2174 3914 praeter
2223 3815 2404 3906 illas,
2459 3841 2642 3916 quae
2695 3818 2769 3891 in
2803 3841 3018 3915 prse-

887 3933 1119 4014 sentia
1171 3933 1519 4022 existunt,
1557 3947 1780 4032 utque
1815 3935 2185 4033 utriusque
2224 3933 2680 4034 Reipublicae
2713 3934 3020 4035 Episco—

886 4051 987 4149 pi,
1042 4074 1431 4148 omnesque
1480 4051 1721 4126 fideles
1774 4075 1938 4128 cum
1966 4054 2098 4128 hac
2137 4051 2540 4151 Apostolica
2576 4053 2758 4129 Sede
2795 4052 3018 4128 libere

890 4171 1413 4244 communicare
1466 4163 1754 4269 queantss
1786 4170 2304 4261 Mandavimus,
2361 4184 2444 4246 ut
2491 4171 2644 4246 hae.
2682 4167 3018 4244 Conven-

890 4287 1125 4366 tiones
1176 4289 1315 4364 iam
1372 4312 1413 4362 a
1462 4285 1708 4378 Nobis,
1763 4301 1840 4365 et
1891 4288 1980 4366 ab
2015 4291 2384 4392 utriusque
2419 4300 3021 4374 commemoratae
