3317 5267
883 407 1026 479 302

879 496 990 597 vis
1020 520 1318 617 juridico
1345 530 1422 592 et
1457 518 1933 605 substantiali,
1972 517 2189 591 etiam
2226 540 2319 591 ex
2354 540 2440 593 eo
2466 520 2655 619 quod
2682 524 3019 621 quicum-

883 665 1024 744 que
1077 641 1148 713 in
1201 639 1604 736 praemissis
1655 638 1989 714 omnibus
2022 647 2100 711 et
2132 637 2428 735 singulis
2472 642 3023 739 quomodolibet

881 764 1226 837 interesse
1259 762 1604 835 habentes
1632 761 1743 835 vel
1771 758 2031 835 habere
2058 771 2393 856 putantes
2422 773 2498 837 et
2532 766 3021 859 praetenden-

885 890 998 955 tes
1047 881 1554 977 cujuscumque
1592 878 1981 975 qualitatis,
2020 878 2304 974 gradus,
2344 888 2605 968 status,
2654 882 3019 957 conditio-

887 996 1024 1082 niS,
1057 1006 1132 1067 et
1155 996 1517 1091 dignitatis
1545 995 1884 1081 existant,
1915 994 2005 1067 ad
2034 994 2101 1067 id
2130 994 2389 1082 vocati,
2418 994 2646 1082 citati,
2676 1006 2753 1068 et
2786 996 3019 1069 auditi

886 1135 1028 1197 non
1057 1111 1344 1197 fuerint,
1373 1132 1456 1185 ae
1493 1110 1742 1183 iisdem
1778 1110 2271 1207 praesentibus
2306 1132 2447 1185 non
2482 1111 3011 1197 consenserint,

889 1254 972 1305 ae
1021 1253 1299 1318 causae,
1355 1244 1644 1326 propter
1676 1252 1855 1327 quas
1891 1231 2277 1325 praemissa
2314 1229 2551 1304 omnia
2606 1240 2680 1303 et
2732 1229 3019 1327 singula

885 1350 1399 1435 emanaverint,
1453 1348 1749 1423 minime
1804 1346 1917 1420 vel
1970 1351 2208 1421 minus
2258 1348 2685 1423 sufficienter
2735 1348 3023 1421 exami-

891 1478 1101 1539 natae
1125 1464 1416 1551 fuerint,
1439 1477 1514 1539 et
1537 1488 1630 1539 ex
1656 1486 2103 1562 quacumque
2128 1464 2265 1537 alia
2286 1488 2499 1541 eausa
2524 1466 3019 1562 quamtumvis

889 1584 1231 1679 legitima,
1269 1583 1412 1679 pia,
1451 1582 1919 1679 privilegiata,
1958 1605 2041 1656 ae
2076 1582 2363 1679 speciali
2388 1584 2601 1658 modo
2626 1583 2839 1681 digna
2874 1584 3021 1655 im·-

887 1700 1210 1798 pugnari,
1263 1698 1631 1785 retardari,
1662 1698 2055 1785 invalidari,
2086 1698 2403 1797 infringi,
2432 1712 2557 1778 aut
2590 1700 2853 1775 irritari
2884 1723 3019 1775 seu

883 1820 972 1893 ad
1023 1818 1215 1890 viam
1269 1827 1344 1891 et
1393 1817 1739 1891 terminos
1788 1814 1965 1910 juris
2022 1816 2287 1903 reduci,
2344 1838 2428 1892 ae
2464 1818 2806 1892 adversus
2860 1816 3019 1891 illas

881 1936 1024 2010 oris
1057 1933 1551 2031 aperitionem,
1583 1942 1709 2005 aut
1738 1931 1924 2005 aliud
1961 1932 2455 2029 quodcumque
2486 1934 2662 2030 juris
2692 1932 2807 2007 vel
2842 1930 3015 2007 faeti

885 2054 1536 2139 remedium,etiam
1565 2074 1656 2125 ex
1684 2052 1917 2149 eapite
1941 2049 2297 2139 laesionis,
2328 2052 2789 2149 'quantumvis
2816 2074 3017 2127 enor-

883 2174 1022 2246 mis
1047 2185 1122 2247 et
1151 2172 1716 2257 enormissimae,
1750 2170 1861 2243 vel
1890 2168 2401 2267 cujuscumque
2435 2169 2853 2267 praejudicii
2878 2170 3021 2243 im·-

883 2292 1173 2388 petrari,
1216 2313 1297 2363 ae
1331 2290 1550 2361 etiam
1605 2289 1929 2374 seientia,
1970 2300 2173 2361 motu
2218 2300 2295 2363 et
2346 2289 2725 2386 potestatis
2782 2288 3015 2385 pleni-

891 2410 1130 2483 tudine
1172 2406 1458 2503 paribus
1513 2429 1640 2502 per
1692 2427 2181 2503 quoscumque
2232 2408 2593 2483 Romanos
2639 2404 3019 2483 Pontifiees

885 2526 1468 2601 Praedeeessores
1533 2523 1829 2598 Nostros
1894 2526 2427 2621 quomodolibet
2484 2538 2733 2601 eontra
2796 2550 3019 2625 prae-

887 2643 1102 2715 missa
1139 2660 1557 2715 concessum
1595 2642 1971 2735 acceptari,
2012 2662 2095 2714 ae
2132 2641 2205 2715 in
2248 2640 2509 2737 judicio
2560 2654 2639 2717 et
2688 2654 2895 2717 extra
2944 2644 3020 2715 il-

885 2760 1006 2833 lud
1047 2758 1339 2855 alligari,
1371 2758 1646 2842 deduci,
1682 2768 1807 2829 aut
1842 2758 2013 2831 alias
2050 2758 2169 2834 illo
2206 2760 2873 2858 quomodocumque
2906 2760 3015 2835 uti

887 2900 1028 2954 non
1057 2902 1292 2975 posse,
1307 2878 1703 2975 quinimmo
1734 2878 1972 2954 omnia
1997 2890 2073 2951 et
2100 2880 2373 2975 singula
2403 2882 2797 2977 praemissa
2822 2902 3017 2955 sem-

889 3022 1020 3096 per
1043 3007 1118 3073 et
1143 3009 1484 3093 perpetuo
1513 2997 1741 3084 firma,
1772 2996 1999 3069 valida
2020 3007 2097 3069 et
2124 2997 2427 3072 efficacia
2452 2999 2791 3088 existere,
2821 3022 3015 3075 suos-

888 3139 1028 3212 que
1081 3114 1456 3211 plenarios,
1487 3126 1562 3186 et
1596 3116 1912 3211 integros
1948 3111 2241 3187 effeetus
2278 3116 2511 3189 sortiri
2550 3127 2623 3189 et
2659 3116 3013 3203 obtinere,

891 3232 1146 3328 illaque
1197 3230 1330 3307 sub
1382 3231 1949 3327 quibuscumque
2000 3226 2345 3305 similium
2399 3232 2511 3305 vel
2572 3234 3017 3310 dissimilium

887 3351 1274 3445 gratiarum
1299 3372 1375 3421 re
1386 3348 1896 3434 vocationibus,
1922 3348 2531 3445 suspensionibus,
2561 3350 3009 3427 limitationi-

887 3466 1049 3554 buS,
1079 3466 1675 3563 derogationibus,
1708 3476 1833 3543 aut
1856 3464 2011 3539 aliis
2033 3467 2405 3541 contrariis
2428 3466 3013 3564 dispositionibus

891 3586 1106 3661 etiam
1123 3585 1765 3671 Consistorialibus,
1796 3585 2089 3659 minime
2118 3586 2619 3683 comprehendi
2630 3609 2777 3661 nee
2810 3610 3012 3663 eom-

893 3705 1240 3799 prehensa
1289 3706 1527 3801 aliquo
1581 3706 1797 3779 modo
1848 3704 2149 3791 censeri,
2218 3706 2345 3779 sed
2396 3726 2681 3801 semper
2732 3705 2827 3779 ab
2876 3706 3011 3779 illis

891 3822 1148 3917 excipi,
1189 3834 1264 3894 et
1297 3824 1576 3919 quoties
1614 3822 1732 3894 illa
1768 3820 2227 3906 emanabant,
2280 3824 2493 3897 toties
2528 3824 2601 3895 in
2635 3823 3017 3919 pristinum

897 3948 974 4011 et
1003 3937 1509 4013 validissimum
1547 3948 1818 4013 statum
1858 3938 2213 4025 restituta,
2250 3938 2561 4035 reposita
2594 3950 2672 4013 et
2706 3938 3017 4035 plenarie

897 4054 1329 4151 reintegrata
1386 4077 1468 4128 ae
1501 4056 1588 4131 de
1623 4078 1811 4129 novo
1846 4055 2066 4127 etiam
2109 4054 2241 4128 sub
2278 4078 2723 4154 quacumque
2772 4067 3017 4154 poste-

895 4170 1060 4243 riori
1087 4172 1250 4245 data
1275 4173 1863 4268 quandocumque
1886 4171 2205 4267 eligenda
2230 4196 2563 4249 concessa
2586 4196 2743 4251 esse
2768 4187 2849 4249 et
2869 4174 3019 4251 fore
