3317 5267
896 472 1043 547 4¹8

892 586 974 659 In
1044 584 1381 684 praefatis
1450 594 1694 658 autem
1745 578 2036 657 Litteris
2088 580 2287 669 haee,
2354 602 2536 676 quae
2597 590 3030 678 sequuntur,

896 705 1128 804 quoad
1188 704 1551 800 religiosos
1614 700 1927 775 virorum
1993 696 2318 787 OrdineS,
2383 718 2466 770 aa
2529 696 2869 772 Instituta
2937 720 3036 771 ex

892 822 1151 899 Nostro
1204 845 1541 919 expresso
1594 820 1958 907 mandato,
2017 830 2092 891 et
2146 814 2551 915 Apostolioa
2601 816 3034 891 auctoritate

895 943 1165 1016 sancita
1216 939 1413 1015 fuere
1466 938 1734 1013 scilieet
1793 962 1826 1007 c<
1863 934 2172 1009 Peracta
2216 932 2632 1033 probatione
2697 946 2762 1005 et
2817 933 3036 1007 novi-

892 1061 1076 1133 tiatu
1130 1057 1225 1133 ad
1270 1056 1800 1158 praescriptum
1857 1052 1934 1130 S.
1997 1050 2307 1129 Consilii
2364 1051 2802 1141 Tridentini,
2847 1050 3038 1127 Con-

890 1178 1344 1253 stitutionum
1396 1173 1994 1277 Apostolicarum,
2049 1186 2116 1245 et
2167 1169 2612 1247 Statutorum
2663 1170 2944 1247 ordinis
2985 1196 3036 1246 α

892 1296 972 1373 S.
1030 1294 1210 1372 Sede
1262 1293 1843 1394 adprobatorum,
1901 1291 2156 1367 novitii
2210 1304 2369 1365 vota
2419 1290 2777 1391 simplicia
2813 1292 3038 1367 emit-

890 1426 1046 1487 tant
1117 1426 1495 1514 postquam
1561 1410 1999 1519 expleverint
2059 1422 2362 1482 aetatem
2423 1432 2786 1483 annorum
2845 1432 3035 1484 sex—-

894 1532 1122 1606 decim
1186 1530 1273 1603 ab
1324 1526 1565 1602 eodem
1628 1526 2046 1602 Tridentino
2101 1524 2420 1600 Concilio
2469 1541 2862 1615 statutam,
2918 1528 3038 1602 uel

891 1648 1121 1723 aliam
1170 1648 1520 1747 majorem
1571 1670 1756 1747 quae
1807 1645 2052 1742 forsan
2107 1668 2152 1717 a
2207 1642 2506 1718 Statutis
2553 1646 2836 1746 proprii
2879 1644 3026 1721 Or-

893 1766 1090 1840 dinis
1160 1789 1207 1838 a
1276 1763 1352 1839 S.
1421 1762 1602 1839 Sede
1664 1762 2071 1861 approbatis
2134 1762 2577 1863 requiratur,
2653 1777 2720 1834 et
2791 1762 3034 1864 quoad

890 1884 1107 1959 laicos
1142 1898 1209 1957 et
1243 1906 1613 1958 conversos
1659 1896 2035 1982 postquam
2086 1878 2180 1953 ad
2219 1902 2378 1953 eam
2404 1880 2866 1982 pervenerint
2901 1904 3037 1955 ae-

889 2016 1133 2093 tatem,
1186 2027 1369 2104 quae
1420 2004 1501 2076 in
1561 1998 2078 2075 Constitutione
2131 1996 2514 2073 Clementis
2571 1996 2768 2074 VIH.
2834 2000 3035 2074 inci-

888 2123 1131 2228 piente
1192 2148 1226 2193 «
1262 2122 1341 2195 ln
1396 2120 1814 2219 Supremo»
1871 2118 2256 2217 praefinita
2309 2130 2434 2191 est.
2489 2116 2810 2217 Professi
2865 2132 3030 2217 post

890 2237 1291 2311 triennium
1342 2262 1389 2311 a
1440 2238 1583 2323 die,
1611 2259 1749 2338 quo
1789 2250 1945 2309 vota
1982 2232 2342 2333 simplicia
2393 2234 2791 2323 emiserint,
2828 2260 3030 2310 eom·-

882 2359 1294 2460 putandum
1345 2358 1409 2431 si
1464 2356 1666 2455 diqni
1723 2357 2185 2456 reperiantur
2234 2353 2329 2429 ad
2357 2356 2874 2455 professionem
2901 2380 3030 2431 vo-

890 2484 1134 2550 torum
1203 2474 1631 2551 solemnium
1700 2476 2176 2550 admittantur
2207 2526 2228 2564 ,
2290 2473 2448 2557 ,nisi
2518 2474 2824 2571 fortasse
2886 2500 3026 2574 pro

892 2592 1250 2697 aliquibus
1321 2592 1491 2669 locis
1521 2649 1542 2684 ,
1616 2596 1726 2670 uti
1797 2593 2165 2670 nonnullis
2233 2594 2590 2669 Institutis
2661 2594 3026 2671 indultum

892 2726 1019 2802 est,
1068 2714 1416 2817 professio
1476 2728 1796 2789 votorum
1846 2711 2278 2813 simplicium
2341 2714 2436 2789 ad
2497 2714 2778 2814 lonqius
2835 2730 3022 2791 tem·-

887 2856 1027 2935 pus
1065 2831 1225 2931 jam
1275 2854 1601 2905 concessa
1651 2830 1902 2927 fuerit.
1959 2828 2234 2903 Poterit
2283 2855 2447 2905 vero
2501 2830 2848 2931 Superior
2897 2856 3024 2931 qe-

894 2950 1164 3030 neralis
1216 2976 1299 3027 ac
1352 2952 1569 3027 etiam
1624 2950 1972 3087 Superior
2017 2950 2482 3051 provincialis
2534 2976 2626 3026 ex
2669 2952 2889 3052 justis
2953 2966 3020 3025 et

897 3070 1439 3147 rationabilibus
1511 3072 1750 3146 causis
1814 3070 2330 3177 professionem
2414 3086 2734 3145 votorum
2817 3071 3017 3146 sole-

894 3192 1179 3267 mnium
1232 3169 1550 3289 differre,
1608 3214 1748 3263 non
1803 3204 2046 3267 tamen
2089 3188 2280 3264 ultra
2313 3204 2616 3265 aetatem
2650 3214 3012 3265 annorum

892 3308 1459 3415 viqintiquinque
1510 3308 1973 3408 expletorum.
2034 3306 2114 3383 Si
2175 3333 2340 3383 vero
2402 3312 2480 3383 in
2553 3308 2826 3384 Ordine
2885 3334 3014 3385 seu

891 3424 1221 3501 Instituta
1274 3420 1764 3501 Provinciales
1815 3450 1957 3500 non
2012 3426 2431 3514 habeantur,
2497 3426 2744 3502 eadem
2803 3426 3017 3527 ‹liffe-

894 3541 1103 3617 rendi
1150 3542 1659 3645 professionem
1711 3557 2029 3618 votorum
2078 3543 2502 3617 solemnium
2552 3544 2858 3643 facultas
2899 3564 3017 3621 at-

888 3662 1233 3738 tribuitur
1306 3662 1524 3734 etiam
1612 3660 1983 3761 Superiori
2064 3662 2314 3737 domus
2383 3662 2790 3737 Novitiatus
2829 3719 2848 3747 ,
2923 3666 3012 3741 de

888 3802 1234 3861 consensu
1286 3766 1525 3851 'tamen
1566 3778 1888 3875 Maqistri
1923 3782 2380 3870 novitiorum,
2421 3796 2486 3854 et
2521 3780 2831 3858 duorum
2867 3782 3009 3858 Re-

891 3900 1332 3999 liqiosorum,
1388 3900 1513 4001 qui
1568 3898 1645 3971 in
1702 3898 2029 3975 Instituta
2089 3900 2327 4003 aliquo
2389 3901 2618 4003 qradu
2683 3904 2829 3978 sint
2889 3907 3012 3978 in-

888 4018 1159 4115 siqniti.
1220 4016 1517 4092 Decreta
1571 4016 2148 4114 Conqreqationis
2198 4042 2413 4117 super
2462 4032 2649 4095 statu
2701 4020 3015 4121 Requla-

892 4136 1089 4211 rium
1136 4136 1555 4235 incipientia
1600 4160 1632 4205 «
1670 4134 1970 4210 Romani
1997 4135 2395 4229 Pontifices,
2425 4151 2501 4214 et
2537 4138 2864 4238 Regulari
2893 4140 3008 4216 Di-

894 4250 1227 4351 sciplinae
1261 4276 1293 4323 »
1339 4274 1529 4327 anno
1566 4238 2208 4330 MDCGCXLVHI
2233 4254 2680 4357 promulqata
2713 4257 3006 4332 omnino
