3317 5267
818 346 1003 535 330
1033 511 1054 546 ,
1110 468 1185 531 et
1233 452 1529 529 Iacobus
1580 450 1889 531 Didacus
1941 450 2193 539 Risui-3
2249 451 2373 551 qui
2425 452 2635 529 nullis
2683 450 2954 529 labori-

812 574 974 661 bus,
1040 573 1391 670 nullisque
1462 571 1648 645 curis
1719 593 2036 669 unquam
2080 580 2476 667 parcentes,
2550 584 2626 645 et
2695 594 2952 669 aspera

809 716 1133 790 quaeque
1182 690 1571 765 subeuntes
1630 689 1968 787 pericula,
2023 689 2443 765 catholicam
2496 688 2738 777 fldem,
2797 690 2950 765 do-

808 810 1251 906 ctrinamque
1303 808 1375 879 in
1426 806 1677 879 eadem
1733 804 2016 901 laponia
2068 818 2554 904 propagarunt
2592 858 2615 893 ,
2671 806 2948 904 quique

806 926 1057 1001 eodem
1112 948 1297 999 anno
1352 946 1435 999 ac
1486 925 1599 997 die
1652 946 1794 997 una
1845 946 2010 999 cum
2063 923 2200 999 illis
2253 925 2491 1001 animo
2542 924 2814 1000 invicto
2867 936 2948 997 et

810 1042 1093 1117 excelso
1148 1065 1277 1138 pro
1332 1042 1485 1138 ipsa
1534 1040 1671 1116 fide
1708 1042 1898 1115 idem
1936 1039 2168 1115 fecere
2205 1042 2658 1139 martyrium,
2689 1040 2948 1116 iccirco

810 1162 1067 1235 horum
1121 1181 1407 1257 quoque
1462 1158 1685 1233 trium
1738 1158 2100 1233 societatis
2138 1156 2300 1233 lesu
2335 1157 2722 1234 Beatorum
2763 1155 2947 1233 Cae-

806 1276 1015 1349 litum
1069 1271 1644 1349 Canonizationis
1701 1296 1994 1348 causam
2045 1274 2256 1349 alacri
2327 1274 2946 1375 libentissimoque

807 1392 1045 1467 animo
1095 1392 1631 1488 proponendam
1689 1393 2097 1467 statuimus.
2156 1388 2611 1491 Quapropter
2663 1416 2756 1467 ex
2817 1392 2950 1469 hu-

799 1512 916 1608 jus
972 1508 1413 1607 Apostolicae
1452 1507 1653 1585 Sedis
1709 1532 1910 1586 more
1961 1521 2038 1585 et
2090 1511 2426 1587 instituto
2479 1510 2553 1585 in
2606 1512 2744 1589 hoc
2795 1534 2944 1585 am·

804 1628 1125 1725 plissimo
1198 1638 1438 1703 vestro
1510 1651 1848 1703 consessu
1918 1629 2128 1703 hodie
2197 1629 2616 1705 eorumdem
2686 1620 2940 1717 vitam,

800 1767 1059 1843 resque
1110 1743 1466 1841 praeclare
1518 1754 1785 1840 gestas,
1840 1768 1922 1819 ac
1972 1746 2292 1843 prodigia
2343 1747 2433 1821 ad
2483 1746 2545 1821 N
2548 1770 2628 1823 os
2657 1745 2934 1835 referri,

802 1874 879 1937 et
926 1886 971 1937 a
1032 1860 1250 1935 Vobis
1312 1860 1539 1935 audiri
1602 1874 2068 1958 exoptamus.

952 2098 1087 2175 Hic
1154 2096 1569 2175 Cardinalie
1632 2099 1915 2174 Pan-izi
1979 2098 2112 2177 SS.
2175 2098 2480 2175 Rituum
2537 2098 2944 2201 Conqreqa-

796 2223 1013 2297 tionis
1070 2220 1483 2317 Praefectus
1548 2219 1972 2294 relationem
2033 2220 2210 2319 facit
2267 2218 2356 2294 de
2407 2220 2636 2297 tribus
2701 2219 2942 2297 Socie-

790 2342 958 2415 tatie
1002 2339 1177 2415 Iesu·
1232 2340 1311 2411 in
1369 2333 1671 2436 Iaponia
1721 2336 2182 2438 Mar-tyrimas·
2227 2337 2504 2414 Deinde
2571 2338 2932 2416 Sanctitas

800 2457 1007 2534 Sua:

952 2688 1290 2776 Audistis,
1349 2686 1806 2763 venerabiles
1857 2688 2172 2781 Fratres,
2225 2714 2369 2791 qua
2421 2693 2609 2768 vitae
2659 2692 2938 2767 sancti-

798 2820 949 2882 tate
998 2807 1075 2881 hi
1134 2816 1278 2879 tres
1330 2805 1708 2883 Societatis
1757 2804 1919 2881 lesu
1981 2808 2260 2883 sodales
2311 2810 2728 2899 enituerint,
2792 2833 2935 2908 quo

796 2922 1291 3003 ardentissimo
1344 2922 1417 2995 in
1470 2920 1698 2996 Deum
1751 2934 1828 2996 et
1888 2926 2301 3019 proximum
2357 2950 2610 3003 amore·
2660 2928 2930 3024 flagra-

795 3041 1057 3126 verint,
1110 3062 1253 3137 quo
1308 3040 1486 3112 miro
1538 3062 1710 3113 sane
1764 3041 1999 3115 studio
2051 3034 2570 3119 sanctissimam
2609 3056 2928 3119 nostram

790 3159 1204 3255 religionem
1259 3159 1330 3231 in
1386 3158 1672 3255 laponia
1723 3159 2154 3259 praedicare,
2199 3183 2590 3260 propagare
2625 3186 2767 3238 non
2803 3164 2936 3239 de-

792 3278 1133 3363 stiterint,
1194 3286 1269 3347 et
1321 3297 1457 3371 qua
1511 3272 1819 3347 mirabili
1873 3298 2044 3350 sane
2098 3281 2532 3369 constantia,
2585 3290 2663 3357 et
2713 3280 2932 3355 animi

792 3393 1206 3469 fortitudine
1287 3391 1375 3465 de
1455 3388 1725 3463 Christi
1788 3394 2279 3491 principaliter
2339 3420 2582 3473 amore
2661 3421 2932 3475 conce·-

790 3523 916 3609 pta
955 3508 1055 3610 (l)
1095 3509 1378 3608 probra,
1436 3510 1826 3599 irrisiones,
1878 3513 2372 3604 contumelias,
2413 3528 2770 3593 tormenta
2804 3516 2930 3591 de-

791 3632 1172 3728 spicientes
1234 3652 1363 3727 pro
1400 3629 1639 3702 divina
1695 3642 1936 3703 nostra
1977 3630 2145 3708 Fide
2183 3636 2699 3710 atrocissimam
2760 3658 2931 3711 sane

787 3762 1100 3825 mortem
1155 3747 1375 3835 obire,
1433 3769 1515 3820 ac
1569 3748 2076 3845 triumphalem
2114 3755 2532 3851 sanguinem
2569 3754 2928 3830 effundere

784 3890 933 3944 non
998 3863 1515 3941 dubitaverint.
1576 3862 1856 3937 Adsunt
1935 3868 2152 3941 etiam
2221 3870 2534 3969 prodigia
2598 3882 2926 3947 accurato

950 4153 1041 4238 (1)
1081 4154 1153 4222 S.
1198 4154 1319 4221 Leo
1362 4170 1539 4219 cerm.
1588 4155 1651 4219 in
1687 4154 1836 4235 fest.
1881 4154 1952 4220 S.
2005 4154 2321 4220 Laurentii
