3317 5267
858 410 1005 485 432

860 542 971 604 tes
1023 550 1066 601 a
1117 526 1429 624 periculo
1482 534 1976 613 amoveantur,
2031 544 2123 597 ne
2175 534 2460 597 tenerae
2497 544 2744 599 eorum
2779 545 3002 599 men-

636 618 646 630 ,
771 658 836 727 κ
860 658 971 721 tes
1024 645 1261 741 pravis
1312 643 1726 721 imbuantur
1757 640 2145 739 principiis.
2187 637 2431 737 Neque
2467 641 2821 715 omittatis
2857 640 3007 717 No-

858 763 969 837 bis
1024 760 1477 839 manifestare
1532 762 1593 837 si
1645 761 1844 837 libris
1895 757 2296 856 indigeatis,
2349 778 2434 831 ae
2493 758 2710 833 simul
2769 782 3010 855 expo-

779 922 785 929 ·
860 904 1031 961 nere
1094 881 1221 977 qui
1284 882 1736 977 potissimum
1799 879 1962 953 libri
2028 900 2122 953 ex
2193 888 2431 949 vestra
2497 878 2858 951 sententia
2929 886 3014 949 et

860 998 1027 1073 cleri
1078 996 1441 1071 doctrinae
1491 994 1868 1083 curandae,
1923 1008 1998 1068 et
2052 991 2292 1091 popuii
2343 990 2776 1069 institutioni
2829 1016 3012 1093 pro-

862 1118 1286 1204 movendae,
1342 1128 1419 1193 et
1468 1116 2029 1191 acatholicorum
2079 1112 2360 1213 placitis
2409 1112 2888 1199 confutand'm,
2927 1122 3014 1187 et

864 1236 1177 1311 fidelium
1232 1235 1479 1332 pietati
1532 1233 1882 1309 fovendae
1935 1232 2162 1331 magia
2213 1230 2598 1329 opportuni
2649 1254 2806 1307 esse
2835 1254 3020 1327 pos—

863 1357 1032 1431 sint.
1100 1353 1399 1450 Insuper
1460 1375 1625 1427 cum
1689 1352 2194 1450 acceperimus,
2258 1351 2330 1424 in
2403 1348 2756 1449 aliquibus
2821 1349 3012 1427 loeis

866 1472 1256 1571 liturgico&
1322 1492 1405 1543 ac
1468 1470 1761 1547 rituales
1823 1468 2140 1544 adhiberi
2201 1466 2444 1556 libros,
2511 1469 2586 1541 in
2643 1492 2824 1567 quos
2893 1466 3016 1541 vel

872 1588 1125 1684 aliquis
1176 1586 1466 1683 irrepsit
1516 1608 1737 1672 error,
1795 1584 1906 1660 vel
1957 1584 2190 1681 aliqua
2243 1584 2332 1659 ad
2381 1583 2754 1659 arbitrium
2803 1584 3016 1658 inve-

869 1716 987 1779 cta
1039 1702 1478 1791 immutatio,
1551 1700 1884 1777 Vestrum
1949 1702 2088 1777 erit
2145 1698 2362 1775 Nobis
2423 1700 2818 1799 patefacere
2881 1702 3015 1799 qui

869 1823 1027 1899 libri
1082 1823 1268 1920 apud
1324 1820 1466 1899 Vos
1518 1821 2014 1907 adhibeantur,
2069 1820 2386 1918 itemque
2436 1821 2694 1909 dicere,
2747 1822 2812 1895 si
2865 1820 3014 1893 hu-

870 1942 1173 2019 iusmodi
1224 1940 1383 2017 libri
1436 1941 1672 2041 aliquo
1725 1952 2048 2036 tempore
2099 1937 2363 2017 fuerint
2413 1938 2506 2013 ab
2557 1939 2692 2019 hac
2741 1938 3012 2015 Sancta

871 2058 1053 2133 Sede
1104 2056 1499 2155 approbati,
1561 2058 1672 2133 vel
1725 2058 1787 2132 si
1839 2080 1930 2131 ex
1969 2066 2206 2131 vestro
2241 2055 2498 2131 iudicio
2531 2080 2805 2131 errores
2839 2080 3010 2132 cor-

870 2176 1201 2273 rigendos
1252 2174 1690 2262 contineant,
1747 2184 1964 2275 atque
2015 2172 2231 2249 etiam
2285 2174 2346 2245 ei
2399 2196 2581 2271 quae
2631 2172 2848 2251 dubia
2887 2173 3006 2247 di-

874 2292 1196 2368 rimenda
1268 2290 1615 2379 habeatis,
1691 2290 1804 2365 vel
1873 2289 2108 2365 adsint
2177 2287 2552 2363 abusiones
2621 2289 3003 2367 tollendae.

876 2408 1109 2507 Atque
1160 2408 1375 2481 etiam
1427 2408 1806 2505 praecipue
1857 2408 2259 2504 expetimus
2311 2428 2354 2479 a
2409 2405 2624 2481 Vobis
2677 2408 3004 2505 accipere

874 2550 1056 2623 quos
1108 2526 1179 2601 in
1240 2526 1492 2599 vestris
1547 2523 1998 2600 Dioecesibus
2049 2546 2462 2621 progressus
2514 2524 2775 2599 habeat
2835 2548 3010 2599 san-

877 2655 993 2720 cta
1054 2641 1401 2723 catholica
1463 2644 1662 2729 unio,
1727 2666 1908 2740 quae
1981 2642 2490 2749 impedimenta
2557 2643 2792 2721 eidem
2861 2642 3012 2718 ob—

878 2771 1100 2848 stent,
1152 2760 1557 2858 quibusque
1622 2759 2247 2858 opportunioribus
2307 2759 2538 2836 modis
2597 2759 3008 2836 huiusmodi

879 2880 1393 2977 impedimenta
1456 2878 1772 2957 amoveri
1835 2880 2135 2977 possint,
2197 2891 2282 2955 ut
2341 2880 2492 2978 ipsa
2549 2880 2720 2956 unio
2781 2880 3012 2977 magis

880 2998 953 3079 in
1004 2998 1157 3075 dies
1212 3007 1718 3094 promoveatur
1767 3006 1844 3071 et
1895 2982 2259 3094 augeatur.

1051 3112 1323 3190 Videtis
1392 3106 1742 3208 profecto,
1821 3111 2272 3189 venerabiles
2327 3112 2662 3203 Fratres,
2735 3127 3010 3213 quanto

888 3252 1157 3317 amore,
1210 3240 1621 3327 quantoque
1683 3230 1918 3309 studio
1977 3231 2156 3307 istas
2189 3231 2566 3310 orientales
2601 3254 3014 3329 prosequa—

879 3370 1043 3426 mur
1106 3346 1487 3433 Ecelesius,
1550 3356 1627 3419 et
1686 3370 1904 3447 quam
1965 3346 2426 3425 vehementer
2493 3361 2850 3447 optumae,
2928 3363 3014 3425 ut

880 3467 955 3547 in
1008 3463 1466 3540 orientalibus
1518 3466 1796 3561 populis
1849 3467 2295 3546 sanctissima
2345 3479 2590 3545 nostra
2640 3468 2840 3555 fides,
2903 3493 3016 3543 re·

880 3584 1074 3682 ligio,
1137 3582 1366 3681 pietas
1428 3582 1696 3661 maiora
1769 3584 1843 3661 in
1911 3584 2062 3667 dies
2133 3586 2569 3665 incrementa
2637 3587 3007 3685 suscipiat,

878 3726 965 3783 ac
1018 3703 1254 3799 vigeat
1312 3713 1388 3779 et
1448 3699 1864 3777 efflorescat.
1937 3701 2035 3777 Ae
2095 3704 2272 3780 certi
2332 3726 2606 3793 sumus,
2677 3702 2816 3779 Vos
2878 3727 3014 3803 pro

880 3816 1299 3917 episcopalis
1370 3816 1591 3893 vestri
1664 3817 2042 3898 ministerii
2111 3842 2408 3897 munere
2447 3872 2470 3913 ,
2523 3832 2599 3895 et
2669 3822 3010 3923 pastorali

884 3938 1035 4016 zelo
1087 3948 1363 4013 vestras
1414 3957 1664 4012 omnes
1717 3958 1922 4013 curas
1973 3940 2578 4039 cogitationesque
2637 3938 2710 4014 in
2772 3939 3014 4017 divina

882 4066 1127 4137 nostra
1177 4054 1510 4151 religione
1564 4054 1828 4128 tuenda
1877 4067 1958 4129 et
2005 4058 2480 4156 propaganda,
2519 4069 2734 4156 atque
2772 4058 2844 4131 in
2883 4080 3013 4131 ve-

882 4174 1011 4259 stri
1062 4175 1291 4279 gregis
1343 4173 1571 4257 salute
1622 4176 1930 4271 curanda
1983 4178 2500 4259 studiosissime
2564 4176 3000 4281 impendere.
