3317 5267
873 516 1016 584 452
1521 618 1771 711 PIUS
1828 621 2130 713 PAPA
2186 619 2342 714 lx.

864 1011 1332 1172 pontificiae
1381 1095 1681 1172 Nostrae
1730 1096 2073 1192 largitatis
2126 1098 2537 1175 testimonio
2590 1100 2999 1175 notandam

859 1205 1228 1290 censemus
1279 1214 1555 1290 illorum
1609 1213 1881 1288 dierum
1935 1212 2445 1295 celebritatem,
2502 1217 2626 1312 qui
2676 1217 2781 1290 rei
2845 1239 2989 1290 ca-

859 1329 1158 1406 tholicae
1213 1329 1422 1405 fausti
1475 1331 1785 1426 laetique
1838 1329 2249 1404 illuxerunt.
2308 1329 2458 1405 Hoc
2510 1331 2657 1405 Nos
2690 1331 2993 1406 consilio

860 1446 1389 1522 venerabilibus
1443 1446 1807 1520 Fratribus
1860 1444 2311 1533 Patriarchis,
2353 1446 2809 1536 Primatibus,
2854 1447 2995 1520 Ar-

857 1565 1317 1661 chiepiscopis
1352 1616 1374 1651 ‚
1439 1576 1516 1636 et
1573 1561 1943 1658 Episcopis
1974 1614 1994 1650 ,
2070 1565 2193 1660 qui
2264 1589 2354 1638 ex
2422 1564 2721 1638 diversis
2790 1563 2993 1640 orbis

859 1681 1178 1778 partibus
1233 1679 1540 1756 Romam
1591 1683 2097 1754 convenientes
2148 1679 2367 1756 Nobis
2406 1684 2478 1756 iu
2512 1682 2811 1757 Basilica
2840 1681 2993 1754 Va-

857 1800 1086 1873 ticana
1139 1797 1546 1895 frequentes
1599 1797 2053 1885 adstiterunt,
2108 1798 2283 1871 dum
2346 1797 2491 1872 BB.
2554 1797 2991 1897 Martyribus

855 1911 1422 2010 Japoniensibus,
1478 1923 1553 1986 et
1602 1911 1685 1986 B.
1744 1911 2071 1986 Michaeli
2124 1913 2212 1986 de
2264 1913 2545 1988 Sanctis
2582 1911 2993 1989 Confessori

853 2029 1276 2106 Sanctorum
1325 2031 1677 2106 Caelitum
1738 2029 2046 2105 honores
2108 2028 2547 2105 solemnibus
2606 2053 2993 2106 caeremo—

853 2153 990 2225 niis
1038 2151 1508 2237 decrevimuS,
1563 2149 1977 2224 facultatem
2033 2149 2523 2240 concedimus,·
2569 2163 2653 2224 ut
2678 2150 2987 2225 Benedi-

851 2269 1160 2344 ctionem
1224 2267 1729 2364 Apostolicam,
1805 2279 2088 2364 praeter
2160 2268 2545 2342 ordinarias
2620 2269 2831 2355 vices,
2913 2268 2986 2340 in

851 2407 981 2462 suo
1031 2387 1328 2484 quisque
1382 2384 1781 2460 Cathedrali
1836 2385 2134 2481 Templo
2189 2384 2508 2460 fidelibus
2568 2385 2745 2459 inibi
2806 2409 2987 2462 con—

849 2504 1155 2600 gregatis
1207 2525 1370 2577 cum
1407 2502 1875 2598 applicatione
1915 2501 2275 2578 Plenariae
2312 2502 2797 2599 indulgentiae
2834 2505 2983 2578 ritu

850 2619 1149 2696 solemni
1202 2619 1548 2715 impertiri
1585 2627 1873 2714 queant.
1918 2616 2099 2691 Eam
2136 2641 2345 2715 porro
2382 2617 2797 2694 facultatem
2836 2641 2987 2694 me-

849 2739 1143 2814 moratis
1208 2735 1661 2811 Antistitibus
1714 2739 1787 2810 iu
1842 2749 2007 2810 actu
2078 2737 2332 2812 Sacrae
2402 2737 2831 2812 visitationis
2902 2739 2977 2812 in

846 2858 1240 2955 praecipuis
1303 2869 1544 2930 tamen
1606 2878 1777 2930 suae
1847 2853 2205 2931 Dioecesis
2267 2856 2439 2931 locis
2500 2857 2977 2934 exercendam

844 2977 1108 3072 pariter
1159 2974 1556 3071 elargimur.
1613 2971 1759 3047 Has
1812 2995 1981 3047 vero
2032 2971 2405 3048 facultates
2440 2972 2663 3048 semel
2688 2985 2975 3048 tantum

844 3096 1180 3172 valituras
1227 3095 1674 3168 decernimus
1724 3115 1889 3166 cum
1942 3091 2273 3167 omnibus
2324 3092 2847 3168 conditionibus
2882 3093 2975 3166 ab

845 3211 1158 3287 Ecclesia
1219 3211 1695 3308 praescriptis.
1764 3209 1845 3283 ld
1904 3210 2383 3294 concedimus,
2448 3221 2663 3306 atque
2732 3209 2973 3284 indul-

839 3351 1088 3426 gemus
1139 3328 1506 3405 contrariis
1559 3349 1703 3402 non
1758 3325 2204 3400 obstantibus
2257 3325 2851 3422 quibuscumque.

951 3523 956 3528 ,
995 3444 1256 3522 Datum
1311 3445 1580 3521 Romae
1633 3446 1818 3542 apud
1870 3444 1945 3520 S.
2004 3444 2293 3520 Petrum
2348 3444 2481 3518 sub
2531 3446 2791 3522 annulo
2848 3445 2970 3520 Pi-

843 3563 1136 3640 scatoris
1213 3565 1326 3640 die
1379 3561 1444 3638 X
1497 3563 1690 3639 Junii
1742 3561 2243 3638 MDCCGLXll
2297 3561 2755 3639 Pontificatus
2816 3563 2967 3639 No-

839 3683 968 3756 stri
1021 3705 1205 3760 anno
1259 3681 1448 3757 XVI.

1842 3803 1924 3876 Β.
1982 3801 2191 3876 (ΞΛΜ).
2252 3802 2694 3877 ΒΑιιΒΕιιικυε.
