<?xml version="1.0" encoding="UTF-8"?>
<!DOCTYPE html PUBLIC "-//W3C//DTD XHTML 1.0 Transitional//EN"
    "http://www.w3.org/TR/xhtml1/DTD/xhtml1-transitional.dtd">
<html xmlns="http://www.w3.org/1999/xhtml" xml:lang="en" lang="en">
 <head>
  <title>
</title>
<meta http-equiv="Content-Type" content="text/html;charset=utf-8" />
  <meta name='ocr-system' content='tesseract 3.04.00' />
  <meta name='ocr-capabilities' content='ocr_page ocr_carea ocr_par ocr_line ocrx_word'/>
</head>
<body>
  <div class='ocr_page' id='page_1' title='image "./piiixpontificis00ixgoog_0111.png"; bbox 0 0 3317 5267; ppageno 0'>
   <div class='ocr_carea' id='block_1_1' title="bbox 294 484 2425 697">
    <p class='ocr_par' dir='ltr' id='par_1_1' title="bbox 294 484 2425 697">
     <span class='ocr_line' id='line_1_1' title="bbox 2279 484 2414 555; baseline 0 0"><span class='ocrx_word' id='word_1_1' title='bbox 2279 484 2414 555; x_wconf 80' lang='lat'>101</span> 
     </span>
     <span class='ocr_line' id='line_1_2' title="bbox 294 564 2425 697; baseline 0.001 -26"><span class='ocrx_word' id='word_1_2' title='bbox 294 608 549 697; x_wconf 74' lang='lat' dir='ltr'>agatur</span> <span class='ocrx_word' id='word_1_3' title='bbox 576 596 663 679; x_wconf 84' lang='lat' dir='ltr'>de</span> <span class='ocrx_word' id='word_1_4' title='bbox 691 564 1033 671; x_wconf 74' lang='lat' dir='ltr'>catholica</span> <span class='ocrx_word' id='word_1_5' title='bbox 1068 595 1368 669; x_wconf 85' lang='lat' dir='ltr'>veritate</span> <span class='ocrx_word' id='word_1_6' title='bbox 1404 592 1740 669; x_wconf 82' lang='lat' dir='ltr'>diviuitus</span> <span class='ocrx_word' id='word_1_7' title='bbox 1803 595 2142 685; x_wconf 85' lang='lat' dir='ltr'>revelata,</span> <span class='ocrx_word' id='word_1_8' title='bbox 2207 622 2425 695; x_wconf 84' lang='lat' dir='ltr'>quam</span> 
     </span>
    </p>
   </div>
   <div class='ocr_carea' id='block_1_2' title="bbox 295 710 2435 1287">
    <p class='ocr_par' dir='ltr' id='par_1_2' title="bbox 295 710 2435 1287">
     <span class='ocr_line' id='line_1_3' title="bbox 295 710 2424 809; baseline -0.002 -16"><span class='ocrx_word' id='word_1_9' title='bbox 295 738 549 793; x_wconf 90' lang='lat' dir='ltr'>omnes</span> <span class='ocrx_word' id='word_1_10' title='bbox 624 712 1011 789; x_wconf 87' lang='lat' dir='ltr'>catholicae</span> <span class='ocrx_word' id='word_1_11' title='bbox 1088 710 1445 786; x_wconf 78' lang='lat' dir='ltr'>Ecclesiae</span> <span class='ocrx_word' id='word_1_12' title='bbox 1494 711 1619 783; x_wconf 85' lang='lat' dir='ltr'>filii</span> <span class='ocrx_word' id='word_1_13' title='bbox 1669 712 1966 787; x_wconf 84' lang='lat' dir='ltr'>firmiter</span> <span class='ocrx_word' id='word_1_14' title='bbox 2043 714 2359 809; x_wconf 86' lang='lat' dir='ltr'>profiteri</span> <span class='ocrx_word' id='word_1_15' title='bbox 2405 768 2424 803; x_wconf 93' lang='lat'>,</span> 
     </span>
     <span class='ocr_line' id='line_1_4' title="bbox 295 827 2432 928; baseline 0 -21"><span class='ocrx_word' id='word_1_16' title='bbox 295 856 379 907; x_wconf 90' lang='lat' dir='ltr'>ac</span> <span class='ocrx_word' id='word_1_17' title='bbox 431 854 715 907; x_wconf 79' lang='lat' dir='ltr'>servare</span> <span class='ocrx_word' id='word_1_18' title='bbox 768 840 1129 903; x_wconf 87' lang='lat' dir='ltr'>tenentur.</span> <span class='ocrx_word' id='word_1_19' title='bbox 1168 827 1403 919; x_wconf 85' lang='lat' dir='ltr'>Quare</span> <span class='ocrx_word' id='word_1_20' title='bbox 1454 829 1539 903; x_wconf 91' lang='lat' dir='ltr'>iis</span> <span class='ocrx_word' id='word_1_21' title='bbox 1592 828 1951 919; x_wconf 88' lang='lat' dir='ltr'>omnibus,</span> <span class='ocrx_word' id='word_1_22' title='bbox 2008 832 2128 928; x_wconf 90' lang='lat' dir='ltr'>qui</span> <span class='ocrx_word' id='word_1_23' title='bbox 2180 831 2432 907; x_wconf 86' lang='lat' dir='ltr'>huius-</span> 
     </span>
     <span class='ocr_line' id='line_1_5' title="bbox 298 945 2432 1047; baseline 0 -24"><span class='ocrx_word' id='word_1_24' title='bbox 298 951 494 1026; x_wconf 89' lang='lat' dir='ltr'>modi</span> <span class='ocrx_word' id='word_1_25' title='bbox 545 947 995 1024; x_wconf 85' lang='lat' dir='ltr'>difficultates</span> <span class='ocrx_word' id='word_1_26' title='bbox 1050 945 1267 1023; x_wconf 85' lang='lat' dir='ltr'>Vobis</span> <span class='ocrx_word' id='word_1_27' title='bbox 1309 946 1608 1022; x_wconf 88' lang='lat' dir='ltr'>forsitan</span> <span class='ocrx_word' id='word_1_28' title='bbox 1634 946 1882 1023; x_wconf 74' lang='lat' dir='ltr'>afferre</span> <span class='ocrx_word' id='word_1_29' title='bbox 1918 948 2272 1025; x_wconf 85' lang='lat' dir='ltr'>voluerint</span> <span class='ocrx_word' id='word_1_30' title='bbox 2303 975 2432 1047; x_wconf 87' lang='lat' dir='ltr'>pro</span> 
     </span>
     <span class='ocr_line' id='line_1_6' title="bbox 298 1065 2435 1167; baseline 0.001 -24"><span class='ocrx_word' id='word_1_31' title='bbox 298 1068 681 1167; x_wconf 87' lang='lat' dir='ltr'>episcopali</span> <span class='ocrx_word' id='word_1_32' title='bbox 715 1076 953 1142; x_wconf 81' lang='lat' dir='ltr'>vestra</span> <span class='ocrx_word' id='word_1_33' title='bbox 990 1065 1488 1155; x_wconf 81' lang='lat' dir='ltr'>sollicitudine,</span> <span class='ocrx_word' id='word_1_34' title='bbox 1530 1066 1706 1154; x_wconf 90' lang='lat' dir='ltr'>zelo,</span> <span class='ocrx_word' id='word_1_35' title='bbox 1739 1090 1821 1143; x_wconf 90' lang='lat' dir='ltr'>ac</span> <span class='ocrx_word' id='word_1_36' title='bbox 1849 1069 2144 1145; x_wconf 88' lang='lat' dir='ltr'>scientia</span> <span class='ocrx_word' id='word_1_37' title='bbox 2179 1068 2435 1145; x_wconf 80' lang='lat' dir='ltr'>catho-</span> 
     </span>
     <span class='ocr_line' id='line_1_7' title="bbox 300 1183 2434 1287; baseline 0.002 -28"><span class='ocrx_word' id='word_1_38' title='bbox 300 1188 477 1263; x_wconf 89' lang='lat' dir='ltr'>licae</span> <span class='ocrx_word' id='word_1_39' title='bbox 528 1183 885 1263; x_wconf 79' lang='lat' dir='ltr'><strong>Ecclesiae</strong></span> <span class='ocrx_word' id='word_1_40' title='bbox 933 1186 1023 1259; x_wconf 50' lang='lat' dir='ltr'>&gt;de</span> <span class='ocrx_word' id='word_1_41' title='bbox 1075 1185 1210 1259; x_wconf 87' lang='lat' dir='ltr'>hac</span> <span class='ocrx_word' id='word_1_42' title='bbox 1262 1208 1339 1259; x_wconf 88' lang='lat' dir='ltr'>re</span> <span class='ocrx_word' id='word_1_43' title='bbox 1393 1185 1790 1261; x_wconf 79' lang='lat' dir='ltr'>doctrinam</span> <span class='ocrx_word' id='word_1_44' title='bbox 1841 1185 2026 1261; x_wconf 87' lang='lat' dir='ltr'>clare</span> <span class='ocrx_word' id='word_1_45' title='bbox 2052 1202 2434 1287; x_wconf 78' lang='lat' dir='ltr'>aperteque</span> 
     </span>
    </p>
   </div>
   <div class='ocr_carea' id='block_1_3' title="bbox 184 1302 2434 1403">
    <p class='ocr_par' dir='ltr' id='par_1_3' title="bbox 184 1302 2434 1403">
     <span class='ocr_line' id='line_1_8' title="bbox 184 1302 2434 1403; baseline 0 -24"><span class='ocrx_word' id='word_1_46' title='bbox 184 1386 189 1390; x_wconf 63' lang='grc'><strong><em>,</em></strong></span> <span class='ocrx_word' id='word_1_47' title='bbox 300 1306 663 1403; x_wconf 77' lang='lat' dir='ltr'>exponite,</span> <span class='ocrx_word' id='word_1_48' title='bbox 718 1304 1090 1400; x_wconf 79' lang='lat' dir='ltr'>explicate,</span> <span class='ocrx_word' id='word_1_49' title='bbox 1146 1302 1497 1377; x_wconf 87' lang='lat' dir='ltr'>inculcate</span> <span class='ocrx_word' id='word_1_50' title='bbox 1536 1354 1559 1391; x_wconf 92' lang='lat'>,</span> <span class='ocrx_word' id='word_1_51' title='bbox 1616 1327 1701 1377; x_wconf 90' lang='lat' dir='ltr'>ac</span> <span class='ocrx_word' id='word_1_52' title='bbox 1752 1303 1964 1378; x_wconf 87' lang='lat' dir='ltr'>simul</span> <span class='ocrx_word' id='word_1_53' title='bbox 2017 1306 2374 1381; x_wconf 78' lang='lat' dir='ltr'>ostendite</span> <span class='ocrx_word' id='word_1_54' title='bbox 2413 1356 2434 1395; x_wconf 91' lang='lat'><strong><em>‚</em></strong></span> 
     </span>
    </p>
   </div>
   <div class='ocr_carea' id='block_1_4' title="bbox 302 1420 2468 4334">
    <p class='ocr_par' dir='ltr' id='par_1_4' title="bbox 302 1420 2468 4334">
     <span class='ocr_line' id='line_1_9' title="bbox 302 1420 2436 1517; baseline 0 -20"><span class='ocrx_word' id='word_1_55' title='bbox 302 1422 749 1498; x_wconf 79' lang='lat' dir='ltr'>difficultates</span> <span class='ocrx_word' id='word_1_56' title='bbox 798 1422 988 1517; x_wconf 87' lang='lat' dir='ltr'>ipsas</span> <span class='ocrx_word' id='word_1_57' title='bbox 1022 1420 1215 1496; x_wconf 88' lang='lat' dir='ltr'>nullo</span> <span class='ocrx_word' id='word_1_58' title='bbox 1250 1422 1462 1496; x_wconf 90' lang='lat' dir='ltr'>modo</span> <span class='ocrx_word' id='word_1_59' title='bbox 1512 1432 1760 1495; x_wconf 89' lang='lat' dir='ltr'>contra</span> <span class='ocrx_word' id='word_1_60' title='bbox 1797 1422 2217 1497; x_wconf 80' lang='lat' dir='ltr'>catholicam</span> <span class='ocrx_word' id='word_1_61' title='bbox 2252 1424 2436 1497; x_wconf 84' lang='lat' dir='ltr'>hanc</span> 
     </span>
     <span class='ocr_line' id='line_1_10' title="bbox 305 1539 2441 1637; baseline 0 -24"><span class='ocrx_word' id='word_1_62' title='bbox 305 1541 681 1615; x_wconf 83' lang='lat' dir='ltr'>veritatem</span> <span class='ocrx_word' id='word_1_63' title='bbox 735 1540 1041 1626; x_wconf 84' lang='lat' dir='ltr'>admitti,</span> <span class='ocrx_word' id='word_1_64' title='bbox 1093 1550 1169 1611; x_wconf 89' lang='lat' dir='ltr'>et</span> <span class='ocrx_word' id='word_1_65' title='bbox 1194 1540 1460 1636; x_wconf 89' lang='lat' dir='ltr'>opponi</span> <span class='ocrx_word' id='word_1_66' title='bbox 1500 1562 1814 1636; x_wconf 90' lang='lat' dir='ltr'>unquam</span> <span class='ocrx_word' id='word_1_67' title='bbox 1867 1564 2102 1637; x_wconf 89' lang='lat' dir='ltr'>posse.</span> <span class='ocrx_word' id='word_1_68' title='bbox 2143 1539 2441 1637; x_wconf 84' lang='lat' dir='ltr'>Insuper</span> 
     </span>
     <span class='ocr_line' id='line_1_11' title="bbox 306 1657 2440 1747; baseline 0 -14"><span class='ocrx_word' id='word_1_69' title='bbox 306 1661 381 1733; x_wconf 87' lang='lat' dir='ltr'>in</span> <span class='ocrx_word' id='word_1_70' title='bbox 418 1660 699 1735; x_wconf 88' lang='lat' dir='ltr'>illorum</span> <span class='ocrx_word' id='word_1_71' title='bbox 724 1657 1147 1732; x_wconf 81' lang='lat' dir='ltr'>memoriam</span> <span class='ocrx_word' id='word_1_72' title='bbox 1176 1658 1423 1731; x_wconf 89' lang='lat' dir='ltr'>sedulo</span> <span class='ocrx_word' id='word_1_73' title='bbox 1462 1669 1818 1747; x_wconf 80' lang='lat' dir='ltr'>revocate,</span> <span class='ocrx_word' id='word_1_74' title='bbox 1852 1681 2098 1733; x_wconf 91' lang='lat' dir='ltr'>eorum</span> <span class='ocrx_word' id='word_1_75' title='bbox 2135 1660 2440 1734; x_wconf 85' lang='lat' dir='ltr'>maiores</span> 
     </span>
     <span class='ocr_line' id='line_1_12' title="bbox 304 1774 2440 1853; baseline -0.001 -1"><span class='ocrx_word' id='word_1_76' title='bbox 304 1800 470 1853; x_wconf 89' lang='lat' dir='ltr'>cum</span> <span class='ocrx_word' id='word_1_77' title='bbox 522 1777 733 1851; x_wconf 88' lang='lat' dir='ltr'>huius</span> <span class='ocrx_word' id='word_1_78' title='bbox 758 1775 1121 1850; x_wconf 86' lang='lat' dir='ltr'>Romanae</span> <span class='ocrx_word' id='word_1_79' title='bbox 1170 1774 1529 1849; x_wconf 81' lang='lat' dir='ltr'>Ecclesiae</span> <span class='ocrx_word' id='word_1_80' title='bbox 1582 1776 1920 1851; x_wconf 89' lang='lat' dir='ltr'>unionem</span> <span class='ocrx_word' id='word_1_81' title='bbox 1971 1776 2244 1850; x_wconf 89' lang='lat' dir='ltr'>sincere</span> <span class='ocrx_word' id='word_1_82' title='bbox 2281 1799 2440 1849; x_wconf 90' lang='lat' dir='ltr'>am-</span> 
     </span>
     <span class='ocr_line' id='line_1_13' title="bbox 308 1890 2434 1991; baseline 0 -25"><span class='ocrx_word' id='word_1_83' title='bbox 308 1894 501 1991; x_wconf 81' lang='lat' dir='ltr'>plexi</span> <span class='ocrx_word' id='word_1_84' title='bbox 549 1902 744 1980; x_wconf 89' lang='lat' dir='ltr'>sunt,</span> <span class='ocrx_word' id='word_1_85' title='bbox 798 1915 941 1967; x_wconf 88' lang='lat' dir='ltr'>non</span> <span class='ocrx_word' id='word_1_86' title='bbox 992 1892 1222 1965; x_wconf 87' lang='lat' dir='ltr'>solum</span> <span class='ocrx_word' id='word_1_87' title='bbox 1260 1890 1647 1967; x_wconf 76' lang='lat' dir='ltr'>&#39;admisisse</span> <span class='ocrx_word' id='word_1_88' title='bbox 1701 1902 2010 1988; x_wconf 81' lang='lat' dir='ltr'>quatuor</span> <span class='ocrx_word' id='word_1_89' title='bbox 2061 1893 2434 1967; x_wconf 85' lang='lat' dir='ltr'>notissima</span> 
     </span>
     <span class='ocr_line' id='line_1_14' title="bbox 311 2006 2442 2106; baseline 0 -23"><span class='ocrx_word' id='word_1_90' title='bbox 311 2022 577 2106; x_wconf 84' lang='lat' dir='ltr'>puncta</span> <span class='ocrx_word' id='word_1_91' title='bbox 628 2011 701 2083; x_wconf 91' lang='lat' dir='ltr'>in</span> <span class='ocrx_word' id='word_1_92' title='bbox 752 2006 1065 2085; x_wconf 88' lang='lat' dir='ltr'>Concilio</span> <span class='ocrx_word' id='word_1_93' title='bbox 1118 2007 1527 2083; x_wconf 86' lang='lat' dir='ltr'>Florentino</span> <span class='ocrx_word' id='word_1_94' title='bbox 1562 2008 1880 2097; x_wconf 80' lang='lat' dir='ltr'>definita,</span> <span class='ocrx_word' id='word_1_95' title='bbox 1937 2032 2188 2085; x_wconf 86' lang='lat' dir='ltr'>verum</span> <span class='ocrx_word' id='word_1_96' title='bbox 2221 2010 2442 2084; x_wconf 90' lang='lat' dir='ltr'>etiam</span> 
     </span>
     <span class='ocr_line' id='line_1_15' title="bbox 310 2126 2438 2225; baseline 0 -24"><span class='ocrx_word' id='word_1_97' title='bbox 310 2126 803 2213; x_wconf 84' lang='lat' dir='ltr'>declaravisse‚</span> <span class='ocrx_word' id='word_1_98' title='bbox 856 2150 934 2201; x_wconf 90' lang='lat' dir='ltr'>se</span> <span class='ocrx_word' id='word_1_99' title='bbox 988 2126 1388 2214; x_wconf 83' lang='lat' dir='ltr'>admittere,</span> <span class='ocrx_word' id='word_1_100' title='bbox 1418 2126 1762 2223; x_wconf 81' lang='lat' dir='ltr'>profiteri,</span> <span class='ocrx_word' id='word_1_101' title='bbox 1804 2150 1886 2202; x_wconf 89' lang='lat' dir='ltr'>ac</span> <span class='ocrx_word' id='word_1_102' title='bbox 1913 2127 2198 2203; x_wconf 84' lang='lat' dir='ltr'>credere</span> <span class='ocrx_word' id='word_1_103' title='bbox 2255 2150 2438 2225; x_wconf 90' lang='lat' dir='ltr'>quae</span> 
     </span>
     <span class='ocr_line' id='line_1_16' title="bbox 310 2243 2445 2343; baseline 0 -22"><span class='ocrx_word' id='word_1_104' title='bbox 310 2246 559 2321; x_wconf 83' lang='lat' dir='ltr'>eadem</span> <span class='ocrx_word' id='word_1_105' title='bbox 620 2246 937 2321; x_wconf 86' lang='lat' dir='ltr'>Romana</span> <span class='ocrx_word' id='word_1_106' title='bbox 991 2243 1350 2320; x_wconf 85' lang='lat' dir='ltr'>Catholica</span> <span class='ocrx_word' id='word_1_107' title='bbox 1398 2244 1718 2320; x_wconf 89' lang='lat' dir='ltr'>Ecclesia</span> <span class='ocrx_word' id='word_1_108' title='bbox 1769 2245 2110 2335; x_wconf 84' lang='lat' dir='ltr'>admittit,</span> <span class='ocrx_word' id='word_1_109' title='bbox 2152 2246 2445 2343; x_wconf 85' lang='lat' dir='ltr'>profite-</span> 
     </span>
     <span class='ocr_line' id='line_1_17' title="bbox 316 2360 2449 2459; baseline -0 -22"><span class='ocrx_word' id='word_1_110' title='bbox 316 2374 436 2439; x_wconf 87' lang='lat' dir='ltr'>tur</span> <span class='ocrx_word' id='word_1_111' title='bbox 484 2374 561 2438; x_wconf 85' lang='lat' dir='ltr'>et</span> <span class='ocrx_word' id='word_1_112' title='bbox 610 2363 857 2438; x_wconf 87' lang='lat' dir='ltr'>credit.</span> <span class='ocrx_word' id='word_1_113' title='bbox 888 2360 1032 2437; x_wconf 89' lang='lat' dir='ltr'>Nec</span> <span class='ocrx_word' id='word_1_114' title='bbox 1082 2362 1375 2437; x_wconf 86' lang='lat' dir='ltr'>cessetis</span> <span class='ocrx_word' id='word_1_115' title='bbox 1408 2384 1753 2459; x_wconf 85' lang='lat' dir='ltr'>unquam,</span> <span class='ocrx_word' id='word_1_116' title='bbox 1789 2362 2238 2439; x_wconf 84' lang='lat' dir='ltr'>Venerabiles</span> <span class='ocrx_word' id='word_1_117' title='bbox 2278 2362 2449 2437; x_wconf 77' lang='lat' dir='ltr'>Fra-</span> 
     </span>
     <span class='ocr_line' id='line_1_18' title="bbox 318 2478 2447 2568; baseline -0.001 -13"><span class='ocrx_word' id='word_1_118' title='bbox 318 2494 493 2568; x_wconf 78' lang='lat' dir='ltr'>treS,</span> <span class='ocrx_word' id='word_1_119' title='bbox 532 2480 731 2555; x_wconf 88' lang='lat' dir='ltr'>omni</span> <span class='ocrx_word' id='word_1_120' title='bbox 764 2480 1001 2553; x_wconf 90' lang='lat' dir='ltr'>studio</span> <span class='ocrx_word' id='word_1_121' title='bbox 1030 2479 1539 2553; x_wconf 86' lang='lat' dir='ltr'>ecclesiasticos</span> <span class='ocrx_word' id='word_1_122' title='bbox 1575 2492 1975 2557; x_wconf 82' lang='lat' dir='ltr'>vestrarum</span> <span class='ocrx_word' id='word_1_123' title='bbox 2003 2478 2447 2556; x_wconf 90' lang='lat' dir='ltr'>Dioecesium</span> 
     </span>
     <span class='ocr_line' id='line_1_19' title="bbox 316 2594 2449 2693; baseline -0.001 -20"><span class='ocrx_word' id='word_1_124' title='bbox 316 2599 671 2686; x_wconf 86' lang='lat' dir='ltr'>homines,</span> <span class='ocrx_word' id='word_1_125' title='bbox 702 2620 783 2673; x_wconf 93' lang='lat' dir='ltr'>ac</span> <span class='ocrx_word' id='word_1_126' title='bbox 809 2597 1223 2693; x_wconf 87' lang='lat' dir='ltr'>praesertim</span> <span class='ocrx_word' id='word_1_127' title='bbox 1253 2594 1607 2673; x_wconf 85' lang='lat' dir='ltr'>Parochos</span> <span class='ocrx_word' id='word_1_128' title='bbox 1658 2622 1948 2675; x_wconf 88' lang='lat' dir='ltr'>monere</span> <span class='ocrx_word' id='word_1_129' title='bbox 1985 2610 2062 2675; x_wconf 89' lang='lat' dir='ltr'>et</span> <span class='ocrx_word' id='word_1_130' title='bbox 2111 2599 2449 2673; x_wconf 85' lang='lat' dir='ltr'>exhorta·-</span> 
     </span>
     <span class='ocr_line' id='line_1_20' title="bbox 318 2713 2451 2805; baseline -0.001 -14"><span class='ocrx_word' id='word_1_131' title='bbox 318 2719 406 2805; x_wconf 88' lang='lat' dir='ltr'>ri,</span> <span class='ocrx_word' id='word_1_132' title='bbox 436 2728 521 2791; x_wconf 92' lang='lat' dir='ltr'>ut</span> <span class='ocrx_word' id='word_1_133' title='bbox 552 2717 739 2789; x_wconf 90' lang='lat' dir='ltr'>hanc</span> <span class='ocrx_word' id='word_1_134' title='bbox 766 2714 1149 2791; x_wconf 89' lang='lat' dir='ltr'>catholicae</span> <span class='ocrx_word' id='word_1_135' title='bbox 1184 2713 1541 2789; x_wconf 83' lang='lat' dir='ltr'>Ecclesiae</span> <span class='ocrx_word' id='word_1_136' title='bbox 1567 2716 1655 2789; x_wconf 90' lang='lat' dir='ltr'>de</span> <span class='ocrx_word' id='word_1_137' title='bbox 1695 2716 2151 2791; x_wconf 86' lang='lat' dir='ltr'>matrimonio</span> <span class='ocrx_word' id='word_1_138' title='bbox 2184 2715 2451 2791; x_wconf 88' lang='lat' dir='ltr'>doctri-</span> 
     </span>
     <span class='ocr_line' id='line_1_21' title="bbox 320 2831 2452 2932; baseline -0.002 -23"><span class='ocrx_word' id='word_1_139' title='bbox 320 2858 490 2909; x_wconf 88' lang='lat' dir='ltr'>nam</span> <span class='ocrx_word' id='word_1_140' title='bbox 515 2832 835 2909; x_wconf 87' lang='lat' dir='ltr'>fidelibus</span> <span class='ocrx_word' id='word_1_141' title='bbox 860 2832 1138 2907; x_wconf 85' lang='lat' dir='ltr'>assidue</span> <span class='ocrx_word' id='word_1_142' title='bbox 1199 2831 1706 2930; x_wconf 80' lang='lat' dir='ltr'>diligenterque</span> <span class='ocrx_word' id='word_1_143' title='bbox 1771 2833 2126 2932; x_wconf 83' lang='lat' dir='ltr'>explicent</span> <span class='ocrx_word' id='word_1_144' title='bbox 2160 2884 2181 2921; x_wconf 99' lang='lat'>,</span> <span class='ocrx_word' id='word_1_145' title='bbox 2235 2832 2452 2909; x_wconf 80' lang='lat' dir='ltr'>evol-‘-</span> 
     </span>
     <span class='ocr_line' id='line_1_22' title="bbox 320 2950 2455 3051; baseline 0 -26"><span class='ocrx_word' id='word_1_146' title='bbox 320 2966 521 3041; x_wconf 81' lang='lat' dir='ltr'>vant,</span> <span class='ocrx_word' id='word_1_147' title='bbox 558 2963 635 3025; x_wconf 88' lang='lat' dir='ltr'>et</span> <span class='ocrx_word' id='word_1_148' title='bbox 670 2951 741 3025; x_wconf 91' lang='lat' dir='ltr'>in</span> <span class='ocrx_word' id='word_1_149' title='bbox 768 2950 1047 3025; x_wconf 88' lang='lat' dir='ltr'>illorum</span> <span class='ocrx_word' id='word_1_150' title='bbox 1084 2950 1339 3023; x_wconf 90' lang='lat' dir='ltr'>animis</span> <span class='ocrx_word' id='word_1_151' title='bbox 1376 2950 1517 3023; x_wconf 90' lang='lat' dir='ltr'>alte</span> <span class='ocrx_word' id='word_1_152' title='bbox 1557 2950 2130 3051; x_wconf 80' lang='lat' dir='ltr'>defigant.Atque</span> <span class='ocrx_word' id='word_1_153' title='bbox 2169 2976 2455 3028; x_wconf 86' lang='lat' dir='ltr'>eorum-</span> 
     </span>
     <span class='ocr_line' id='line_1_23' title="bbox 324 3069 2454 3168; baseline 0 -23"><span class='ocrx_word' id='word_1_154' title='bbox 324 3072 489 3145; x_wconf 86' lang='lat' dir='ltr'>dem</span> <span class='ocrx_word' id='word_1_155' title='bbox 550 3070 1183 3145; x_wconf 82' lang='lat' dir='ltr'>ecclesiasticorum</span> <span class='ocrx_word' id='word_1_156' title='bbox 1217 3070 1587 3143; x_wconf 91' lang='lat' dir='ltr'>hominum</span> <span class='ocrx_word' id='word_1_157' title='bbox 1628 3069 1857 3143; x_wconf 90' lang='lat' dir='ltr'>zelum</span> <span class='ocrx_word' id='word_1_158' title='bbox 1903 3072 2129 3168; x_wconf 83' lang='lat' dir='ltr'>magis</span> <span class='ocrx_word' id='word_1_159' title='bbox 2177 3072 2250 3144; x_wconf 89' lang='lat' dir='ltr'>in</span> <span class='ocrx_word' id='word_1_160' title='bbox 2301 3070 2454 3145; x_wconf 89' lang='lat' dir='ltr'>dies</span> 
     </span>
     <span class='ocr_line' id='line_1_24' title="bbox 326 3186 2455 3282; baseline -0.001 -21"><span class='ocrx_word' id='word_1_161' title='bbox 326 3186 635 3261; x_wconf 83' lang='lat' dir='ltr'>excitate</span> <span class='ocrx_word' id='word_1_162' title='bbox 664 3239 686 3274; x_wconf 93' lang='lat'>,</span> <span class='ocrx_word' id='word_1_163' title='bbox 742 3186 1177 3261; x_wconf 84' lang='lat' dir='ltr'>inflammate</span> <span class='ocrx_word' id='word_1_164' title='bbox 1205 3236 1227 3274; x_wconf 91' lang='lat'>‚</span> <span class='ocrx_word' id='word_1_165' title='bbox 1282 3198 1365 3261; x_wconf 89' lang='lat' dir='ltr'>ut</span> <span class='ocrx_word' id='word_1_166' title='bbox 1418 3186 1740 3282; x_wconf 89' lang='lat' dir='ltr'>propriae</span> <span class='ocrx_word' id='word_1_167' title='bbox 1794 3188 2183 3262; x_wconf 87' lang='lat' dir='ltr'>vocationis</span> <span class='ocrx_word' id='word_1_168' title='bbox 2261 3208 2455 3261; x_wconf 88' lang='lat' dir='ltr'>sem-</span> 
     </span>
     <span class='ocr_line' id='line_1_25' title="bbox 328 3303 2458 3403; baseline 0.001 -26"><span class='ocrx_word' id='word_1_169' title='bbox 328 3328 460 3401; x_wconf 89' lang='lat' dir='ltr'>per</span> <span class='ocrx_word' id='word_1_170' title='bbox 484 3328 864 3394; x_wconf 87' lang='lat' dir='ltr'>memores,</span> <span class='ocrx_word' id='word_1_171' title='bbox 914 3316 1127 3403; x_wconf 88' lang='lat' dir='ltr'>atque</span> <span class='ocrx_word' id='word_1_172' title='bbox 1180 3303 1459 3390; x_wconf 88' lang='lat' dir='ltr'>rationi,</span> <span class='ocrx_word' id='word_1_173' title='bbox 1516 3303 2017 3393; x_wconf 85' lang='lat' dir='ltr'>exhortationi,</span> <span class='ocrx_word' id='word_1_174' title='bbox 2057 3306 2458 3380; x_wconf 87' lang='lat' dir='ltr'>doctrinae-</span> 
     </span>
     <span class='ocr_line' id='line_1_26' title="bbox 330 3423 2459 3522; baseline 0 -24"><span class='ocrx_word' id='word_1_175' title='bbox 330 3448 475 3522; x_wconf 83' lang='lat' dir='ltr'>que</span> <span class='ocrx_word' id='word_1_176' title='bbox 512 3426 861 3498; x_wconf 86' lang='lat' dir='ltr'>instantes</span> <span class='ocrx_word' id='word_1_177' title='bbox 914 3425 1259 3498; x_wconf 87' lang='lat' dir='ltr'>virtutum</span> <span class='ocrx_word' id='word_1_178' title='bbox 1316 3423 1635 3497; x_wconf 89' lang='lat' dir='ltr'>omnium</span> <span class='ocrx_word' id='word_1_179' title='bbox 1700 3424 2026 3519; x_wconf 83' lang='lat' dir='ltr'>exempla</span> <span class='ocrx_word' id='word_1_180' title='bbox 2075 3424 2459 3499; x_wconf 86' lang='lat' dir='ltr'>christiano</span> 
     </span>
     <span class='ocr_line' id='line_1_27' title="bbox 330 3543 2451 3643; baseline -0.001 -24"><span class='ocrx_word' id='word_1_181' title='bbox 330 3544 595 3643; x_wconf 88' lang='lat' dir='ltr'>populo</span> <span class='ocrx_word' id='word_1_182' title='bbox 621 3544 1029 3642; x_wconf 88' lang='lat' dir='ltr'>praebeant,</span> <span class='ocrx_word' id='word_1_183' title='bbox 1083 3544 1345 3639; x_wconf 84' lang='lat' dir='ltr'>proprii</span> <span class='ocrx_word' id='word_1_184' title='bbox 1398 3543 1774 3615; x_wconf 89' lang='lat' dir='ltr'>ministerii</span> <span class='ocrx_word' id='word_1_185' title='bbox 1825 3544 2068 3616; x_wconf 89' lang='lat' dir='ltr'>munia</span> <span class='ocrx_word' id='word_1_186' title='bbox 2120 3545 2398 3618; x_wconf 85' lang='lat' dir='ltr'>naviter</span> <span class='ocrx_word' id='word_1_187' title='bbox 2428 3597 2451 3632; x_wconf 91' lang='lat'>,</span> 
     </span>
     <span class='ocr_line' id='line_1_28' title="bbox 328 3662 2459 3763; baseline -0.001 -24"><span class='ocrx_word' id='word_1_188' title='bbox 328 3666 1051 3763; x_wconf 86' lang='lat' dir='ltr'>scienter,sancteque</span> <span class='ocrx_word' id='word_1_189' title='bbox 1076 3662 1361 3752; x_wconf 87' lang='lat' dir='ltr'>obeant,</span> <span class='ocrx_word' id='word_1_190' title='bbox 1395 3673 1468 3736; x_wconf 91' lang='lat' dir='ltr'>et</span> <span class='ocrx_word' id='word_1_191' title='bbox 1494 3664 1760 3737; x_wconf 89' lang='lat' dir='ltr'>maiore</span> <span class='ocrx_word' id='word_1_192' title='bbox 1787 3686 2012 3760; x_wconf 89' lang='lat' dir='ltr'>usque</span> <span class='ocrx_word' id='word_1_193' title='bbox 2067 3662 2459 3751; x_wconf 87' lang='lat' dir='ltr'>alacritate,</span> 
     </span>
     <span class='ocr_line' id='line_1_29' title="bbox 330 3778 2459 3880; baseline -0.002 -25"><span class='ocrx_word' id='word_1_194' title='bbox 330 3794 547 3880; x_wconf 82' lang='lat' dir='ltr'>atque</span> <span class='ocrx_word' id='word_1_195' title='bbox 575 3780 921 3855; x_wconf 88' lang='lat' dir='ltr'>industria</span> <span class='ocrx_word' id='word_1_196' title='bbox 945 3780 1400 3856; x_wconf 86' lang='lat' dir='ltr'>christianam</span> <span class='ocrx_word' id='word_1_197' title='bbox 1428 3778 1707 3878; x_wconf 89' lang='lat' dir='ltr'>plebem</span> <span class='ocrx_word' id='word_1_198' title='bbox 1762 3779 2224 3855; x_wconf 86' lang='lat' dir='ltr'>sanctissimis</span> <span class='ocrx_word' id='word_1_199' title='bbox 2274 3780 2459 3854; x_wconf 89' lang='lat' dir='ltr'>divi·-</span> 
     </span>
     <span class='ocr_line' id='line_1_30' title="bbox 332 3874 2460 3995; baseline 0 -24"><span class='ocrx_word' id='word_1_200' title='bbox 332 3920 471 3972; x_wconf 88' lang='lat' dir='ltr'>nae</span> <span class='ocrx_word' id='word_1_201' title='bbox 521 3909 803 3973; x_wconf 84' lang='lat' dir='ltr'>nostrae</span> <span class='ocrx_word' id='word_1_202' title='bbox 830 3898 1183 3995; x_wconf 82' lang='lat' dir='ltr'>religionis</span> <span class='ocrx_word' id='word_1_203' title='bbox 1212 3896 1824 3994; x_wconf 87' lang='lat' dir='ltr'>praeceptionibus</span> <span class='ocrx_word' id='word_1_204' title='bbox 1852 3874 2202 3985; x_wconf 82' lang='lat' dir='ltr'>imbuant,</span> <span class='ocrx_word' id='word_1_205' title='bbox 2235 3897 2460 3971; x_wconf 89' lang='lat' dir='ltr'>erudi-</span> 
     </span>
     <span class='ocr_line' id='line_1_31' title="bbox 336 4015 2459 4127; baseline -0.001 -37"><span class='ocrx_word' id='word_1_206' title='bbox 336 4027 491 4103; x_wconf 89' lang='lat' dir='ltr'>ant,</span> <span class='ocrx_word' id='word_1_207' title='bbox 524 4026 737 4127; x_wconf 80' lang='lat' dir='ltr'>atque</span> <span class='ocrx_word' id='word_1_208' title='bbox 762 4017 835 4091; x_wconf 89' lang='lat' dir='ltr'>in</span> <span class='ocrx_word' id='word_1_209' title='bbox 860 4026 1181 4091; x_wconf 87' lang='lat' dir='ltr'>sanctam</span> <span class='ocrx_word' id='word_1_210' title='bbox 1206 4015 1621 4091; x_wconf 89' lang='lat' dir='ltr'>catholicam</span> <span class='ocrx_word' id='word_1_211' title='bbox 1648 4016 1984 4090; x_wconf 87' lang='lat' dir='ltr'>unionem</span> <span class='ocrx_word' id='word_1_212' title='bbox 2011 4016 2459 4103; x_wconf 89' lang='lat' dir='ltr'>servandam,</span> 
     </span>
     <span class='ocr_line' id='line_1_32' title="bbox 339 4136 2468 4236; baseline -0 -25"><span class='ocrx_word' id='word_1_213' title='bbox 339 4138 927 4235; x_wconf 85' lang='lat' dir='ltr'>promovendam,</span> <span class='ocrx_word' id='word_1_214' title='bbox 957 4147 1031 4210; x_wconf 90' lang='lat' dir='ltr'>et</span> <span class='ocrx_word' id='word_1_215' title='bbox 1049 4137 1556 4236; x_wconf 86' lang='lat' dir='ltr'>sempiternam</span> <span class='ocrx_word' id='word_1_216' title='bbox 1580 4136 1953 4211; x_wconf 90' lang='lat' dir='ltr'>hominum</span> <span class='ocrx_word' id='word_1_217' title='bbox 1979 4136 2282 4211; x_wconf 88' lang='lat' dir='ltr'>salutem</span> <span class='ocrx_word' id='word_1_218' title='bbox 2310 4160 2468 4233; x_wconf 90' lang='lat' dir='ltr'>pro-</span> 
     </span>
     <span class='ocr_line' id='line_1_33' title="bbox 340 4256 2464 4334; baseline -0.004 -1"><span class='ocrx_word' id='word_1_219' title='bbox 340 4259 727 4333; x_wconf 86' lang='lat' dir='ltr'>curandam</span> <span class='ocrx_word' id='word_1_220' title='bbox 778 4258 945 4333; x_wconf 88' lang='lat' dir='ltr'>totis</span> <span class='ocrx_word' id='word_1_221' title='bbox 993 4257 1257 4333; x_wconf 83' lang='lat' dir='ltr'>viribus</span> <span class='ocrx_word' id='word_1_222' title='bbox 1294 4258 1427 4333; x_wconf 91' lang='lat' dir='ltr'>sub</span> <span class='ocrx_word' id='word_1_223' title='bbox 1483 4268 1722 4333; x_wconf 87' lang='lat' dir='ltr'>vestro</span> <span class='ocrx_word' id='word_1_224' title='bbox 1772 4259 1991 4334; x_wconf 87' lang='lat' dir='ltr'>ductu</span> <span class='ocrx_word' id='word_1_225' title='bbox 2031 4256 2464 4333; x_wconf 87' lang='lat' dir='ltr'>incumbant.</span> 
     </span>
    </p>
   </div>
  </div>
 </body>
</html>
