3317 5267
2299 431 2384 504 6¹
2405 431 2446 500 5

475 545 675 622 Nune
727 557 994 634 autem,
1056 545 1308 623 Dileeti
1364 545 1519 622 Filii
1572 546 1812 623 Nostri
1867 570 1953 621 ae
1994 541 2448 620 venerabiles

326 659 635 751 Fratres,
706 663 987 739 silentio
1028 665 1409 761 praeterire
1442 686 1586 739 non
1614 657 1996 761 possumus
2031 663 2250 738 alium
2279 685 2448 760 per-

322 783 868 860 nieiosissimum
920 805 1257 872 errorem,
1320 796 1399 858 et
1446 784 1741 872 malum,
1814 806 1955 881 quo
2001 783 2138 858 hae
2195 794 2446 858 nostra

310 901 799 976 infelicissima
848 911 1081 975 aetate
1122 902 1507 977 'hominum
1554 913 1840 976 mentes
1891 901 2250 998 animique
2305 901 2450 973 mi·-

324 1039 481 1092 sere
530 1014 996 1112 abripiuntur,
1058 1037 1157 1090 ae
1206 1015 1736 1114 perturbantur.
1767 1015 2155 1114 Loquimur
2192 1035 2454 1112 nempe

324 1137 415 1213 de
466 1135 851 1210 effraenato
900 1159 985 1210 ae
1034 1137 1381 1213 damnoso
1434 1137 1553 1214 illo
1586 1137 1873 1236 proprio
1924 1157 2164 1211 amore
2201 1147 2277 1210 et
2301 1147 2460 1210 stu·-

322 1256 469 1343 dio,
531 1277 674 1351 quo
724 1275 865 1330 non
916 1254 1122 1350 pauci
1174 1255 1528 1343 homines,
1590 1253 1786 1328 nulla
1863 1253 2072 1351 plane
2145 1251 2456 1350 proximi

326 1372 455 1446 sui·
488 1371 763 1445 ratione
815 1369 1083 1459 hahita,
1138 1371 1455 1468 proprias
1506 1369 1876 1459 utilitates,
1939 1381 2016 1446 et
2089 1370 2460 1445 commoda

326 1489 533 1566 uniee
583 1497 912 1586 spectant
960 1499 1035 1564 et
1068 1499 1425 1586 quaerunt
1460 1511 1486 1578 3
1540 1488 1902 1586 loquimur
1935 1489 2024 1562 de
2075 1485 2460 1563 insatiabili

326 1607 445 1682 illa
492 1605 901 1684 dominandi
954 1617 1027 1682 et
1078 1607 1485 1704 nequirendi
1536 1607 1954 1704 eupiditate,
2007 1629 2177 1704 qua,
2232 1606 2460 1682 hone-

324 1725 535 1801 statis
586 1725 1040 1821 iustitiaeque
1091 1724 1355 1822 regulis
1406 1725 1702 1800 omnino
1753 1723 2207 1821 posthabitis,
2261 1725 2462 1800 divi-

326 1843 467 1918 tias
492 1843 769 1942 'quovit
804 1841 1017 1918 modo
1050 1841 1515 1939 cupidissime
1543 1865 1950 1940 congerere,
1989 1854 2074 1917 et
2088 1841 2458 1918 cumulare

326 1986 471 2041 non
518 1965 878 2052 desinunt,
928 1985 1012 2038 ae
1066 1962 1364 2038 terrenis
1401 1975 1686 2038 tantum
1753 1963 1966 2039 rebus
2002 1965 2282 2038 assidue
2331 1963 2460 2038 in·-

325 2083 537 2171 tenti,
586 2091 667 2156 et
714 2079 871 2169 Dei,
927 2079 1310 2178 religionis,
1377 2081 1800 2178 animaeque
1849 2101 2020 2155 suae
2079 2081 2460 2156 immemo-

328 2225 447 2278 res
495 2223 697 2277 suam
750 2221 1036 2276 omnem
1088 2199 1506 2275 felicitatem
1547 2200 1622 2273 in
1675 2198 2166 2296 eomparandis
2193 2199 2458 2274 divitiis

328 2329 405 2396 et
454 2319 791 2417 pecuniae
842 2319 1191 2394 thesauris
1244 2339 1618 2416 perperam
1677 2317 2048 2395 collocant.
2113 2316 2460 2392 Memine-

326 2438 473 2512 rint
520 2436 925 2512 huiusmodi
974 2436 1331 2524 homines,
1384 2459 1467 2512 ae
1521 2434 1705 2510 serio
1783 2435 2222 2510 meditentur
2297 2446 2465 2532 gra·-

304 2554 619 2630 ·vissima
670 2553 785 2628 illa
838 2551 1101 2628 Christi
1169 2550 1453 2629 Domini
1538 2551 1780 2626 verba:
1845 2577 1878 2622 «
1940 2547 2124 2639 Quid
2173 2551 2463 2649 prodest

308 2695 371 2742 .»
428 2670 704 2746 homini
752 2670 817 2744 si
868 2669 1215 2744 mundum
1266 2670 1684 2745 universum
1735 2667 2048 2744 lueretur
2079 2721 2101 2758 ,
2185 2669 2462 2742 animae

332 2813 367 2860 »
406 2810 595 2863 -vero
618 2809 813 2862 snae
866 2787 1369 2868 detrimentum
1430 2787 1740 2884 patiatur
1763 2781 1808 2860 ,⁹
1860 2784 1968 2885 (ί)
2005 2809 2064 2856 w·
2099 2798 2176 2862 et
2222 2787 2464 2861 animo

326 2905 569 2982 sedulo
644 2913 977 3001 reputent
1060 2925 1243 3001 quae
1332 2901 1710 2998 Apostolus
1813 2901 2078 2978 Paulus
2175 2903 2383 2978 docet
2435 2925 2456 2974 ε

312 3047 371 3096 .»
430 3021 579 3113 Qut
620 3022 875 3097 volunt
920 3021 1181 3096 divites
1234 3019 1387 3094 fieri
1424 3071 1447 3107 ,
1510 3020 1836 3093 incidunt
1883 3021 1958 3092 in
1995 3021 2465 3094 tentationem

346 3164 399 3211 n.
436 3151 515 3214 et
560 3141 635 3212 in
684 3139 1017 3236 laqueum
1068 3135 1351 3226 diaboli,
1426 3145 1505 3209 et
1553 3135 1900 3210 desideria
1952 3135 2178 3210 multa
2229 3135 2464 3209 inuti-

346 3281 409 3330 ιι·
440 3259 559 3348 lia,
588 3269 691 3332 :et
720 3257 1012 3346 nodva,
1086 3277 1269 3354 quae
1320 3265 1662 3352 mergunt
1712 3255 2038 3331 homines
2089 3255 2164 3330 in
2213 3255 2466 3330 interi-

342 3399 379 3448 ι
434 3389 591 3451 tum
643 3387 723 3449 et
762 3375 1267 3472 perditionem.
1326 3373 1553 3447 Radix
1607 3373 1800 3448 onim
1854 3373 2176 3448 omnium
2233 3373 2464 3449 malo-

344 3517 381 3566 »
438 3515 599 3568 rum
648 3503 761 3568 est
810 3491 1183 3587 cupiditas,
1258 3511 1475 3588 quam
1527 3489 1822 3587 quidam.
1867 3493 2311 3588 appetentes,
2347 3515 2466 3565 er-

345 3635 381 3683 »
440 3622 777 3688 taverunt
854 3619 895 3682 a
970 3609 1107 3684 fide
1146 3661 1171 3698 ,
1258 3623 1335 3683 et
1404 3609 1858 3684 inseruerunt
1945 3631 2026 3684 se
2104 3607 2466 3686 doloribus

301 3771 310 3778 ·
351 3729 693 3805 *multis
742 3737 784 3800 'r
848 3725 975 3826 (2).

493 3969 586 4084 ’(1)
627 3999 843 4068 nauh.
888 4021 945 4066 c.
988 4003 1086 4070 16.
1130 4021 1192 4068 v.
1236 4001 1336 4066 26.
1537 4084 1546 4091 ,

494 4095 577 4179 (2)
620 4096 827 4181 Epist.
880 4100 926 4164 l.
974 4101 1047 4167 ad
1090 4097 1351 4167 Timoth.
1398 4113 1454 4161 e.
1496 4095 1555 4159 ⁶.
1596 4111 1661 4161 v.
1707 4095 1764 4160 9·
1811 4095 1909 4160 10.
1971 4137 1980 4148 .
