3317 5267
884 415 1029 486 644

874 527 1387 610 detrimentum
1441 527 1780 620 patiatur,
1833 521 2166 598 dubitare
2203 545 2344 598 non
2383 547 2790 621 possumus,
2839 527 3020 623 q'uln

874 646 1011 742 ipsi
1088 642 1558 720 severioribus
1642 640 2040 738 disciplinis
2093 639 2494 716 excolendis
2529 694 2552 728 ,
2607 643 2960 718 tradendis
2991 697 3020 730 ,

879 783 1233 858 sanaeque
1282 759 1646 833 doctrinae
1736 757 2040 830 tuendae
2093 779 2386 852 operam
2476 773 2827 834 navantes
2877 783 3025 834 uno

881 879 1271 976 eodemque
1325 889 1647 974 tempore
1701 889 2122 972 agnoscant,
2181 899 2258 948 se
2312 873 2567 949 debere
2593 889 2670 950 ct
2699 877 3028 976 religiose

880 998 1177 1096 exsequi
1230 997 1507 1094 regulas
1560 993 1649 1068 ab
1703 993 2024 1068 Ecclesia
2081 1015 2366 1088 semper
2417 1007 2762 1082 servatas,
2813 1009 2897 1072 et
2947 1021 3036 1070 ov

887 1112 1126 1190 bedire
1184 1113 1521 1188 omnibus
1572 1110 1910 1197 decretis,
1938 1131 2117 1206 quac
2144 1109 2326 1184 circa
2377 1111 2774 1189 doctrinam
2811 1135 2852 1186 a
2905 1137 3030 1188 su-

882 1253 1128 1328 prema
1182 1229 1445 1306 Nostra
1496 1225 1866 1302 Pontificia
1921 1224 2348 1300 auctoritate
2425 1228 2754 1304 eduntur.
2841 1227 3034 1304 Haec

886 1363 1131 1425 autem
1186 1350 1427 1427 omnia
1478 1348 1637 1423 Tibi
1691 1346 2304 1422 communicamus
2333 1397 2356 1434 ,
2434 1370 2520 1422 ac
2569 1371 3032 1446 summopere

886 1483 1247 1566 optamuS,
1302 1481 1389 1544 ut
1438 1489 1522 1542 ea
1574 1467 1662 1540 iis
1713 1464 2044 1540 omnibus
2097 1462 2448 1560 significes
2499 1466 2668 1540 viris
2699 1519 2720 1556 ,
2775 1469 2901 1565 qui
2953 1470 3030 1542 in

886 1599 1283 1664 memorato
1337 1584 1716 1663 Conventa
1767 1583 1987 1672 fuere,
2027 1584 2226 1669 dum,
2255 1584 2314 1656 si
2345 1597 2826 1681 opportunum
2869 1609 3036 1663 esse

888 1704 1399 1792 censuerimus,
1456 1701 1643 1776 haud
1701 1702 2120 1777 omittemus
2169 1699 2304 1772 alia
2359 1699 2542 1787 Tibi,
2599 1715 2678 1774 ct
2713 1700 3036 1776 Venera-

886 1821 1145 1902 bilibus
1199 1819 1568 1894 Fratribus
1622 1813 2041 1894 Germaniae
2115 1817 2488 1892 Sacrorum
2570 1818 3032 1896 Antistitibus

885 1937 1022 2012 hac
1072 1961 1287 2036 super
1340 1961 1415 2012 rc
1468 1935 1887 2034 significare,
1919 1947 2300 2032 postquam
2339 1935 2595 2022 Tuam,
2639 1949 2714 2010 et
2741 1961 3038 2014 eorum-

893 2061 1058 2134 dem
1116 2057 1542 2133 Antistitum
1597 2056 2024 2130 sententiam
2099 2055 2658 2130 intellexerimus
2737 2057 2832 2131 dc
2893 2057 3038 2132 hu-

886 2175 1191 2250 iusmodi
1245 2173 1748 2250 Conventuum
1805 2170 2360 2268 opportunitate.
2418 2171 2732 2248 Demum
2787 2187 3038 2271 pasto·-

888 2292 1115 2366 ralem
1166 2290 1397 2364 Tuam
1449 2287 1996 2364 sollicitudinem
2041 2338 2062 2374 ,
2119 2310 2202 2360 ac
2257 2287 2694 2384 vigilantiam
2771 2291 3030 2364 iterum

888 2411 1351 2486 vehementer
1399 2409 1821 2495 excitamus,
1881 2418 1961 2479 ut
2013 2429 2152 2480 una
2209 2428 2374 2481 cum
2431 2405 2588 2482 aliis
2642 2406 3034 2482 Venerabi-

884 2527 1071 2602 libus
1122 2525 1485 2600 Fratribus
1533 2523 1906 2598 Sacrorum
1961 2522 2034 2594 in
2071 2517 2482 2620 ‘Germania
2562 2525 3028 2604 Antistitibus

892 2667 1095 2721 curas
1148 2665 1422 2730 omneS,
1476 2640 2082 2738 cogitationesque
2139 2640 2209 2712 in
2265 2643 2598 2718 tuendam
2635 2657 2716 2717 et
2767 2667 3026 2742 propa-

890 2765 1193 2863 gandam
1246 2782 1493 2835 sanam
1545 2757 1944 2834 doctrinam
1993 2759 2272 2832 assidue
2353 2760 2700 2835 conferas.
2783 2761 3028 2860 Neque

892 2883 1185 2958 omittas
1234 2879 1563 2956 omnibus
1614 2877 1962 2951 inculcare
1991 2928 2014 2964 ,
2072 2887 2152 2950 ut
2205 2877 2534 2974 profanas
2583 2903 2836 2956 omnae
2887 2905 3024 2956 no-

894 3003 1154 3076 vitates
1204 2998 1583 3094 diligenter
1633 2995 2009 3081 devitent,
2065 3017 2298 3091 neque
2351 2995 2440 3070 ab
2493 2995 2625 3071 illis
2677 3021 2754 3070 se
2808 2999 3036 3096 decipi

892 3145 1214 3220 unquam
1268 3121 1659 3216 patiantur,
1717 3116 1839 3212 qui
1889 3112 2144 3186 falsam
2199 3115 2532 3192 scientiae
2585 3115 3030 3207 libertatem,

894 3242 1186 3338 eiusque
1237 3260 1378 3312 non
1436 3235 1666 3310 solum
1726 3257 1972 3308 verum
2027 3231 2463 3329 profectum,
2501 3237 2626 3310 sed
2677 3235 2898 3310 etiam
2935 3261 3040 3310 cr·

897 3380 1094 3432 rores
1146 3367 1513 3452 tamquam
1570 3374 1997 3448 progressus
2049 3351 2504 3446 impudenter
2569 3351 2858 3426 iactant.
2919 3351 3042 3424 At-

899 3495 1039 3572 que
1090 3472 1240 3572 pari
1292 3469 1526 3546 studio
1582 3481 1657 3543 et
1695 3467 2156 3544 contentione
2183 3491 2274 3540 ne
2300 3467 2580 3542 desinas
2605 3491 2854 3544 omnes
2881 3467 3048 3542 hor*-

906 3589 1067 3677 tari,
1123 3601 1207 3664 ut
1257 3587 1573 3660 maxima
1629 3611 1829 3674 cura,
1887 3595 1962 3658 et
2015 3583 2362 3660 industria
2417 3584 2488 3658 in
2543 3609 2787 3660 veram
2849 3585 3044 3660 chri-

904 3708 1215 3784 stianam
1270 3716 1346 3781 et
1396 3704 1817 3780 catholicam
1859 3705 2278 3801 sapientiam
2319 3701 2756 3791 incumbant,
2797 3715 3038 3802 atque,

904 3829 1013 3909 uti
1064 3851 1193 3926 par
1246 3838 1383 3914 est,
1426 3827 1497 3900 in
1537 3849 1820 3902 summo
1875 3825 2102 3921 pretio
2157 3824 2466 3900 babeant
2501 3847 2708 3900 veros
2743 3825 3046 3900 solidos-

906 3971 1047 4045 que
1098 3945 1453 4022 scientiae
1502 3967 1942 4041 progressus‚
1997 3943 2146 4040 qui,
2185 3943 2634 4020 sanctissima
2671 3965 2758 4016 ac
2807 3941 3044 4014 divina

906 4065 1046 4148 fide
1104 4065 1335 4150 duce,
1391 4073 1468 4137 et
1516 4061 1856 4160 magistra
1887 4112 1906 4142 ,
1965 4060 2032 4132 in
2089 4060 2456 4146 catholicis
2505 4059 2776 4136 scholis·
2821 4058 3046 4134 habiti

908 4179 1221 4270 fuerunt,
1276 4191 1495 4277 utque
1556 4177 1984 4275 theologicas
2038 4177 2454 4273 praesertim
2481 4177 2892 4276 disciplinas
2919 4199 3054 4250 ex·-
