3317 5267
933 483 1022 555 54

922 485 1254 697 nullaque
1331 595 1757 672 auctoritate
1812 596 2325 672 imminuantur
2354 648 2377 686 ‚
2428 619 2511 670 ac
2560 593 3050 671 detrahantur.

925 715 1109 790 Nam
1157 717 1220 790 si
1297 714 1366 790 id
1417 735 1735 812 unquam
1814 714 2220 812 contingere
2298 723 2541 812 posset
2570 765 2591 802 ‚
2646 715 2793 788 iam
2868 735 3063 787 nunc

925 835 1210 909 eosdem
1249 832 1740 930 paroeciarum
1776 831 2032 906 fundos
2084 855 2167 907 ac
2212 833 2535 906 redditus
2568 855 2612 904 a
2662 829 2881 906 Nobis
2928 831 3069 904 da-

921 963 1036 1026 tos
1105 951 1194 1027 ad
1243 951 1605 1048 privatum
1684 949 2024 1025 Nostrum
2104 949 2613 1048 patrimonium
2690 959 3071 1023 revocatos

922 1093 1080 1144 esse
1131 1069 1489 1157 volumus,
1544 1082 1622 1144 et
1672 1071 2199 1146 constituimus.
2265 1069 2498 1168 Atque
2552 1070 2729 1143 item
2789 1080 3068 1142 sartam

925 1197 1340 1284 tectamque
1395 1186 1723 1261 volumus
1774 1209 2081 1261 annuam
2108 1187 2449 1284 pecuniae
2500 1205 2861 1258 summam
2896 1207 3073 1258 scn-

921 1313 1234 1378 tatorum
1283 1303 1652 1398 sexaginta
1708 1323 2045 1377 romanae
2100 1313 2463 1390 monetae,
2514 1323 2697 1398 quae
2766 1301 3069 1374 canonis

919 1421 1130 1495 titulo
1153 1445 1196 1494 a
1247 1421 1528 1517 privato
1583 1419 1841 1494 Nostro
1892 1421 2323 1516 patrimonio
2348 1419 2487 1492 erit
2530 1417 2877 1492 solvenda
2928 1417 3071 1491 Se-

917 1538 1330 1636 nogalliensi
1387 1535 1909 1613 valetudinario
1962 1537 2055 1612 ob
2124 1537 2310 1611 horti
2366 1535 3055 1634 compensationem.

1077 1653 1266 1730 Haec
1317 1654 1676 1742 volumus,
1730 1654 2115 1730 statuimus
2162 1665 2377 1750 atque
2430 1653 2882 1741 mandamus,
2928 1652 3067 1726 de-

917 1785 1288 1847 cernentes
1339 1771 1468 1847 has
1547 1771 1841 1848 Nostrae
1892 1770 2197 1846 Litteras
2228 1824 2251 1859 ,
2306 1782 2385 1846 et
2432 1771 2507 1843 in
2558 1771 2663 1844 eis
2712 1781 3059 1846 contenta

921 1911 1410 1987 quaecumque
1439 1941 1460 1978 ‚
1517 1887 1737 1962 etiam
1790 1910 1881 1962 ex
1932 1909 2019 1962 eo
2096 1887 2285 1986 quod
2336 1887 2639 1986 quilibet
2712 1885 3066 1960 interesse

917 2007 1290 2096 habentes,
1345 2007 1458 2082 vel
1514 2007 1775 2084 habere
1827 2007 2372 2105 praetendentes
2426 2006 2661 2080 vocati
2712 2015 2791 2080 et
2840 2005 3065 2080 auditi

917 2149 1062 2201 non
1116 2125 1410 2214 fuerint,
1463 2147 1546 2200 sc
1599 2125 2006 2222 praemissis
2066 2146 2211 2198 non
2262 2123 2755 2198 consenserint
2782 2175 2805 2212 ,
2860 2122 3057 2198 nullo

923 2266 1242 2341 unquam
1295 2255 1616 2340 tempore
1668 2245 1757 2318 de
1810 2242 2285 2341 subreptionis
2315 2294 2338 2331 ,
2396 2241 2507 2316 vel
2560 2241 2998 2340 obreptionis
3026 2293 3051 2327 ,

917 2372 1044 2433 aut
1093 2359 1438 2434 nullitatis
1475 2360 1681 2448 vitio,
1722 2383 1849 2435 seu
1898 2359 2314 2434 intentionis
2364 2358 2691 2448 Nostrae,
2746 2359 2863 2434 vel
2912 2359 3053 2434 alio

920 2475 1238 2573 quolibet
1287 2475 1731 2550 substantiali
1782 2475 2064 2551 defectu
2114 2477 2373 2566 notari,
2426 2476 2879 2574 impugnari,
2933 2489 3059 2550 aut

925 2593 1098 2669 alias
1149 2593 1491 2691 infringi,
1543 2596 1933 2694 suspendi,
1987 2599 2341 2696 restringi,
2414 2597 2700 2672 limitari
2730 2651 2753 2686 ,
2821 2598 2936 2672 vel
2986 2599 3057 2671 in

917 2713 1473 2788 controversiam
1529 2715 1791 2804 vocari,
1846 2739 1975 2791 seu
2028 2717 2365 2792 adversus
2416 2739 2537 2791 eas
2586 2716 3059 2792 restitutionis

917 2833 990 2906 in
1047 2831 1429 2929 integrum,
1469 2835 1883 2932 aperitionis
1932 2836 2103 2924 oris,
2140 2848 2269 2911 aut
2314 2835 2502 2910 aliud
2556 2837 3057 2934 quodcumque

917 2951 1088 3025 iuris
1170 2951 1280 3027 vel
1343 2949 1510 3026 facti
1542 3004 1562 3041 ‚
1621 2966 1747 3028 aut
1824 2953 2135 3030 iustitiae
2210 2955 2602 3029 remedium
2683 2955 3055 3052 impetrari

915 3091 1152 3166 posse,
1218 3069 1344 3144 sed
1395 3093 1681 3167 semper
1730 3081 1803 3180 et
1856 3081 2205 3168 perpetuo
2259 3071 2523 3144 validas
2608 3082 2683 3145 et
2732 3072 3059 3148 efficaces

916 3187 1224 3261 existere
1275 3197 1352 3260 et
1402 3185 1582 3272 fore,
1639 3209 1949 3284 suosque
2000 3185 2349 3283 plenarios
2400 3199 2477 3260 et
2529 3189 2841 3286 integros
2877 3187 3057 3264 effc-

917 3314 1076 3378 ctns
1127 3303 1364 3379 sortiri
1441 3326 1526 3377 ac
1576 3303 1899 3379 obtinere
1930 3357 1951 3392 ,
2006 3316 2083 3378 et
2132 3303 2222 3378 ab
2300 3303 2631 3380 omnibus
2706 3307 2793 3380 ad
2871 3331 3057 3404 quos

919 3431 1197 3515 spectat
1247 3431 1324 3494 et
1367 3421 1721 3516 spectabit
1771 3421 2305 3518 quomodolibet
2334 3422 2407 3494 in
2460 3421 2780 3497 futurum
2834 3423 3063 3501 invio·-

919 3536 1226 3612 labiliter
1275 3537 1665 3628 observari,
1696 3551 1773 3615 et
1820 3541 1882 3614 si
1934 3563 2141 3615 secus
2192 3563 2408 3638 super
2456 3541 2569 3616 his
2594 3563 2635 3613 a
2686 3565 3055 3640 quoquam

915 3656 1166 3756 quavis
1217 3659 1640 3732 auctoritate
1692 3659 2007 3734 scienter.
2049 3659 2161 3733 vel
2212 3661 2622 3758 ignoranter
2668 3661 3055 3758 contigerit

919 3777 1284 3864 attentari,
1343 3777 1622 3852 irritum
1677 3791 1751 3853 et
1802 3779 2009 3854 inane
2060 3801 2215 3854 esse
2262 3802 2345 3854 ac
2394 3777 2545 3855 fore
2596 3779 2925 3855 volumus
2970 3793 3055 3856 et

910 3893 1379 3971 declaramus.

1065 4011 1224 4089 Non
1285 4014 1734 4090 obstantibus
1812 4016 2189 4113 praedictis
2242 4029 2549 4116 quatuor
2620 4014 3049 4113 Apostolicis

906 4129 1185 4207 Nostris
1239 4131 1526 4209 Litteris
1585 4133 1722 4209 sub
1776 4131 2075 4211 Plumbo
2126 4135 2339 4224 datis,
2394 4147 2471 4208 et
2530 4131 3047 4232 Chirographo,

905 4247 996 4326 de
1033 4250 1290 4348 quibus
1341 4250 1671 4350 specialis
1708 4253 1979 4330 mentio
2030 4275 2248 4350 supra
2298 4251 2485 4328 facta
2534 4263 2671 4343 est,
2710 4275 2844 4328 nec
2894 4275 3041 4328 non
