3317 5267
892 430 993 497 40

885 541 1162 615 cesanis
1215 542 1326 615 vel
1379 538 2108 636 Comprovincialibus
2176 538 2549 615 territoriis
2600 551 2676 614 et
2722 540 3019 639 quibus-

891 660 1066 733 libet
1117 660 1356 733 insitis
1413 658 1821 734 accessoriis
1870 669 2127 733 cuncta
2200 657 2316 731 illa
2393 658 2543 731 sive
2622 660 2861 747 realia,
2920 660 3021 733 si·-

908 798 996 847 ve
1033 774 1448 869 personalia,
1477 775 1630 847 sive
1653 773 1883 847 mixta
1910 773 2407 869 iura,ite1nque
2440 772 2829 869 privilegia,
2885 774 3019 849 ho-

893 914 1128 979 noreS,
1183 889 1585 978 facultateS‚
1619 894 1857 965 munia
1911 901 1993 963 et
2036 891 2337 985 quaevis
2392 900 2651 974 cetera,
2708 912 2895 987 quae
2928 891 3019 965 ad

894 1032 1256 1085 sacrorum
1291 1008 1658 1084 Canonum
1686 1022 1763 1085 et
1800 1008 2365 1106 Apostolioerum
2404 1007 3019 1083 Constitutionum

892 1150 1219 1201 normam
1271 1129 1346 1201 in
1395 1126 1614 1201 Gallia
1684 1126 2035 1214 obtinent,
2090 1127 2337 1221 eisque
2387 1126 2661 1221 pollent
2722 1124 3020 1203 Archie-

893 1248 1159 1344 piscopi
1213 1246 1755 1343 Metropolitani‚
1811 1246 2039 1343 quoad
2091 1268 2257 1320 suas
2290 1246 2507 1319 etiam
2542 1244 3018 1343 suffraganeas

897 1366 1272 1453 Ecclesias„
1303 1368 1402 1439 ita
1429 1366 1753 1439 similiter
1786 1388 1867 1439 ac
1907 1365 2219 1457 vicissim
2252 1363 2537 1450 hahere,
2578 1365 2759 1439 tueri
2800 1378 3019 1461 atque

895 1485 1068 1558 adeo
1119 1508 1468 1557 exercere.
1527 1481 1805 1579 Quique
1860 1484 2147 1557 tandem
2182 1502 2383 1561 suam
2420 1492 2709 1577 praesto
2742 1483 2841 1555 sit
2890 1482 3021 1555 ha-

893 1600 1168 1675 biturus
1219 1600 1803 1697 Metropoliticarn
1855 1601 2245 1684 civitatem,
2300 1598 2691 1673 Ecclesiam
2726 1610 2804 1675 et
2840 1598 3019 1676 Pro-

897 1722 1202 1794 vinciam
1238 1742 1401 1794 cum
1438 1718 1919 1817 suffraganeis,
1951 1722 2057 1795 uti
2082 1718 2501 1815 praefertur,
2532 1722 2824 1795 adscitis
2852 1720 3023 1819 Epi-

894 1838 1326 1934 scopatibus3
1346 1837 1600 1912 dehinc
1635 1838 1789 1911 iure
1818 1838 2105 1933 proprio
2140 1837 2357 1911 libere
2394 1840 2627 1933 possit
2662 1863 2745 1913 ea
2780 1840 3019 1916 omnia

899 1978 1112 2053 super
1166 1958 1252 2029 iis
1301 1954 1558 2043 facere,
1613 1978 1882 2051 gerere,
1912 1955 2430 2041 administrare,
2464 1958 2845 2054 inquirere,
2876 1960 3021 2033 de—

895 2098 1207 2163 cernere,
1247 2098 1328 2150 ae
1362 2077 1654 2150 demum
1690 2077 2197 2173 exsequutioni
2222 2076 2583 2162 mandare,
2625 2099 2809 2172 quae
2844 2076 3016 2153 Me·-

894 2191 1244 2287 tro-politis
1283 2191 1731 2267 praesulibus
1764 2192 2295 2288 comperiuntur
2330 2216 2423 2267 ex
2460 2193 2611 2267 iure
2658 2194 2729 2266 in
2770 2216 3019 2268 eorum

877 2306 1240 2383 ‘Civitates
1291 2312 1502 2407 inque
1533 2308 2007 2407 suffraganeas
2044 2304 2391 2387 Ecclesias
2418 2313 3019 2409 ·concreditasque

901 2422 1272 2501 Dioeceses
1321 2417 1663 2500 attributa
1716 2440 1793 2501 et
1841 2430 2245 2517 commissa,
2301 2430 2487 2501 inter
2538 2452 2723 2526 quae
2766 2428 3021 2525 profe-

897 2552 1016 2616 cto
1071 2544 1634 2641 valeat,q110ties
1690 2544 1799 2619 vel
1851 2556 2179 2640 oportere
2237 2546 2349 2621 vel
2402 2549 2733 2642 expedire
2788 2547 3022 2621 visum

901 2656 1140 2745 suerit,
1173 2662 1518 2757 synodum
1575 2674 1731 2736 tum
1770 2659 2275 2738 Dioecesanam
2316 2674 2469 2739 tum
2511 2664 3019 2741 provincialem

901 2798 1317 2866 convocare,
1347 2784 1947 2857 consecrationem
2000 2783 2149 2857 suis
2201 2782 2681 2880 suffiaganeis‚
2736 2784 2856 2858 ubi
2910 2794 3029 2857 ta-

899 2916 1066 2969 men
1121 2896 1210 2967 ab
1261 2896 1404 2971 hac.
1445 2897 1704 2973 Sancta
1756 2899 1935 2974 Sede
1988 2899 2061 2971 in
2144 2898 2511 2976 Pontificio
2590 2899 3027 2977 consistorio

899 3012 1214 3087 solemne
1266 3016 1721 3109 praeconium
1772 3016 1907 3090 rite
1960 3017 2224 3091 fuerint
2256 3018 2645 3113 assemani,
2676 3016 3019 3105 conferre,

898 3154 984 3205 ac
1035 3155 1196 3205 cum
1249 3134 1396 3206 suis
1447 3132 1907 3230 suffraganeis
1974 3137 2265 3233 negotia
2319 3136 2793 3211 ecclesiastica
2863 3148 3021 3210 tum

899 3252 1294 3348 respectiva
1347 3264 1502 3327 tum
1557 3248 2017 3329 provincialia
2071 3266 2503 3352 pertractare
2552 3266 2631 3329 et
2674 3256 2967 3329 definire
2994 3306 3019 3341 ,

907 3371 1348 3467 proindeque
1395 3372 1800 3447 huiusmodi
1838 3398 2089 3449 causas
2136 3374 2297 3471 jure
2352 3374 2847 3470 appellationis
2934 3374 3023 3447 ad

905 3486 1142 3581 ipsum
1193 3500 1442 3584 utpote
1478 3490 1562 3563 ad
1604 3490 2133 3589 Metropolitam
2206 3492 2606 3578 devolutas,
2646 3502 3021 3588 ceteraque

900 3604 1102 3677 iuxta
1177 3626 1412 3680 sacros
1463 3604 1785 3682 (kanones
1836 3622 1913 3683 et
1965 3608 2405 3703 Apostolicas
2460 3606 3022 3683 Constitutiones

871 3722 1434 3821 ‚quomodolibet
1465 3724 1556 3796 ad
1579 3746 1745 3796 cum
1773 3724 2167 3821 spectantia·
2196 3722 2479 3818 penitus
2506 3746 2883 3820 agnoscere
2920 3737 3022 3797 atv-

895 3860 1038 3935 que
1077 3837 1396 3913 definite

1060 3954 1280 4032 Porro
1338 3956 1717 4054 pristinum
1805 3957 2151 4055 palatium
2224 3958 2525 4033 antehac
2604 3956 3023 4055 Episcopale

903 4072 976 4145 in
1030 4075 1471 4151 residentiale
1523 4100 1650 4173 pro
1704 4088 2031 4172 tempore
2076 4074 2598 4173 Metropolitum
2652 4074 3020 4173 Archiepi·

901 4190 1094 4287 scopi
1149 4192 1636 4269 Rhedonensis
1693 4192 2334 4290 Archiepiseqiimn
2390 4206 2463 4269 et
2512 4192 2799 4269 Curiam
2846 4214 3013 4267 cum
