3317 5267
904 428 1041 501 ¹20

1715 554 1886 629 Αιιτ.
1947 551 2166 629 ΧΧΙΙ.

1054 781 1631 885 Archiepiscopus
1681 814 1844 866 cum
1895 792 2224 868 omnibus
2261 792 2492 891 Magni
2530 792 2744 871 Ducis
2780 792 3014 891 Magi-

890 900 1233 976 stratihus
1286 906 1698 983 immediate
1757 908 2334 985 communicabit.

1707 1141 1878 1215 Αιτ.
1937 1142 2190 1217 XXIII.

1048 1370 1299 1447 Edicta
1352 1385 1429 1449 et
1476 1376 1762 1453 decreta
1811 1402 2326 1479 quaecumque,
2380 1400 2562 1477 quae
2595 1378 2764 1453 cum
2799 1400 3016 1477 prae-

892 1492 1081 1565 senti
1132 1490 1619 1593 Conventione
1669 1519 1814 1574 non
1865 1513 2266 1598 congruunt
2292 1552 2317 1588 ‚
2367 1498 2706 1596 abrogata
2783 1510 3012 1587 sunt3

892 1632 1075 1707 quae
1129 1634 1299 1689 vero
1346 1613 1585 1711 legum
1658 1617 2156 1714 dispositiones
2225 1620 2457 1695 eidem
2535 1616 3013 1698 conventioni

888 1727 1359 1805 adversantur
1408 1734 1900 1813 mutabuntur.

1699 1974 1874 2047 Αιιτ.
1933 1974 2186 2051 xxlv.

1048 2208 1123 2284 Si
1176 2234 1357 2307 quae
1410 2210 1483 2283 in
1534 2223 1901 2308 posterum
1955 2237 2170 2313 super
2219 2216 2306 2289 iis
2345 2266 2370 2302 ‚
2424 2235 2608 2312 quae
2657 2224 3016 2289 conventa

898 2339 1102 2415 sunt,
1158 2332 1645 2424 supervenerit
1701 2330 2090 2421 difficultas,
2144 2332 2496 2409 Sanctitas
2531 2332 2670 2406 Sua
2725 2340 2802 2405 et
2854 2331 3006 2405 Re-

896 2445 1009 2539 gia
1060 2443 1415 2521 Celsitudo
1470 2449 1774 2523 invicem
1825 2449 2191 2525 conferent
2241 2450 2330 2525 ad
2364 2470 2517 2525 rem
2549 2450 2775 2524 amice
2807 2470 3016 2524 eom-

896 2564 1319 2659 ponendam.

1050 2682 1576 2761 Ratificationes
1611 2688 2002 2780 praesentis
2037 2686 2546 2763 conventionis
2569 2696 2822 2759 mutuo
2859 2695 3012 2759 tra-

894 2798 1155 2873 dentur
1208 2797 1477 2875 Romae
1527 2804 1830 2878 duorum
1879 2804 2236 2879 mensium
2289 2803 2550 2901 spatio,
2607 2813 2734 2877 aut
2765 2801 3007 2885 citius,

894 2918 955 2989 si
1006 2916 1157 2991 fieri
1206 2920 1494 3014 poterit.

1046 3036 1129 3109 In
1178 3060 1479 3135 quorum
1533 3038 1742 3115 fidem
1797 3042 2134 3139 praedicti
2183 3038 2790 3139 plenipotentiarii
2839 3036 3008 3111 huic

894 3150 1367 3231 Conventioni
1416 3156 1986 3255 subscripserunt
2014 3210 2036 3249 ‚
2118 3160 2450 3256 illamque
2519 3180 2652 3233 suo
2701 3154 3008 3255 quisque

892 3274 1121 3371 sigillo
1162 3274 1752 3373 obsignaverunt.

1048 3389 1308 3465 Datum
1364 3392 1633 3467 Romae
1688 3394 1804 3467 die
1865 3392 2200 3469 vicesima
2257 3400 2510 3467 octava
2567 3388 2750 3465 Iunii
2810 3410 3002 3464 anno

900 3522 1264 3606 reparatae
1323 3511 1569 3585 salutis
1602 3512 1979 3587 millesimo
2011 3508 2598 3605 octingentesimo
2657 3507 3016 3605 quinqua-

894 3630 1165 3724 gesimo
1217 3652 1430 3704 nono.

1049 3744 1349 3821 Carolus
1399 3745 1760 3845 Auyustus
1841 3744 2058 3822 Card.
2113 3744 2204 3820 de
2255 3744 2556 3820 Reisach
2579 3782 2622 3799 ·-
2651 3740 3010 3819 Christia-

896 3888 1032 3939 nus
1086 3864 1437 3940 Gustavus
1472 3864 1651 3939 liber
1686 3863 1882 3941 Baro
1935 3862 2024 3939 de
2075 3862 2490 3939 Berckheim
2512 3902 2555 3921 ·-
2577 3862 3008 3939 Francken-t

897 3978 1197 4057 Carolus
1252 3980 1500 4057 Rosshz·
1506 3994 1595 4053 rt.

1043 4102 1293 4199 ltaque
1328 4124 1494 4176 cum
1529 4100 1931 4175 huiusmodi
1967 4100 2454 4176 conventionis
2489 4112 2696 4197 pacta
2721 4109 2798 4173 et
2834 4124 3008 4175 con-

886 4221 1170 4295 cordata
1220 4222 1293 4293 in
1346 4219 1676 4295 omnihus
1711 4232 1786 4294 et
1811 4219 2100 4316 singulis
2135 4220 2442 4316 punctis,
2481 4218 2836 4307 clausulis,
2879 4242 2998 4291 ar·-
