3317 5267
882 444 1021 515 104

876 570 1033 629 tum
1086 556 1173 629 ad
1228 577 1347 629 eas
1416 552 1848 629 amovendas
1899 549 2344 625 difficultates
2375 600 2398 637 ,
2461 572 2647 646 quae
2725 552 3006 631 ultimis

870 673 1067 748 hisce
1118 674 1571 769 potissimum
1622 668 2060 764 temporibus
2113 678 2403 755 exortae
2457 667 2770 744 fuerunt.
2837 672 3008 748 Ma-

874 792 1071 864 xima
1134 793 1347 889 igitur
1394 790 1666 864 laetitia
1727 786 1962 863 affecti
1996 786 2287 875 fuimus,
2319 786 2442 859 ubi
2477 786 3004 866 Serenissimus

878 932 957 982 ac
1011 906 1458 983 Celsissimus
1512 907 1778 1003 Regius
1858 904 2198 1001 Princeps
2253 904 2307 977 F
2311 906 2650 979 ridericus
2705 905 3010 1004 Magnus

878 1023 1229 1099 Badarum
1282 1023 1443 1098 Dux
1494 1048 1535 1097 a
1582 1022 1802 1098 Nobis
1853 1020 2265 1117 efflagitavit
2293 1074 2314 1109 ,
2369 1031 2453 1095 ut
2525 1023 3014 1099 ecclesiastiea

878 1142 951 1215 in
1005 1140 1258 1240 Magno
1310 1167 1439 1219 suo
1492 1140 1772 1216 Ducatu
1795 1210 1802 1216 .
1825 1142 2110 1237 negotia
2143 1162 2574 1235 componere
2629 1142 3008 1219 vellemus.

879 1257 1125 1355 Itaque
1176 1259 1492 1333 eiusdem
1546 1257 1810 1355 Regiae
1862 1255 2311 1331 celsitudinis
2353 1257 2568 1343 votiS,
2621 1280 2809 1353 quae
2859 1256 3018 1335 No-

878 1386 1031 1449 stra
1082 1376 1301 1451 etiam
1334 1387 1543 1449 erant
1575 1376 1911 1449 diuturna
1947 1384 2024 1447 et
2057 1371 2584 1469 impensissima
2624 1386 2820 1461 vota,
2857 1374 3018 1447 ala-

882 1493 985 1567 cri
1033 1492 1643 1591 libentissimoque
1697 1494 1934 1567 animo
1985 1490 2550 1567 obsecundantes
2563 1542 2586 1578 ‚
2641 1493 2843 1567 omni
2893 1516 3020 1568 re·-

882 1610 1065 1683 iecta
1118 1632 1320 1684 mora
1355 1632 1521 1686 cum
1576 1612 1734 1707 ipso
1769 1608 2178 1683 Celsissimo
2212 1606 2540 1706 Principe
2585 1608 3024 1688 Conventio-

883 1750 1051 1803 nem
1101 1728 1485 1803 ineundam
1536 1750 1698 1801 esse
1771 1728 2200 1801 censuimus.
2273 1726 2506 1826 Atque
2585 1730 3018 1825 gravissinm

883 1846 1049 1920 huic
1098 1868 1267 1919 sane
1318 1846 1606 1945 negotio
1673 1866 1964 1919 manum
1999 1846 2246 1917 statim
2279 1846 2774 1933 admoventes,
2815 1844 3020 1921 Dile-

886 1979 1085 2043 ctum
1136 1966 1396 2041 Filium
1446 1962 1785 2038 Nostrum
1867 1961 2208 2036 Ioannem
2257 1961 2332 2037 S.
2395 1962 2486 2036 R.
2541 1963 2630 2037 E.
2699 1962 3020 2063 Presby-

886 2098 1121 2161 terum
1174 2080 1617 2159 cardinalem
1693 2078 2000 2153 Brunelli
2053 2080 2340 2175 pietatis
2367 2130 2389 2165 ‚
2445 2081 2812 2155 doctrinae
2843 2134 2868 2169 ‚
2929 2106 3018 2157 ac

888 2204 1303 2301 prudentiae
1355 2200 1562 2275 laude
1614 2198 2076 2294 conspicuum
2117 2221 2284 2273 cum
2320 2200 2736 2274 necessariis
2787 2199 3026 2275 facul-

892 2322 1159 2399 tatibus
1209 2320 1625 2417 delegimus„
1683 2330 1766 2393 ut
1815 2340 1982 2393 cum
2017 2314 2290 2393 Dilecto
2326 2317 2504 2393 Filio
2545 2317 2798 2394 Carolo
2833 2319 3028 2394 Bru-

888 2461 1019 2512 ner
1070 2436 1481 2513 Consiliario
1536 2459 1578 2509 a
1630 2433 1932 2531 publicis
1985 2436 2288 2531 negotiis
2339 2435 2526 2509 illius
2575 2434 2814 2532 Magni
2869 2435 3030 2513 Du-

890 2570 1125 2645 eatus,
1164 2558 1287 2654 qui
1339 2554 1429 2633 oh
1481 2556 1666 2630 hanc
1701 2576 1988 2631 causam
2027 2554 2118 2629 ab
2171 2556 2326 2652 ipso
2363 2554 2772 2631 Celsissimo
2809 2554 3032 2629 Prin-

893 2680 1049 2775 cipe
1102 2679 1361 2751 missus
1411 2675 1671 2763 fuerat,
1727 2698 1880 2749 rem
1931 2698 2220 2750 omnem
2271 2674 2517 2749 sedulo
2541 2762 2546 2769 ⁵
2573 2676 3030 2751 tractandam

892 2806 1195 2871 curaret.
1252 2791 1434 2867 Cum
1484 2805 1728 2867 autem
1779 2794 1968 2867 idem
2021 2791 2408 2867 Cardinalis
2459 2814 2502 2864 a
2554 2791 2774 2869 Nobis
2843 2792 3032 2889 Epi-

896 2938 1153 3011 scopus
1206 2913 1673 3002 Auximanus‚
1727 2924 1804 2985 et
1839 2908 2268 3007 Cingulanus
2317 2907 2571 2984 fuisset
2644 2912 3032 2987 renuncia-

894 3047 1043 3122 tus,
1097 3034 1349 3107 iccirco
1403 3032 1477 3103 in
1528 3030 1680 3103 eius
1703 3029 1940 3103 locum
1991 3028 2178 3104 illico
2207 3026 2616 3103 suffecimus
2665 3026 3034 3105 Dilectum

896 3150 1153 3225 Filium
1206 3149 1545 3223 Nostrum
1598 3143 1930 3221 Carnium
1974 3144 2368 3241 Augustum
2421 3144 2498 3221 S.
2539 3144 2632 3217 R.
2661 3145 2750 3221 E.
2809 3146 3032 3221 Pres—

890 3268 1223 3366 byterum
1302 3264 1748 3341 Cardinalem
1797 3265 1888 3339 de
1943 3261 2246 3337 Reisach
2299 3262 2594 3358 pietate,
2671 3264 3032 3351 doctrina,

894 3383 1407 3481 prudentiaque
1456 3391 1886 3478 spectatum,
1941 3390 2156 3475 atque
2207 3388 2648 3475 opportunas
2719 3380 2784 3453 ei
2837 3402 3032 3475 quo-

880 3524 1035 3598 -que
1086 3502 1611 3587 instructioneS,
1650 3498 2164 3593 facultatesque
2213 3495 2568 3583 dedimus,
2608 3508 2692 3571 ut
2725 3496 3034 3573 inchoa-

894 3630 1047 3693 tam
1096 3617 1495 3715 gravissimi
1545 3616 1756 3689 huius
1793 3614 2058 3711 negotii
2093 3613 2594 3688 tractationem
2645 3614 3036 3711 diligenter

898 3748 1447 3837 prosequeretur
1496 3748 1573 3809 et
1624 3732 2024 3809 absolveret
2058 3755 2224 3807 cum
2259 3732 2508 3807 eodem
2537 3729 2790 3807 Carolo
2841 3732 3038 3807 Bru-

895 3881 1047 3931 ner.
1103 3856 1243 3931 Sed
1292 3876 1457 3929 cum
1510 3852 1627 3927 hic
1679 3872 2098 3947 supremum
2165 3850 2360 3925 diem
2409 3848 2691 3938 obierit,
2755 3874 2800 3923 a
2851 3848 3041 3925 Cel-—

893 3974 1177 4049 sissimo
1226 3970 1484 4071 Magno
1508 3968 1812 4045 Badensi
1849 3964 2042 4043 Duce
2078 3968 2152 4041 in
2187 3969 2340 4043 eius
2381 3967 2622 4045 locum
2657 3968 3042 4045 substituti

898 4090 1189 4164 fuerunt
1239 4086 1850 4186 plenipotentiarii
1887 4084 2156 4161 Nobilis
2195 4084 2324 4159 Vir
2361 4086 2547 4161 Baro
2583 4084 3046 4163 Christianus

898 4208 1255 4285 Gustavus
1306 4210 1393 4283 de
1420 4206 1844 4283 Berckheim
1879 4202 2208 4279 Minister
2247 4204 2922 4302 Plenipotentiarius
2957 4216 3040 4279 et
