3317 5267
912 423 939 489 l
965 423 1003 490 5

900 424 1087 607 ces2is
1113 542 1460 628 perpetuo
1514 531 1896 628 seduloque
1923 532 2214 629 praesit,
2247 532 2596 626 synodum
2659 544 3032 615 convocet,

902 650 1285 745 omniaque
1360 649 1539 735 iura,
1596 648 1822 723 officia
1873 662 1950 722 et
2003 648 2246 721 munia
2303 648 2392 723 ed
2445 648 2639 723 Sacri
2725 646 3038 725 Concilii

916 765 1308 839 Tridentini
1364 766 1688 839 tramites
1743 766 1812 839 in
1869 763 2173 840 Domino
2249 786 2580 840 exercere
2655 780 2882 864 queat
2951 780 3030 843 ct

908 882 1145 955 valeat
1196 904 1337 955 una
1388 902 1549 956 cum
1604 905 1736 956 suo
1789 880 2262 957 insi-edicendo
2317 878 2644 978 capitulo
2725 882 3026 958 Archie-
3129 898 3138 907 '

912 998 1248 1095 piscopali
1300 1021 1605 1096 cumque
1658 1022 1788 1072 sua
1823 1000 2214 1095 respectiva
2251 1020 2524 1089 mensa,
2565 1024 2755 1090 arca,
2793 1002 3028 1099 sigillo

906 1116 1145 1205 Curia,
1184 1131 1261 1191 et
1296 1115 1726 1191 Cancellaria
1777 1120 2278 1217 consuetisque
2331 1140 2496 1195 cum
2549 1121 2887 1196 omnibus
2957 1134 3034 1194 et

904 1235 1201 1332 singulis
1252 1236 1645 1331 respective
1702 1219 2246 1322 pontificalibus,
2303 1236 3032 1335 Archiepiscopalibus

905 1353 1259 1449 insigniis,
1274 1352 1543 1450 gratiis,
1574 1350 1960 1439 favoribuS,
1985 1354 2518 1451 praerogativiS‚
2547 1356 3036 1451 praeeminen-

901 1472 1385 1569 -tiis,itemque
1412 1494 1575 1545 cum
1605 1468 1936 1546 omnibus
1971 1470 2240 1545 iuribus
2266 1471 2569 1547 realibus
2595 1484 2674 1545 et
2705 1496 3040 1570 persona-

912 1588 1105 1663 libus
1158 1601 1234 1662 et
1284 1590 1562 1677 mixtiS,
1604 1610 1772 1663 cum
1807 1588 2062 1663 ceteris
2113 1589 2402 1662 demum
2441 1588 2866 1687 quibusque,
2919 1604 3038 1665 ut-

912 1718 1083 1801 pote
1136 1706 1251 1777 alii
1304 1707 1379 1779 in
1436 1704 1657 1803 Regia
1707 1704 2104 1779 Sicilinmm
2153 1706 2334 1779 citra
2388 1705 2700 1781 Pharum
2765 1708 3036 1783 ditione

874 1842 879 1849 ·
920 1823 1291 1897 Antistites
1340 1822 1655 1919 gaudent
1687 1834 1904 1918 atque
1937 1820 2300 1909 fmuntur,
2337 1822 2724 1898 dummodo
2751 1824 3038 1920 speciali

908 1966 1001 2015 ex
1056 1942 1330 2018 indulto
1370 1940 1483 2016 vel
1514 1964 1820 2019 oneroso
1871 1941 2080 2016 titulo
2115 1942 2490 2040 aequisita,
2531 1954 2656 2016 aut
2691 1942 3036 2017 attributa

913 2061 1209 2134 minime
1243 2059 1533 2150 fuerint,
1576 2060 1978 2157 Apostolica
2020 2057 2458 2135 Auctoritete
2487 2059 2812 2157 praefata
2849 2085 3040 2136 nunc

912 2201 1041 2273 pro
1094 2192 1265 2253 tune
1314 2181 1595 2255 noviter
1640 2192 1717 2253 et
1765 2178 2114 2276 perpetim
2167 2179 2582 2253 extollimus
2637 2186 2858 2277 atque
2909 2182 3038 2255 eri-

913 2296 1170 2389 gimus.
1204 2294 1478 2371 interea
1528 2308 1772 2369 tamen
1812 2295 2154 2391 temporis
2189 2294 2390 2369 nefas
2417 2297 2842 2393 cuicumque
2877 2310 3036 2371 esto

919 2412 1305 2510 quidquam
1358 2416 1447 2487 de
1496 2412 1842 2490 hodierno
1871 2412 2266 2487 Barolensis
2291 2412 2650 2487 Ecclesiae
2671 2425 2869 2488 statu
2905 2415 3036 2490 de-

912 2552 1055 2627 que
1104 2530 1339 2618 boniS,
1378 2530 1616 2618 rebus,
1654 2530 2098 2628 praebendis,
2139 2530 2400 2618 fundiS,
2455 2531 2864 2628 privilegiis,
2901 2532 3035 2606 be-

908 2647 1205 2735 neficiis,
1232 2649 1886 2735 consuetudinibuS‚
1917 2660 1992 2721 et
2045 2650 2302 2723 ceteris
2338 2646 2902 2747 quibuscumque
2945 2651 3034 2723 ed

914 2764 1217 2841 Sanctae
1244 2764 1507 2839 Mariae
1532 2766 1818 2841 Maioris
1851 2767 2272 2863 praesertim
2301 2764 2706 2863 Capitulum
2743 2776 3035 2841 utcum-

912 2906 1057 2981 que
1108 2884 1628 2980 pertinentibus
1683 2887 2088 2961 immutare.

1070 3002 1249 3077 Cum
1304 3028 1473 3079 vero
1526 3016 1924 3101 opportune
1969 3004 2344 3099 contingat
2393 3024 2768 3099 superesse
2801 3000 3036 3076 adhuc

914 3118 1149 3195 Baroli
1196 3122 1790 3219 archiepiscopale
1827 3120 2176 3195 Palatium
2214 3119 2578 3197 Ecclesiae
2631 3118 3032 3197 Nea-,mnae

912 3240 1227 3314 anterius
1278 3240 1441 3317 illuc
1490 3264 1940 3338 suppressae,
1985 3239 2153 3316 illud
2189 3262 2320 3337 pro
2373 3242 2564 3313 novo
2613 3236 2846 3311 naroli
2887 3238 3034 3310 Ar·-

910 3357 1365 3457 chiepiscopo
1402 3410 1425 3446 ‚
1490 3369 1573 3431 ut
1644 3356 1998 3455 aliquibus
2061 3359 2226 3431 anni
2287 3354 2650 3431 mensibus
2702 3355 2972 3429 incolet
3003 3406 3026 3443 ‚

874 3474 1211 3579 'eiusque
1266 3474 1543 3550 vicario
1610 3474 1935 3551 Gener-ali
1997 3488 2074 3549 et
2143 3470 2642 3553 Ecclesiastica
2697 3471 2908 3546 Curia
2959 3486 3034 3547 et

914 3588 1347 3669 cancellaria
1396 3605 1744 3690 perpetuo
1797 3595 2130 3667 similiter
2181 3592 2716 3678 constituimus,
2755 3591 3032 3687 praeci-

918 3712 1174 3807 piendo
1225 3724 1308 3788 ut
1358 3734 1400 3785 a
1450 3712 1798 3787 Traneusi
1852 3710 2283 3788 cancellaria
2335 3710 2665 3807 prudenti
2729 3708 3032 3785 Archic-

912 3832 1181 3928 piscopi
1230 3830 1523 3907 arbitrio
1577 3830 1936 3907 Barolensi
1988 3830 2524 3907 Ecclesiasticae
2559 3824 3028 3905 cancellariae

918 3944 1323 4023 huiusmodi
1376 3948 1748 4023 nudantur
1795 3949 2032 4025 omniu
2085 3959 2162 4023 et
2193 3946 2471 4044 singula
2505 3943 2798 4040 scripta,
2838 3942 3022 4029 libri,

914 4062 1371 4151 documenta,
1424 4065 1702 4162 aliaque
1751 4066 1838 4139 ad
1893 4076 2250 4163 posteram
2303 4082 2827 4163 quamcumque
2897 4084 3030 4158 op-

912 4182 1423 4273 portunitatem
1460 4206 1641 4280 quae
1673 4184 1760 4258 ad
1798 4206 2062 4259 novum
2091 4182 2603 4260 pioecesanum
2642 4178 3026 4257 Barolense

928 4282 1361 4375 territorium
1410 4301 1859 4398 spectabunt.
