3317 5267
2309 454 2452 525 105

336 568 645 669 Legatus
696 568 1295 645 extraordinarius
1346 564 1433 639 ad
1470 564 1653 639 hanc
1689 564 2028 640 Sanctam
2059 565 2345 653 Sedem,
2373 589 2455 639 ac

332 686 654 762 Dilectus
707 685 925 760 Filius
980 683 1394 757 Franciscus
1447 679 1738 756 Carolus
1772 680 2106 755 'Rosshirt
2139 682 2212 754 in
2267 690 2458 755 utro-

333 828 481 901 que
535 806 685 877 iure
736 801 1003 877 Doctor
1052 812 1267 897 atque
1316 822 1359 871 a
1410 798 1740 873 Consiliis
1787 800 2124 894 supremi.
2185 795 2458 873 Tribu-

329 921 513 995 nalis
564 920 875 993 iustitiae
930 920 1003 991 in
1082 916 1337 1013 Magno
1416 915 1720 989 Radensi
1785 912 2091 1003 Ducam,
2147 928 2230 991 ut
2287 936 2453 991 cum

328 1038 585 1112 eodem
622 1034 897 1111 Dilecto
940 1034 1117 1109 Filio
1156 1032 1411 1109 Nostro
1462 1031 1814 1107 Cardinali
1849 1034 1937 1107 de
1979 1033 2278 1109 Reisach
2330 1058 2462 1107 su-

326 1166 653 1252 sceptum
706 1154 889 1228 tanti
944 1154 1291 1229 momenti
1342 1152 1712 1249 negotium
1763 1154 1852 1227 ad
1931 1153 2206 1227 exitum
2286 1176 2453 1249 per-

326 1278 693 1352 ducerent.
752 1275 851 1349 Et
874 1278 1213 1374 quoniam
1240 1276 1465 1373 probe
1488 1274 1960 1351 noscehamus
1992 1295 2138 1372 qna
2189 1276 2455 1349 eximia

324 1396 619 1483 iustitia,
660 1396 1041 1493 aequitate,
1098 1394 1496 1493 excelsique
1546 1395 1770 1469 animi
1805 1394 2319 1492 magnitudine,
2373 1406 2451 1472 et

322 1540 463 1615 qua
514 1539 863 1613 propensa
914 1518 989 1589 in
1042 1514 1441 1591 Catholicos
1476 1514 1612 1591 sibi
1671 1516 1996 1591 subditos
2077 1516 2451 1591 voluntate

320 1637 593 1711 eniteat
626 1636 811 1712 idem
866 1634 1315 1711 Celsissimus
1358 1632 1697 1733 Princeps
1749 1632 2050 1732 Magnus
2099 1635 2451 1709 Badarmn

326 1750 520 1843 Dux,
574 1754 831 1829 iccirco
881 1752 1087 1827 flrma
1124 1766 1459 1851 certaque
1510 1776 1637 1849 spe
1672 1752 2082 1831 nitebamur
2127 1751 2308 1841 fore,
2337 1765 2447 1840 ut,

322 1868 471 1945 Deo
524 1870 909 1946 auxiliante
939 1924 961 1962 ‚
1016 1872 1199 1945 tanti
1252 1872 1599 1945 momenti
1676 1894 1792 1944 res
1844 1880 2172 1968 optatum
2251 1894 2450 1947 asse-

323 2000 665 2085 queretur
718 1988 1017 2062 exitum.
1090 1987 1189 2062 Ac
1242 1987 1708 2062 vehementer
1754 1986 2129 2075 laetamur,
2195 1988 2442 2063 huius-

318 2106 515 2180 modi
564 2106 895 2181 Nostram
950 2128 1155 2203 spem
1208 2105 1395 2180 haud
1448 2106 1730 2179 inanem
1798 2104 2074 2179 fuisse.-
2123 2105 2446 2203 Namque

320 2234 489 2320 post
536 2224 943 2297 diuturnam
998 2222 1457 2319 sedulamque
1510 2222 2108 2297 consultationem
2141 2275 2164 2311 ,
2220 2224 2442 2299 veluti

320 2342 421 2414 rei
473 2340 782 2437 gravitas
836 2338 1267 2437 postulabat,
1322 2334 1718 2413 Conventio
1755 2340 1906 2435 ipsa
1943 2340 2262 2435 pluribus
2315 2338 2438 2415 Ar-

318 2456 967 2545 ticulis-distincta,
1006 2467 1159 2531 eta
1211 2452 1365 2531 VV.
1424 2456 1563 2530 FF.
1622 2456 1773 2532 NN.
1833 2458 1908 2532 S.
1969 2458 2058 2532 R.
2117 2456 2205 2532 E.
2261 2456 2442 2533 Car-

315 2576 665 2653 dinalibus
700 2575 1276 2673 Congregationis
1310 2574 1627 2673 Negotiis
1664 2576 2156 2652 ecclesiasticis
2192 2590 2436 2652 extra·-

312 2695 689 2772 ordinariis
738 2696 1180 2791 praepositae
1234 2697 1666 2783 examinata,
1705 2716 1870 2767 cum
1923 2698 2176 2771 eodem
2227 2696 2438 2770 Sere-

310 2814 612 2887 nissimo
640 2836 720 2886 ac
746 2806 1407 2913 CelsissimoJRegio
1434 2810 1758 2909 Principe
1795 2812 2150 2889 Friderico
2175 2814 2436 2911 Magno

314 2930 620 3005 Badensi
674 2928 865 3005 Duce
918 2930 1055 3005 fuit
1102 2934 1308 3018 inita,
1364 2942 1581 3028 atque
1634 2932 1724 3005 ad
1775 2943 2104 3029 optatum
2158 2932 2432 3009 exitum

313 3051 680 3147 perducta.
736 3047 916 3123 Cum
945 3062 1187 3125 autem
1224 3052 1545 3125 eiusdem
1572 3047 2080 3127 conventionis
2137 3051 2430 3126 Articuli

310 3176 471 3240 tum
524 3188 567 3238 a
617 3163 901 3256 Nostro,
962 3178 1117 3241 tum
1170 3168 1260 3240 ab
1314 3168 1633 3240 eiusdem
1688 3164 1922 3262 Magni
2000 3166 2216 3242 Ducis
2269 3166 2436 3241 Ple-

314 3284 833 3379 nipotentiariis
885 3284 997 3359 die
1050 3288 1387 3361 vicesima
1440 3296 1694 3359 octava
1747 3285 2012 3358 mensis
2064 3285 2244 3358 lunii
2297 3286 2440 3360 hu-

310 3400 425 3475 ius
454 3400 621 3473 anni
645 3399 908 3474 fuerint
936 3400 1565 3498 subscripti‚atque
1593 3423 1635 3472 a
1664 3397 1880 3473 Nobis
1906 3400 2438 3497 diligentissime

311 3517 698 3613 perpensi,
764 3518 1097 3593 eamdem
1180 3516 1748 3593 Conventionem
1799 3539 2128 3612 suprema
2181 3516 2438 3594 Nostra

310 3634 741 3710 auctoritate
792 3636 1353 3711 confirmandam
1406 3658 1563 3710 esse
1600 3636 2199 3725 existimavimus,
2238 3660 2438 3711 eam-

310 3774 459 3849 que
534 3754 853 3829 maximo
934 3758 1330 3829 animarum
1412 3755 1790 3832 commodo
1821 3808 1840 3843 ,
1907 3766 1984 3829 et
2049 3755 2434 3829 catholicae

308 3866 669 3944 Ecclesiae
721 3870 909 3946 bono
960 3871 1272 3947 futuram
1308 3894 1491 3959 esse,
1534 3868 1686 3945 Deo
1739 3872 2226 3961 benedicente,
2255 3894 2432 3947 con-

303 3989 617 4066 fidimus.
701 3990 925 4067 Huius
1004 4004 1245 4069 autem
1300 3992 1812 4071 Conventionis
1893 4006 2098 4070 tenor
2147 4008 2258 4070 est
2309 3997 2432 4094 qui

306 4110 660 4207 sequitur,
716 4106 1067 4187 videlicet.
