3317 5267
2244 455 2391 528 467

273 563 528 642 rituale
577 561 1016 639 Dioecesium
1069 563 1333 639 bonum
1393 563 1939 659 procurandum,
2006 589 2393 665 earumque

273 683 467 755 mala
519 681 898 754 avertenda
951 679 1325 754 Pastorum
1363 679 1544 755 oculi
1589 701 1917 775 magnam
1954 683 2101 781 vim
2139 683 2401 759 habere

271 799 550 872 soleant
579 849 598 879 ,
654 797 902 870 iccirco
932 848 954 883 ,
1009 797 1260 872 dilecte
1313 795 1445 869 Fili
1503 794 1763 869 Noster
1813 819 1897 870 ac
1947 795 2403 875 venerabiles

275 914 586 1001 FratreS,
641 935 736 986 ne
784 913 1132 988 omittatis
1183 923 1461 988 vestras
1517 910 1897 986 Dioeceses
1931 927 2255 991 accurate
2290 917 2406 990 in-

271 1031 506 1105 visere
555 1039 633 1103 et
683 1027 864 1103 Cleri
917 1027 1298 1126 populique
1363 1051 1602 1103 mores
1666 1027 1911 1102 sedulo
1972 1054 2349 1128 agnoscere
2379 1085 2401 1121 ,

273 1157 490 1245 atque
541 1147 736 1222 omni
787 1146 1146 1242 diligentia
1181 1155 1258 1218 et
1291 1145 1532 1220 studio
1569 1167 1753 1243 quae
1788 1148 2201 1245 corrigenda
2233 1161 2407 1224 sunt

272 1265 652 1340 emendare
711 1276 789 1337 et
849 1263 1272 1350 convellere,
1339 1273 1415 1338 et
1473 1262 1771 1358 flagitia,
1844 1265 1905 1337 si
1980 1289 2163 1364 quae
2232 1268 2401 1356 sint,

274 1381 636 1455 eliminare
687 1401 1084 1478 pravasque
1143 1389 1514 1475 amputare
1577 1380 2124 1456 consuetudines
2154 1433 2175 1468 ,
2237 1405 2409 1481 pec-

273 1499 620 1596 candique
673 1498 1078 1573 occasiones
1132 1495 1404 1583 tollere,
1447 1506 1522 1570 et
1559 1493 1824 1593 ubique
1859 1498 2176 1574 locorum
2212 1499 2411 1574 chri-

272 1617 582 1690 stianam
635 1614 1191 1701 institutionem,
1229 1625 1304 1688 et
1341 1625 1950 1690 sacramentorum
1986 1639 2223 1707 usum,
2265 1641 2409 1716 quo

273 1731 452 1805 nihil
503 1731 888 1808 christiano
941 1728 1202 1828 populo
1253 1741 1366 1803 est
1415 1727 1791 1820 salubrius,
1846 1755 2293 1829 promovere,
2334 1747 2411 1809 et

267 1849 546 1924 dierum
597 1847 948 1924 festorum
1004 1847 1301 1934 cultum,
1342 1868 1424 1919 ac
1461 1847 1892 1945 templorum
1931 1852 2407 1926 reverentiam

271 1965 648 2051 inculcare,
679 1975 754 2038 et
779 1963 1062 2038 Clerum
1115 1965 1203 2038 ad
1233 1964 1514 2061 propria
1543 1965 1769 2040 officia
1811 1968 2055 2044 sedulo
2084 1967 2405 2045 obeunda

263 2083 608 2167 excitare,
644 2091 722 2155 et
754 2081 1096 2177 populum
1121 2081 1209 2155 ad
1245 2103 1494 2154 omnes
1528 2082 1951 2159 christianas
1976 2088 2407 2161 exercendas

267 2198 576 2272 virtutes
601 2196 1064 2272 inflammare.
1099 2197 1334 2294 Atque
1361 2198 1769 2297 episcopali,
1788 2200 1904 2273 uti
1930 2223 2061 2297 par
2090 2213 2226 2290 est,
2258 2199 2409 2278 for-

271 2313 606 2401 titudine,
643 2314 730 2388 iis
765 2311 1096 2388 omnibus
1131 2313 1440 2386 resistite
1475 2336 1661 2410 quae
1696 2327 1943 2389 contra
1976 2315 2395 2406 Ecclesiam,

269 2432 564 2530 eiusque
614 2433 1011 2506 veneranda
1062 2433 1214 2505 iura
1265 2442 1342 2506 et
1377 2430 1567 2528 leges
1603 2433 1765 2507 istic
1802 2434 2093 2531 impune
2122 2445 2405 2532 patran-

267 2561 412 2623 tur.
473 2549 760 2624 Etenim
813 2549 1002 2623 haud
1055 2549 1420 2646 ignoratis,
1477 2549 1793 2624 debitam
1830 2551 2020 2626 civili
2056 2555 2401 2650 potestati

265 2665 752 2742 obedientiam
807 2669 1150 2764 praestari
1201 2677 1528 2764 oportere
1582 2666 1654 2740 in
1710 2669 1799 2742 iis
1850 2681 2132 2744 tantum
2170 2673 2407 2747 omni-

260 2785 428 2870 bus,
501 2809 682 2883 quae
746 2783 903 2874 Dei,
969 2788 1262 2884 eiusque
1327 2785 1630 2861 Sanctae
1700 2785 2060 2862 Ecclesiae
2130 2789 2405 2886 legibus

268 2903 564 2976 minime
635 2903 1120 2978 adversantur.
1197 2902 1388 2978 Nihil
1455 2903 2005 2999 praetermittite
2045 2957 2067 2994 ,
2136 2904 2401 2982 Dilecto

267 3019 406 3092 Fili
456 3018 712 3094 Noster
763 3043 846 3094 ac
899 3018 1352 3094 venerabiles
1403 3017 1691 3092 Fratres
1729 3069 1751 3106 ,
1807 3021 1994 3116 quod
2050 3021 2138 3096 ad
2190 3023 2409 3097 mini-

271 3137 570 3212 sterium
627 3150 947 3212 vestrum
999 3137 1374 3236 diligenter
1422 3135 1863 3232 implendum
1896 3139 2155 3234 quovis
2194 3141 2407 3216 modo

275 3253 616 3350 pertinet,
672 3275 763 3326 ne
817 3252 1101 3349 quando
1151 3250 1590 3349 gravissimis
1626 3249 1765 3324 illis
1802 3250 2039 3325 verbis
2079 3251 2221 3328 Vos
2258 3249 2407 3328 Do-

274 3371 514 3443 minus
577 3367 958 3465 exprobret
1025 3395 1060 3440 «
1129 3367 1326 3466 quod
1389 3365 1749 3440 infirmum
1812 3366 1948 3440 fuit
2012 3391 2153 3444 non
2216 3392 2407 3445 eon-

279 3513 316 3556 κ
375 3487 756 3574 solidastis,
815 3489 1002 3584 quod
1057 3497 1422 3584 aegrotum
1477 3507 1622 3559 non
1659 3485 2009 3573 sanastis‚.
2028 3486 2217 3584 quod
2242 3510 2409 3562 con-

277 3630 312 3676 »
374 3604 678 3681 fractum
741 3628 887 3681 non
953 3605 1318 3703 alligastis,
1355 3617 1434 3678 et
1471 3603 1661 3701 quod
1722 3602 2081 3678 abiectum
2114 3618 2227 3680 est
2258 3630 2421 3684 non·

285 3748 322 3793 »
385 3724 796 3812 reduxistis,
861 3737 938 3798 et
997 3726 1188 3822 quod
1247 3725 1554 3821 perierat
1585 3745 1727 3797 non
1766 3723 2142 3820 quaesistis
2184 3747 2217 3794 »
2262 3721 2395 3822 (1).

275 3839 614 3930 Quocirca
669 3843 866 3918 omni
921 3844 1186 3918 virtute
1238 3852 1312 3916 et
1349 3841 1749 3918 constantia
1786 3843 2056 3916 exerite
2092 3841 2403 3938 gladium

267 3961 588 4055 spiritus,
658 3960 848 4056 quod
909 3970 1024 4034 est
1085 3958 1380 4034 verbum
1449 3956 1608 4047 Dei,
1674 3958 2111 4056 praedicate,
2174 3967 2257 4030 ut
2326 3959 2401 4032 in

439 4243 524 4324 (1)
570 4241 790 4310 Ezech.
837 4261 891 4308 c.
919 4239 1160 4308 XXXIV
1187 4259 1251 4307 v.
1287 4241 1344 4304 4.
