3317 5267
2228 493 2375 569 463

235 660 510 710 'nuncto
551 657 705 706 rino
746 657 962 706 nosno
1004 659 1346 708 nummu
1383 658 1701 708 nmmum
1740 661 1793 710 S.
1835 663 1891 710 B.
1933 664 1992 712 B·-
2022 665 2374 714 ransmao

264 755 574 804 manuum
615 753 934 801 aonnleusss
975 753 1360 802 rumiliacum
1403 753 1761 815 melioratum,
1804 757 1875 803 m·
1916 758 2371 807 numantinus

262 849 568 897 nummus
610 846 860 896 IOSEPRO
903 847 1183 895 {omnmo
1223 849 1666 896 Ancnmrlszoro
1708 851 2051 900 Bucafflusl
2070 885 2085 911 ,
2130 853 2373 902 losm’flo

264 941 520 990 amomo
584 940 1030 989 Aacninrlscoro
1099 942 1377 989 nonnum
1445 943 1761 1000 BORUHQUB
1825 945 2243 994 surruufflms
2309 948 2371 994 m

1009 1035 1310 1083 memma
1349 1034 1662 1084 Episcopus.

885 1183 1142 1276 PIVS
1202 1187 1504 1275 PAPA
1559 1188 1713 1276 IX.

251 1351 596 1512 Dilecta
649 1431 782 1511 Fili
831 1435 1086 1513 Noster
1133 1461 1216 1511 ac
1271 1433 1721 1514 venerabiles
1774 1436 2057 1518 Fratres
2090 1496 2110 1532 ,
2184 1443 2374 1517 salu·-

249 1569 402 1631 tem
437 1569 512 1630 et
550 1556 1025 1653 Apostolicam
1076 1555 1678 1633 Benedictionem.
1720 1557 1877 1648 Quo
1914 1561 2239 1658 graviora
2274 1583 2365 1634 ex

247 1675 536 1750 nefariis
589 1677 1149 1751 adversariorum
1199 1676 1839 1752 machinationibus
1880 1681 2369 1754 sanctissimae

250 1801 538 1866 nostrae
617 1791 990 1888 religioni,
1071 1801 1148 1865 et
1223 1790 1534 1867 fidelium
1588 1793 2059 1878 incolumitati
2134 1796 2379 1870 immi·-

249 1918 429 1982 nent
464 1907 674 1993 mala,
732 1929 817 1983 eo
871 1907 1278 1983 alacriorem
1317 1908 1390 1981 in
1429 1909 1514 1982 iis
1551 1911 2041 2007 propulsandis
2088 1935 2375 2009 operam

249 2024 665 2120 impendere
717 2022 978 2097 debent
1027 2021 1422 2124 Episcopi‘ff,
1477 2049 1518 2098 a
1571 2024 1826 2124 quibus
1890 2030 2085 2102 omni
2143 2028 2379 2104 studio

245 2141 404 2236 ipsa
477 2139 718 2234 religio
807 2154 924 2214 est
1005 2141 1542 2238 propugnanda,
1631 2154 1706 2216 et
1790 2143 2101 2219 fidelium
2188 2145 2379 2220 salus

241 2255 707 2352 procuranda.
775 2254 1026 2353 Itaque
1093 2257 1284 2330 inter
1346 2258 1722 2346 maximas,
1794 2261 2047 2358 quibus
2101 2262 2382 2358 premi-

245 2395 438 2460 mur,
495 2373 914 2446 acerbitates
967 2395 1252 2448 summo
1305 2387 1496 2448 certe
1551 2375 1897 2450 afficimur
1946 2378 2184 2454 dolore
2247 2403 2379 2451 no·-

245 2499 558 2576 scentes‚
601 2486 870 2563 Dilecta
923 2487 1054 2562 Fili
1107 2489 1360 2564 Noster
1410 2513 1491 2564 ac
1545 2490 1997 2567 venerabiles
2063 2495 2379 2582 Fratres,

243 2607 320 2678 in
373 2629 516 2703 qua
577 2605 1002 2701 deploranda
1067 2629 1236 2680 sane
1301 2607 1701 2683 conditione
1762 2611 2147 2686 catholicae
2218 2612 2377 2686 Re·—

243 2725 522 2822 ligionis
557 2737 632 2798 et
667 2723 1026 2798 Ecclesiae
1079 2748 1192 2799 res
1229 2727 1298 2798 in
1338 2726 1479 2800 isto
1516 2750 1737 2824 regno
1774 2743 2175 2818 versentur,
2202 2731 2373 2827 quin

242 2851 516 2938 pateat,
568 2863 726 2914 eam
769 2863 810 2913 a
876 2839 1090 2916 Vobis
1157 2843 1228 2916 in
1291 2844 1711 2939 gravissimo
1774 2847 2151 2943 episcopali
2210 2869 2377 2921 mu·

243 2981 416 3032 nere
463 2958 793 3033 obeundo
846 2956 1161 3033 adhiberi
1214 2959 1652 3055 vigilantiam
1718 2975 1793 3036 et
1852 2962 2368 3050 fortitudinem,

247 3098 470 3174 quam
525 3077 588 3150 si
643 3098 952 3172 semper,
1006 3077 1078 3148 in
1115 3077 1248 3150 hae
1285 3079 1699 3172 praesertim
1736 3089 1933 3152 tanta
1971 3093 2378 3176 temporum

243 3193 644 3291 iniquitate,
701 3201 776 3266 et
827 3193 1050 3288 ipsius
1103 3195 1318 3268 vestri
1373 3195 1685 3268 muneris
1739 3195 2073 3284 officium,
2126 3209 2201 3270 et
2254 3221 2374 3271 ca·-

245 3308 550 3384 tholicae
601 3309 960 3384 Ecclesiae
1013 3332 1250 3398 causa,
1309 3320 1384 3384 et
1433 3309 1745 3385 fidelium
1786 3310 2003 3387 Vobis
2037 3317 2376 3390 commis-

242 3447 488 3502 sorum
540 3426 734 3502 salus
769 3427 1058 3502 omnino
1091 3441 1508 3524 exposcunt.
1543 3425 1887 3517 Quocirca
1914 3427 2377 3530 dejspirituali

250 3544 556 3630 istorum
617 3543 928 3619 fidelium
977 3542 1166 3620 bono
1221 3545 1685 3620 vehementer
1734 3549 1929 3620 anxii
1976 3571 2061 3623 ac
2094 3549 2383 3625 solliciti

243 3685 374 3759 pro
430 3662 811 3759 Apostolici
847 3659 1088 3738 Nostri
1115 3664 1487 3738 ministerii
1516 3663 1757 3739 debito
1790 3687 1933 3740 non
1961 3690 2367 3762 possumuS,

244 3781 416 3877 quin
447 3780 590 3856 Vos
627 3783 845 3856 etiam
885 3792 1102 3880 atque
1137 3781 1354 3855 etiam
1393 3781 1787 3856 excitemus
1840 3793 1915 3856 et
1963 3783 2365 3874 hortemur,

247 3909 330 3972 ut
385 3919 661 3972 summa
713 3923 882 3974 cura
933 3909 1007 3972 et
1057 3897 1450 3974 constantia
1502 3919 1751 3971 omnes
1802 3899 2217 3997 episcopalis
2252 3926 2370 3978 ve-

249 4013 380 4086 stri
431 4014 748 4090 muneris
799 4026 1038 4111 partes
1090 4011 1604 4088 studiosissime
1637 4013 1931 4110 implere
1968 4015 2225 4092 velitis.
2261 4017 2367 4094 Ad

249 4129 390 4206 Vos
441 4133 662 4220 enim,
719 4133 842 4231 qui
894 4133 966 4206 in
1019 4143 1296 4228 partem
1349 4129 1865 4220 sollicitudinis,
1901 4133 2099 4208 cuius
2136 4134 2368 4230 pleni-

247 4249 414 4322 tudo
485 4249 700 4324 Nobis
771 4249 1151 4324 commissa
1221 4245 1384 4333 fuit,
1456 4247 1705 4320 adsciti
1780 4249 1984 4334 estis,
2058 4251 2369 4324 maxime

250 4368 557 4462 pertinet
607 4367 1094 4444 sanctissimae
1145 4365 1331 4454 fidei,
1385 4387 1767 4463 sacraeque
1829 4366 2189 4443 doctrinae
2240 4369 2371 4444 de-

1764 4483 1857 4555 30
