3317 5267
286 566 611 641 monium
662 589 875 663 opera
906 619 927 653 ,
983 564 1303 653 consilio,
1358 586 1653 641 assensu
1715 574 1791 638 et
1844 562 1980 637 alia
2063 586 2416 661 quacum-

286 706 429 781 que
466 682 739 756 ratione
767 682 1057 769 violare,
1088 680 1529 778 perturbare,
1560 690 1635 753 et
1663 702 2003 775 usurpare
2031 682 2186 755 ausi
2213 692 2408 755 sunt.

450 796 637 871 Dum
688 821 858 874 vero
910 798 1115 873 officii
1185 797 1425 873 Nostri
1477 798 1748 872 ratione
1819 799 2168 895 compulsi
2238 797 2414 872 haec

288 936 435 990 non
470 914 609 987 levi
660 925 855 989 certe
888 906 1131 987 animi'
1161 913 1397 989 Nostri
1433 911 1672 988 dolore
1708 914 2088 1001 declarare,
2137 926 2212 987 et
2264 916 2419 989 edi-

288 1054 451 1106 cere
503 1032 849 1127 cogimur,
922 1032 1398 1107 miserrimam
1462 1040 1573 1105 tot
1624 1030 1928 1106 filiorum
1999 1032 2420 1107 caecitatem

290 1150 793 1224 illacrimantes
830 1174 873 1223 a
922 1151 1197 1225 clemen
1206 1150 1479 1225 tissimo
1531 1149 2170 1223 misericordiarum
2207 1147 2418 1224 Patre

290 1266 659 1341 humiliter
710 1267 1063 1366 enixeque
1128 1290 1513 1363 exposcere
1584 1290 1730 1341 non
1805 1268 2218 1341 desistimus
2247 1322 2268 1357 ,
2339 1280 2424 1343 ut

294 1388 772 1483 omnipotenti
826 1410 955 1463 sua
1036 1387 1305 1462 virtute
1373 1386 1631 1461 efficiat
1662 1438 1684 1474 ,
1742 1398 1824 1460 ut
1892 1388 2422 1486 quamprimum

288 1505 787 1601 optatissimus
840 1504 1201 1579 illucescat
1250 1504 1431 1595 dies,
1488 1528 1633 1603 quo
1684 1515 1761 1579 et
1813 1504 2006 1599 ipsos
2077 1504 2254 1577 fflios
2305 1526 2425 1577 re-

292 1621 748 1719 sipiscentes,
805 1631 1021 1719 atque
1074 1622 1165 1695 ad
1218 1620 1527 1698 officium
1578 1622 1908 1697 reductos
1961 1624 2224 1699 iterum
2295 1646 2429 1719 pa-

292 1754 503 1817 terno
552 1741 717 1815 sinu
768 1762 931 1815 cum
970 1740 1225 1836 gaudio
1278 1739 1629 1835 excipere,
1671 1750 1748 1813 et
1797 1740 1995 1815 omni
2049 1738 2425 1835 perturba·-

297 1859 493 1933 tione
566 1856 848 1931 sublata
920 1856 1244 1933 ordinem
1324 1855 2062 1953 tranquillitatemque
2134 1856 2206 1928 in
2272 1866 2426 1931 tota

296 1973 663 2051 Pontificia
726 1972 985 2049 Nostra
1045 1974 1312 2047 ditione
1392 1972 1810 2047 restitutam
1893 1973 2131 2049 videre
2193 1974 2430 2069 possi-

296 2114 489 2167 mus.
544 2090 693 2166 Hac
742 2100 985 2165 autem
1037 2091 1111 2163 in
1148 2088 1297 2163 Deo
1350 2088 1603 2163 fiducia
1654 2087 1928 2163 suffulti
2007 2112 2090 2165 ea
2142 2114 2426 2189 quoque

298 2232 429 2307 spe
482 2218 967 2283 sustentamur
1020 2207 1197 2294 fore,
1237 2218 1319 2279 ut
1350 2204 1682 2301 Europae
1723 2204 2114 2303 Principes,
2157 2208 2262 2281 uti
2299 2232 2432 2281 an-

300 2338 446 2415 tea,
500 2328 605 2400 ita
653 2326 790 2401 hoc
843 2324 1059 2399 etiam
1116 2333 1437 2418 tempore
1510 2346 1720 2399 suam
1773 2346 2062 2399 omnem
2135 2348 2428 2423 operam

298 2444 374 2519 in
428 2442 799 2540 temporali
850 2440 1137 2529 Nostro,
1200 2453 1627 2540 sanctaeque
1702 2443 1910 2519 huius
1959 2444 2164 2521 Sedis
2227 2448 2428 2542 prin-

300 2562 541 2658 cipatu
593 2561 882 2649 tuendo,
940 2570 1015 2633 et
1066 2559 1338 2655 integre
1390 2560 1740 2635 servando
1793 2562 2215 2637 consociatis
2267 2574 2428 2637 stu-

299 2677 435 2755 diis
488 2678 934 2777 consiliisque
976 2676 1419 2773 impendant,
1448 2698 1617 2753 cum
1656 2701 1902 2753 eorum
1937 2680 2278 2777 cuiusque
2317 2682 2430 2755 vel

298 2798 615 2871 maxime
674 2798 979 2886 intersit,
1046 2795 1451 2871 Romanum
1523 2794 1940 2871 Pontificem
2011 2797 2422 2895 plenissima

304 2913 443 2989 frui
493 2914 842 3005 libertate,
898 2940 1043 3014 quo
1092 2913 1617 2997 Catholicorum
1671 2918 2144 2993 conscientiae
2197 2920 2271 2991 in
2307 2943 2434 2995 eo-

300 3032 635 3105 rumdem
682 3029 1092 3130 Principum
1143 3033 1529 3109 ditionibus
1580 3037 2177 3111 commorantium
2233 3048 2434 3109 tran-

306 3146 639 3243 quillitati
690 3147 825 3223 rite
878 3148 1285 3225 consultum
1338 3150 1457 3223 sit.
1514 3147 1712 3239 Quae
1747 3151 2036 3247 quidem
2089 3174 2254 3247 spes
2307 3175 2438 3225 au-

304 3268 1119 3364 getur,proptereaquod
1149 3264 1453 3342 Gallicae
1474 3268 1722 3365 copiae
1749 3268 2040 3343 initalia
2066 3270 2434 3366 degentes,

300 3384 515 3457 iuxta
565 3405 649 3457 ea
704 3407 887 3482 quae
940 3382 1369 3461 Carissimus
1420 3388 1495 3460 in
1558 3385 1844 3463 Christo
1895 3386 2113 3461 Filius
2183 3388 2440 3463 Noster

310 3500 679 3577 Gallorum
724 3502 1125 3601 Imperator
1161 3506 1569 3593 declaravit,
1610 3530 1752 3581 non
1791 3508 2004 3584 modo
2039 3508 2216 3581 nihil
2267 3532 2446 3583 con·-

312 3630 429 3691 tra
483 3621 955 3716 temporalem
1006 3622 1337 3699 Nostram
1392 3634 1469 3698 et
1519 3623 1730 3698 huius
1783 3624 1858 3699 S.
1888 3625 2091 3701 Sedis
2124 3626 2442 3701 domina-

308 3740 583 3815 tionem
634 3754 879 3840 agent,
932 3744 1157 3820 immo
1196 3769 1366 3822 vero
1418 3746 1746 3821 eamdem
1793 3746 2186 3822 tuebuntur
2224 3758 2440 3843 atque

302 3858 721 3935 servabunt.
