3317 5267
916 562 1165 636 sertim
1218 568 1432 657 atque
1484 558 1968 654 ephemerides
2019 566 2176 629 tum
2227 553 2612 647 Bononiae,
2653 570 2808 637 tum
2865 558 3032 635 alibi

913 678 1163 764 editas,
1216 674 1473 773 quibus
1522 673 1808 749 fovetur
1858 672 2201 771 quidlibet
2252 674 2551 749 audendi
2588 676 2906 765 licentia,
2951 690 3028 751 et

913 792 1179 865 Christi
1230 792 1349 865 hic
1404 793 1475 865 in
1530 790 1738 865 terris
1792 785 2110 864 vicarius
2162 790 2436 865 iniuriis
2486 792 2835 869 laceratur
2873 844 2894 882 ,
2951 818 3034 866 ac

912 908 1267 1006 religionis
1294 910 1722 1007 pietatisque
1748 909 2288 984 exercitationes
2311 908 2610 985 ludibrio
2636 912 3018 1000 habentur,

909 1050 1297 1126 precesque
1350 1028 1437 1100 ad
1513 1027 2048 1129 immaculatam
2126 1027 2802 1127 sanctissimamque
2889 1028 3028 1105 Dei

909 1144 1339 1220 Genitricem
1392 1142 1752 1243 Virginem
1807 1146 2099 1219 Mariam
2135 1145 2526 1232 colendam,
2567 1148 2862 1244 eiusque
2902 1168 3026 1243 po-

912 1264 1393 1338 tentissimum
1480 1262 1952 1359 patrocinium
2039 1263 2564 1358 implorandum
2661 1262 3024 1337 adhibitae

908 1380 1309 1454 irridentur.
1366 1380 1449 1453 In
1500 1380 1798 1455 scenicis
1849 1398 2019 1453 vero
2071 1380 2492 1475 spectaculis
2545 1378 2827 1477 publica
2863 1402 3028 1455 mo-

907 1520 1069 1573 rum
1122 1500 1485 1587 honestas,
1542 1500 1770 1595 pudor
1821 1500 2186 1596 virtusque
2237 1496 2615 1573 offenditur
2643 1551 2666 1587 ,
2715 1509 2794 1573 et
2843 1522 3028 1595 per-

912 1638 1127 1691 sonae
1180 1613 1331 1689 Deo
1384 1638 1621 1689 sacrae
1673 1616 2034 1689 communi
2105 1617 2425 1691 omnium
2505 1614 3026 1714 contemptioni

908 1743 983 1807 et
1033 1730 1339 1806 irrisioni
1390 1740 1872 1827 exponuntur.

1060 1846 1246 1922 Haec
1299 1860 1541 1921 autem
1594 1847 1686 1921 ab
1735 1848 1871 1921 illis
1923 1860 2252 1944 aguntur,
2307 1852 2430 1947 qui
2483 1872 2562 1925 se
2593 1851 3020 1927 -catholicos

904 1990 1087 2055 esse,
1144 1978 1217 2040 et
1268 1986 1674 2063 supremam
1751 1965 2056 2042 Romani
2135 1966 2493 2042 Pontificis
2571 1968 3021 2065 spiritualem

905 2096 1339 2185 potestatem
1392 2086 2030 2182 auctoritatemque
2081 2086 2310 2160 colere
2361 2109 2444 2160 ac
2519 2088 2842 2161 venerari
2897 2087 3022 2161 af*

904 2206 1215 2279 firmant.
1264 2202 1531 2277 Omnes
1608 2199 1930 2296 profecto
2009 2201 2252 2277 vident
2281 2255 2302 2290 ‚
2359 2224 2576 2299 quam
2653 2202 2872 2275 fallax
2924 2204 3022 2276 sit

906 2321 1312 2395 huiusmodi
1386 2318 1824 2393 declaratio:
1883 2319 2020 2415 ipsi
2091 2340 2400 2417 namque
2477 2320 2645 2393 talia
2721 2332 3022 2417 agentes

904 2459 1071 2512 cum
1122 2436 1259 2511 illis
1311 2434 1643 2510 omnibus
1691 2437 2126 2532 conspirant,
2181 2439 2304 2534 qui
2381 2438 2834 2511 teterrimum
2887 2439 3020 2512 ad·-

910 2574 1155 2628 versus
1204 2552 1607 2627 Romanum
1671 2550 2088 2629 Pontificem
2137 2564 2212 2627 et
2263 2552 2684 2628 catholicam
2765 2552 3022 2629 Eccle-

908 2671 1087 2744 siam
1136 2669 1403 2743 bellum
1454 2681 1740 2765 gerunt,
1793 2668 2054 2766 quique
2105 2669 2344 2743 omnia
2393 2680 2766 2758 conantur,
2803 2682 2914 2759 ut,
2951 2674 3016 2745 si

904 2788 1059 2862 fieri
1106 2810 1421 2885 unquam
1472 2796 1741 2883 posset,
1793 2786 2036 2860 divina
2083 2798 2324 2863 nostra
2395 2786 2662 2882 religio,
2718 2788 3014 2885 eiusque

906 2906 1233 2983 salutar-is
1308 2905 1627 2981 doctrina
1679 2928 1772 2979 ex
1821 2906 2142 2979 omnium
2217 2906 2472 2982 animis
2523 2906 2868 2981 evellatur
2937 2922 3016 2983 et

902 3023 1321 3119 extirpetur.

1060 3138 1531 3231 Quamobrem
1594 3138 1738 3213 Vos
1787 3140 2205 3237 praesertim
2245 3190 2266 3228 ,
2326 3140 2778 3219 Venerabiles
2832 3144 3010 3219 Fra-

904 3272 1077 3348 tres,
1132 3258 1257 3356 qui
1304 3256 1720 3333 Nostrorum
1773 3254 2096 3331 laborum
2149 3272 2226 3331 et
2273 3259 2760 3335 molestiarum
2835 3263 3006 3337 estis

900 3378 1307 3477 participes,
1360 3376 1475 3451 vel
1525 3376 1728 3451 facile
1779 3377 2170 3474 intelligitis
2205 3402 2346 3475 quo
2381 3380 2454 3451 in
2493 3402 2816 3457 moerore
2855 3405 3008 3456 ver-

902 3520 1166 3585 semur,
1220 3508 1297 3569 et
1346 3520 1487 3594 quo
1540 3520 1682 3570 una
1732 3520 1896 3571 cum
1951 3495 2170 3573 Vobis
2245 3498 2590 3597 bonisque
2665 3498 3000 3575 omnibus

901 3613 1101 3689 luctu
1146 3622 1225 3686 et
1274 3612 1753 3707 indignatione
1822 3611 2233 3689 afficiamur.

1052 3730 1133 3803 ln
1186 3740 1387 3802 tanta
1438 3740 1680 3803 autem
1731 3728 2112 3805 acerbitate
2163 3733 2300 3806 hoc
2349 3730 2602 3807 solatio
2678 3732 2948 3807 utimur
2974 3787 2995 3822 ,

907 3847 1099 3945 quod
1150 3844 1489 3919 Aemiliae
1540 3846 2060 3943 provinciarum
2113 3846 2351 3944 populi
2401 3870 2494 3921 ex
2543 3860 2746 3945 parte
2795 3850 3002 3949 longe

898 3964 1215 4037 maxima
1264 3964 1585 4040 dolentes
1644 3964 2049 4041 huiusmodi
2125 3966 2527 4045 molitiones
2567 4019 2587 4054 ‚
2641 3978 2858 4064 atque
2911 3968 3000 4041 ab

902 4082 1041 4155 illis
1090 4102 1543 4177 summopere
1592 4081 2053 4157 abhorrentes
2131 4104 2332 4157 suam
2385 4106 2552 4180 erga
2601 4084 2998 4180 legitimum

897 4198 1298 4297 Principem
1348 4200 1561 4275 fidem
1610 4213 1926 4291 servent,
1967 4224 2048 4279 ac
2097 4202 2284 4279 civili
2335 4200 2634 4277 Nostrae
2671 4214 2744 4277 et
2779 4202 2990 4277 huius
