3317 5267
2320 465 2465 536 685

317 586 618 660 veritate
669 577 1166 653 affirmativam
1219 577 1711 674 evulgavimus
1764 578 2195 652 sententiam
2228 577 2341 652 die
2380 603 2464 650 o·-

317 715 528 778 ctavo
578 697 916 770 kalendas
975 695 1194 769 Maias
1249 696 1416 767 anni
1473 697 1823 769 vertentis
1901 694 2465 770 MDCCCLXIV.

319 818 498 891 Illud
551 837 774 890 unum
827 822 1221 908 supererat,
1259 824 1344 884 ut
1401 811 1613 885 iidem
1653 812 2256 908 interrogarentur
2293 809 2469 884 Gar-

323 934 616 1020 dinales,
645 952 822 1004 num
875 929 1154 1025 procedi
1194 937 1351 1002 tuto
1381 940 1622 1025 posset
1676 930 1765 1002 ad
1818 927 2199 1004 Beatorum
2239 927 2469 1003 Caeli-

331 1065 488 1128 tum
542 1053 848 1126 honores
927 1047 1323 1121 Venerabili
1377 1045 1795 1144 Margaritae
1852 1049 2265 1124 tribuendos
2304 1097 2325 1136 ,
2382 1049 2471 1122 ii·-

331 1173 636 1268 demque
689 1189 926 1242 coram
983 1163 1199 1241 Nobis
1253 1166 1478 1238 coacti
1531 1167 1813 1240 decimo
1869 1179 2125 1241 octavo
2179 1165 2320 1240 kal.
2362 1166 2471 1240 lu·

323 1291 398 1364 lii
457 1289 800 1363 vertentis
853 1286 1018 1357 anni
1076 1283 1360 1380 procedi
1415 1295 1574 1358 tuto
1627 1306 1839 1380 posse
1868 1286 2187 1358 unanimi
2216 1283 2472 1358 suffra-

330 1410 446 1506 gio
496 1406 1038 1502 responderunt.
1099 1401 1240 1477 Nos
1295 1425 1537 1498 porro,
1593 1415 1676 1476 ut
1732 1404 1799 1475 in
1856 1413 2056 1476 tanta
2108 1425 2211 1491 re,
2244 1402 2475 1476 caele-

329 1537 514 1600 stem
569 1545 780 1620 opem
833 1521 1194 1618 adprecati
1248 1519 1362 1592 die
1417 1531 1677 1596 octavo
1728 1522 2064 1596 kalendas
2102 1521 2257 1594 lulii
2308 1523 2475 1594 anni

334 1641 648 1716 eiusdem
701 1640 1149 1714 decrevimus
1201 1634 1457 1709 deferri
1514 1647 1671 1710 tuto
1728 1659 1961 1733 posse,
2000 1659 2225 1735 quum
2260 1635 2475 1714 Nobis

336 1760 570 1833 visum
624 1769 815 1832 esset
858 1809 881 1843 ‚
936 1753 1339 1829 Venerabili
1392 1753 1654 1830 Servae
1710 1753 1835 1830 Dei
1890 1755 2275 1830 Beatorum
2326 1755 2480 1830 ho·-

331 1900 542 1952 nores
594 1897 760 1950 cum
813 1872 1146 1948 omnibus
1198 1871 1522 1956 indultis,
1579 1871 1803 1946 donec
1858 1873 2194 1948 solemnis
2266 1872 2484 1948 Eius—

335 1993 498 2066 dem
551 1989 989 2066 canonizatio
1040 1985 1474 2060 celebretur..
1519 1987 1663 2062 Nos
1718 1989 1933 2085 igitur
1969 1988 2271 2085 permoti
2310 2009 2475 2084 pre-

332 2109 535 2184 cibus
587 2109 912 2184 omnium
965 2107 1194 2183 ferme
1249 2126 1608 2182 sacrorum
1666 2105 1931 2180 Galliae
1992 2105 2409 2180 Antistitum
2452 2158 2474 2193 ,

335 2253 468 2304 nee
520 2251 662 2304 non
715 2228 1198 2323 religiosarum
1239 2249 1562 2302 sororum
1613 2226 1893 2302 Ordinis
1923 2225 2365 2301 visitationis
2389 2225 2474 2300 B.

333 2347 598 2422 Mariae
652 2346 984 2444 Virginis,
1027 2349 1116 2422 de
1141 2345 1434 2421 consilio
1487 2357 1564 2420 et
1614 2371 1911 2420 assensu
1956 2345 2477 2420 Venerabilium

337 2465 664 2540 Fratrum
717 2465 1134 2541 Nostrorum
1189 2465 1262 2539 S.
1331 2465 1418 2538 R.
1459 2463 1815 2539 Ecclesiae
1852 2463 2329 2539 Cardinalium
2362 2487 2483 2540 sa-

337 2583 476 2655 cris
527 2583 784 2657 ritibus
837 2583 1344 2680 cognoscendis
1425 2584 1993 2679 praepositorum
2056 2583 2478 2656 auctoritate

341 2699 596 2775 Nostra
652 2699 1053 2798 Apostolica
1106 2699 1520 2774 facultatem
1559 2702 2041 2798 impertimur,
2094 2713 2177 2775 ut
2228 2701 2475 2774 eadem

344 2814 780 2890 Venerabilis
832 2815 961 2890 Dei
1018 2817 1312 2890 Famula
1363 2816 1747 2912 Margarita
1798 2817 2013 2890 Maria
2064 2819 2153 2891 de
2226 2816 2479 2891 Alaco-

345 2955 484 3030 que
535 2931 796 3006 Beatae
851 2935 1136 3008 nomine
1189 2936 1258 3006 in
1317 2947 1687 3030 posterum
1739 2947 2211 3030 nuncupetur,
2281 2935 2477 3007 eius-

341 3071 480 3147 que
531 3071 790 3145 corpus
841 3061 914 3123 et
965 3051 1300 3148 reliquiae
1340 3103 1361 3136 ,
1415 3073 1552 3125 non
1614 3064 1857 3126 tamen
1914 3051 1983 3124 in
2034 3051 2469 3125 solemnibus

343 3167 967 3264 supplicationibus
1019 3167 1460 3256 deserendae,
1515 3169 1833 3265 publicae
1883 3167 2191 3242 fidelium
2248 3186 2471 3240 vene-

341 3288 601 3362 rationi
672 3301 1179 3384 proponantur.
1268 3287 1638 3362 Praeterea
1719 3291 1967 3363 eadem
2046 3287 2464 3361 auctoritate

345 3411 796 3484 concedimus
831 3462 850 3494 ,
927 3423 1006 3482 ut
1058 3411 1143 3482 de
1203 3411 1313 3482 illa
1371 3413 1711 3484 recitetur
1761 3409 2083 3485 Officium
2140 3421 2213 3482 et
2258 3409 2470 3484 Missa

345 3527 434 3600 de
485 3527 843 3600 communi
901 3525 1265 3622 Vir-gitium
1347 3551 1508 3600 cum
1589 3526 2024 3602 orationibus
2078 3529 2375 3624 propriis
2427 3551 2468 3600 a

342 3643 560 3719 Nobis
614 3645 1022 3742 approbatis
1075 3647 1276 3719 iuxta
1329 3645 1644 3720 rubricas
1694 3645 1995 3720 Missalis
2033 3659 2105 3720 et
2131 3645 2469 3720 Breviarii

345 3761 674 3837 Romani.
733 3761 1094 3837 Eiusmodi
1135 3787 1300 3839 vero
1335 3763 1588 3838 Missae
1627 3765 2199 3853 celebrationem,
2234 3776 2307 3839 et
2342 3764 2471 3839 Of-

343 3877 480 3953 ficii
533 3883 1014 3955 recitationem
1069 3881 1216 3956 fieri
1270 3884 1644 3957 dumtaxat
1670 3884 2121 3957 concedimus
2149 3883 2217 3954 in
2258 3879 2472 3957 Dioe-

347 3997 490 4070 cesi
545 3995 1190 4092 Augustodunensi,
1245 4023 1328 4072 ac
1383 4001 1454 4072 in
1509 3999 1793 4094 templis
1844 3997 2172 4073 omnibus
2224 4000 2476 4075 domo-

343 4136 504 4188 rum
558 4113 988 4215 ubicumque
1025 4119 1512 4205 existentium,
1554 4119 1626 4190 in
1665 4117 1920 4214 quibus
1956 4118 2325 4193 institutus
2360 4142 2479 4194 re-

354 4230 630 4325 peritur
679 4233 1046 4328 religiosus
1124 4231 1312 4308 Ordo
1368 4234 1783 4308 monialium
1862 4233 2307 4310 visitationis
2385 4234 2467 4307 B.
