3317 5267
2096 438 2242 511 313

197 574 376 661 eptas
421 586 572 637 esse
624 561 1066 641 decernimus
1119 582 1240 633 eas
1291 560 1551 633 laudati
1589 556 1925 630 Gubernii
1964 552 2245 627 Haitani

193 682 478 775 eligiosas
515 682 928 777 sponsiones
962 680 1048 751 ad
1085 678 1268 749 hanc
1305 678 1378 749 S.
1421 676 1675 749 Sedem
1716 673 2039 747 consulto
2078 694 2245 767 per-

199 797 386 871 ibitas
442 796 904 870 satisfaciendi
971 816 1228 888 nempe
1259 845 1278 877 ‚
1335 815 1558 887 usque
1611 792 1699 863 ad
1754 790 2247 863 necessitatem

191 914 600 1009 iaj0remque
653 913 1260 1009 opportunitatem
1299 932 1378 982 ea
1415 912 1654 981 omnia
1690 930 1871 1003 quae
1910 908 1975 979 in
2018 907 2085 978 id
2128 918 2242 979 to-

191 1052 288 1102 ιη]
316 1052 480 1125 opus
509 1032 982 1125 requiruntur.
1019 1029 1118 1101 lta
1139 1028 1359 1124 igitur
1385 1028 1701 1123 diligenti
1739 1049 1903 1099 cura
1930 1037 2006 1097 et
2032 1026 2243 1120 pleno

191 1161 414 1243 umptu
451 1149 668 1243 ipsius
705 1147 1038 1221 Gubernii
1071 1146 1352 1219 Haitani
1389 1148 1713 1241 protinus
1752 1156 2250 1239 comparentur

189 1278 656 1360 pportunaque
708 1263 1140 1360 supellectile
1193 1264 1524 1335 decenter
1606 1264 1990 1335 instructae
2056 1260 2247 1333 assi-

189 1394 450 1469 nentur,
495 1394 974 1479 perpetuoque
1013 1380 1504 1476 adjudicentur
1545 1394 1648 1453 tot
1691 1380 1863 1453 satis
1914 1399 2251 1451 eommo—

189 1526 292 1587 ae,
347 1503 514 1575 satis
567 1500 842 1597 amplae
907 1501 1220 1596 satisque
1285 1500 1578 1573 decorae
1618 1500 1852 1583 aedes,
1894 1509 2069 1594 quot
2120 1518 2247 1591 pro

195 1619 542 1715 ayesensis
595 1616 926 1717 Episcopi
979 1618 1324 1713 condigna
1363 1617 1739 1689 residentia
1794 1616 2085 1710 eiusque
2126 1612 2249 1685 Vi·-

187 1734 300 1805 arii
355 1732 712 1807 Generalis
763 1732 1228 1819 habitatione,
1272 1744 1424 1805 tum
1465 1733 1683 1804 etiam
1738 1754 1866 1826 pro
1904 1730 2095 1803 curia
2126 1753 2251 1801 seu
2316 1733 2321 1752 '

187 1848 536 1925 ancellaria
572 1849 1065 1924 Ecclesiastica
1093 1861 1422 1944 oportere
1449 1850 1709 1935 solent,
1742 1848 2253 1923 commendan-

187 1992 267 2053 38,
323 1979 402 2040 ut
452 1966 868 2064 Episcopale
905 1968 1322 2063 praesertim
1381 1966 1763 2053 Palatium,
1822 1969 2049 2063 quoad
2104 1967 2249 2039 fleri

185 2088 419 2173 oterit,
451 2086 545 2159 illi
575 2084 970 2161 Catbcdrali
1011 2086 1364 2163 Ecclesiae
1394 2088 1487 2159 sit
1515 2089 1947 2182 proximum,
1988 2112 2067 2161 ac
2104 2099 2253 2159 sta-

185 2217 440 2290 ι6ηι6ε,
482 2205 664 2301 quod
703 2206 762 2277 si
801 2218 1119 2277 actutum
1161 2216 1516 2299 nequeant
1555 2217 1665 2277 tot
1699 2204 2099 2299 hujusmodi
2130 2228 2247 2277 ae-

185 2344 258 2393 es
297 2322 370 2393 in
406 2320 762 2417 praefatos
799 2346 970 2394 usus
1003 2321 1272 2395 directo
1307 2342 1468 2393 cum
1506 2321 1819 2396 dominio
1858 2322 2108 2405 addici,
2140 2323 2252 2393 in·-

185 2462 498 2536 3reaque,
531 2440 756 2513 donec
786 2440 894 2515 vel
923 2438 1254 2513 emantur
1294 2440 1404 2511 vel
1441 2442 1734 2519 omnino
1772 2440 2248 2523 aedificentur,

183 2580 250 2629 as
303 2558 614 2652 singulas
669 2559 898 2651 pretio
949 2546 1340 2633 conducere
1393 2568 1746 2653 oporteat,
1788 2560 2032 2633 hocin
2087 2582 2253 2631 casu
2334 2554 2339 2561 ’

183 2678 440 2767 jusmet
491 2678 978 2753 conductionis
1033 2682 1340 2776 pretium
1421 2680 1512 2753 ab
1565 2681 1816 2755 eodem
1897 2678 2255 2752 Gubernio

183 2798 676 2871 ersolvendum
717 2800 878 2886 erit,
917 2800 1084 2896 quin
1142 2799 1578 2897 Episcopalis
1617 2798 1862 2873 mensa
1904 2799 2251 2873 ullatenus

183 2914 218 2985 d
273 2911 444 2987 illud
500 2928 848 2989 teneatur.

291 3028 554 3105 Verum
611 3053 773 3105 cum
829 3033 899 3103 in
939 3046 1276 3127 promptu
1311 3034 1496 3107 haud
1535 3034 1929 3111 habeantur
1964 3034 2253 3108 stabiles

183 3148 362 3233 mdi,
423 3170 512 3219 ex
549 3170 854 3243 quorum
890 3146 1280 3225 redditibus
1335 3146 1754 3245 Cayesensis
1808 3150 1879 3221 in
1937 3161 2255 3245 tempore

183 3264 462 3337 ntistes
516 3287 718 3339 suam
779 3265 1010 3339 valeat
1047 3277 1124 3339 et
1160 3266 1440 3350 debeat,
1497 3290 1640 3361 quo
1680 3290 1807 3362 par
1842 3279 1977 3354 est,
2008 3269 2259 3341 decore

194 3380 634 3477 piscopalem
687 3384 1102 3479 dignitatem
1143 3386 1352 3471 tueri,
1384 3396 1634 3480 totque
1690 3384 1883 3457 obire
1913 3382 1993 3458 'et
2020 3386 2259 3460 exsol-

183 3524 300 3572 ere
357 3500 716 3595 impendia
771 3525 898 3597 pro
953 3503 1260 3598 ejusmet
1309 3501 1783 3599 Episcopatus
1810 3502 2263 3577 administra-

191 3638 364 3702 one,
407 3615 594 3689 ultra
629 3620 900 3691 ceteras
937 3642 1312 3715 expensas,
1353 3642 1532 3714 quae
1571 3641 1699 3714 pro
1744 3616 1989 3691 Vicarii
2030 3618 2266 3693 Gene-

184 3734 300 3805 tlis
341 3734 720 3808 honorario
772 3758 1038 3832 proque
1089 3738 1669 3811 administrorum
1728 3736 2260 3811 Ecclesiasticae

183 3852 376 3923 uriae
406 3860 482 3923 et
507 3852 958 3925 cancellariae
995 3854 1364 3967 stipendiis
1401 3876 1707 3949 congrue
1737 3878 1777 3927 a
1804 3854 2084 3927 laudato
2113 3851 2262 3925 Gu-

183 3971 386 4044 ernio
441 3968 800 4043 obeundae
839 3984 1034 4059 sunt3
1065 3970 1228 4044 hinc
1280 3972 1448 4057 Nos,
1493 3972 1733 4045 habita
1762 3972 2260 4047 hodiernarum

183 4089 836 4163 {rcumstantiarum
897 4088 1198 4187 benigna
1263 4092 1562 4177 ratione,
1618 4092 1805 4164 dicta
1864 4090 2262 4188 Apostolica

183 4206 572 4278 actoritate
625 4204 1066 4300 indulgemus
1097 4259 1120 4293 ,
1175 4220 1258 4280 ut
1309 4232 1434 4303 pro
1489 4232 1795 4303 congrua
1850 4206 2267 4305 Cayesensis
