<?xml version="1.0" encoding="UTF-8"?>
<!DOCTYPE html PUBLIC "-//W3C//DTD XHTML 1.0 Transitional//EN"
    "http://www.w3.org/TR/xhtml1/DTD/xhtml1-transitional.dtd">
<html xmlns="http://www.w3.org/1999/xhtml" xml:lang="en" lang="en">
 <head>
  <title>
</title>
<meta http-equiv="Content-Type" content="text/html;charset=utf-8" />
  <meta name='ocr-system' content='tesseract 3.04.00' />
  <meta name='ocr-capabilities' content='ocr_page ocr_carea ocr_par ocr_line ocrx_word'/>
</head>
<body>
  <div class='ocr_page' id='page_1' title='image "./piiixpontificis00ixgoog_0460.png"; bbox 0 0 3317 5267; ppageno 0'>
   <div class='ocr_carea' id='block_1_1' title="bbox 810 474 2938 2447">
    <p class='ocr_par' dir='ltr' id='par_1_1' title="bbox 814 474 961 542">
     <span class='ocr_line' id='line_1_1' title="bbox 814 474 961 542; baseline 0 -1"><span class='ocrx_word' id='word_1_1' title='bbox 814 474 961 542; x_wconf 73' lang='lat'><strong>450</strong></span> 
     </span>
    </p>

    <p class='ocr_par' dir='ltr' id='par_1_2' title="bbox 810 583 2938 2447">
     <span class='ocr_line' id='line_1_2' title="bbox 818 583 2936 685; baseline 0 -26"><span class='ocrx_word' id='word_1_2' title='bbox 818 610 1007 662; x_wconf 86' lang='lat' dir='ltr'><strong>nunc</strong></span> <span class='ocrx_word' id='word_1_3' title='bbox 1058 583 1579 661; x_wconf 80' lang='lat' dir='ltr'><strong>calamitatibus</strong></span> <span class='ocrx_word' id='word_1_4' title='bbox 1635 586 1996 681; x_wconf 87' lang='lat' dir='ltr'><strong>afflictam,</strong></span> <span class='ocrx_word' id='word_1_5' title='bbox 2047 612 2177 665; x_wconf 91' lang='lat' dir='ltr'><strong>nec</strong></span> <span class='ocrx_word' id='word_1_6' title='bbox 2229 587 2590 685; x_wconf 78' lang='lat' dir='ltr'>dispergas</span> <span class='ocrx_word' id='word_1_7' title='bbox 2651 584 2936 661; x_wconf 86' lang='lat' dir='ltr'><strong>miseri-</strong></span> 
     </span>
     <span class='ocr_line' id='line_1_3' title="bbox 816 703 2936 805; baseline -0 -26"><span class='ocrx_word' id='word_1_8' title='bbox 816 704 1126 780; x_wconf 87' lang='lat' dir='ltr'><strong>cordiam</strong></span> <span class='ocrx_word' id='word_1_9' title='bbox 1181 714 1387 778; x_wconf 88' lang='lat' dir='ltr'><strong>tuam</strong></span> <span class='ocrx_word' id='word_1_10' title='bbox 1440 726 1483 775; x_wconf 90' lang='lat' dir='ltr'><strong>a</strong></span> <span class='ocrx_word' id='word_1_11' title='bbox 1536 703 1742 779; x_wconf 87' lang='lat' dir='ltr'><strong>nobis</strong></span> <span class='ocrx_word' id='word_1_12' title='bbox 1793 719 2083 805; x_wconf 88' lang='lat' dir='ltr'><strong>propter</strong></span> <span class='ocrx_word' id='word_1_13' title='bbox 2153 709 2332 782; x_wconf 86' lang='lat' dir='ltr'><strong>istos</strong></span> <span class='ocrx_word' id='word_1_14' title='bbox 2404 705 2704 781; x_wconf 86' lang='lat' dir='ltr'><strong>Sanctos</strong></span> <span class='ocrx_word' id='word_1_15' title='bbox 2743 717 2936 790; x_wconf 87' lang='lat' dir='ltr'><strong>tuos,</strong></span> 
     </span>
     <span class='ocr_line' id='line_1_4' title="bbox 816 820 2938 918; baseline -0.001 -21"><span class='ocrx_word' id='word_1_16' title='bbox 816 831 893 897; x_wconf 91' lang='lat' dir='ltr'><strong>et</strong></span> <span class='ocrx_word' id='word_1_17' title='bbox 942 844 1069 918; x_wconf 90' lang='lat' dir='ltr'><strong>per</strong></span> <span class='ocrx_word' id='word_1_18' title='bbox 1105 842 1349 895; x_wconf 89' lang='lat' dir='ltr'><strong>eorum</strong></span> <span class='ocrx_word' id='word_1_19' title='bbox 1406 822 1663 895; x_wconf 89' lang='lat' dir='ltr'><strong>merita</strong></span> <span class='ocrx_word' id='word_1_20' title='bbox 1699 821 1837 912; x_wconf 87' lang='lat' dir='ltr'><strong>fac,</strong></span> <span class='ocrx_word' id='word_1_21' title='bbox 1893 835 1975 899; x_wconf 90' lang='lat' dir='ltr'><strong>ut</strong></span> <span class='ocrx_word' id='word_1_22' title='bbox 2026 825 2342 900; x_wconf 81' lang='lat' dir='ltr'><strong>Ecclesia</strong></span> <span class='ocrx_word' id='word_1_23' title='bbox 2395 834 2545 910; x_wconf 87' lang='lat' dir='ltr'><strong>tua,</strong></span> <span class='ocrx_word' id='word_1_24' title='bbox 2601 820 2938 897; x_wconf 86' lang='lat' dir='ltr'><strong>omnibus</strong></span> 
     </span>
     <span class='ocr_line' id='line_1_5' title="bbox 814 940 2936 1042; baseline 0 -29"><span class='ocrx_word' id='word_1_25' title='bbox 814 940 1201 1038; x_wconf 83' lang='lat' dir='ltr'><strong>profligatis</strong></span> <span class='ocrx_word' id='word_1_26' title='bbox 1224 940 1583 1016; x_wconf 86' lang='lat' dir='ltr'><strong>erroribus</strong></span> <span class='ocrx_word' id='word_1_27' title='bbox 1650 944 2124 1042; x_wconf 88' lang='lat' dir='ltr'><strong>omnibusque</strong></span> <span class='ocrx_word' id='word_1_28' title='bbox 2184 944 2442 1018; x_wconf 86' lang='lat' dir='ltr'><strong>amotis</strong></span> <span class='ocrx_word' id='word_1_29' title='bbox 2499 942 2936 1017; x_wconf 79' lang='lat' dir='ltr'><strong>difficultati·</strong></span> 
     </span>
     <span class='ocr_line' id='line_1_6' title="bbox 814 1058 2934 1157; baseline -0.001 -26"><span class='ocrx_word' id='word_1_30' title='bbox 814 1058 979 1147; x_wconf 90' lang='lat' dir='ltr'><strong>bus,</strong></span> <span class='ocrx_word' id='word_1_31' title='bbox 1030 1058 1257 1154; x_wconf 81' lang='lat' dir='ltr'><strong>magis</strong></span> <span class='ocrx_word' id='word_1_32' title='bbox 1309 1058 1382 1129; x_wconf 88' lang='lat' dir='ltr'><strong>in</strong></span> <span class='ocrx_word' id='word_1_33' title='bbox 1434 1058 1585 1131; x_wconf 86' lang='lat' dir='ltr'><strong>dies</strong></span> <span class='ocrx_word' id='word_1_34' title='bbox 1638 1080 1680 1131; x_wconf 89' lang='lat' dir='ltr'><strong>a</strong></span> <span class='ocrx_word' id='word_1_35' title='bbox 1731 1061 1900 1135; x_wconf 88' lang='lat' dir='ltr'><strong>solis</strong></span> <span class='ocrx_word' id='word_1_36' title='bbox 1957 1074 2118 1137; x_wconf 88' lang='lat' dir='ltr'><strong>ortu</strong></span> <span class='ocrx_word' id='word_1_37' title='bbox 2169 1084 2394 1157; x_wconf 88' lang='lat' dir='ltr'><strong>usque</strong></span> <span class='ocrx_word' id='word_1_38' title='bbox 2447 1060 2534 1133; x_wconf 90' lang='lat' dir='ltr'><strong>ad</strong></span> <span class='ocrx_word' id='word_1_39' title='bbox 2597 1078 2934 1133; x_wconf 86' lang='lat' dir='ltr'><strong>occasum</strong></span> 
     </span>
     <span class='ocr_line' id='line_1_7' title="bbox 816 1174 2934 1271; baseline 0 -24"><span class='ocrx_word' id='word_1_40' title='bbox 816 1175 1053 1270; x_wconf 82' lang='lat' dir='ltr'><strong>vigeat</strong></span> <span class='ocrx_word' id='word_1_41' title='bbox 1102 1195 1183 1247; x_wconf 89' lang='lat' dir='ltr'><strong>ac</strong></span> <span class='ocrx_word' id='word_1_42' title='bbox 1260 1174 1664 1249; x_wconf 83' lang='lat' dir='ltr'><strong>dominetur</strong></span> <span class='ocrx_word' id='word_1_43' title='bbox 1692 1228 1713 1263; x_wconf 95' lang='lat'><strong><em>‚</em></strong></span> <span class='ocrx_word' id='word_1_44' title='bbox 1768 1189 1843 1250; x_wconf 87' lang='lat' dir='ltr'><strong>et</strong></span> <span class='ocrx_word' id='word_1_45' title='bbox 1889 1179 2098 1253; x_wconf 88' lang='lat' dir='ltr'><strong>novis</strong></span> <span class='ocrx_word' id='word_1_46' title='bbox 2177 1200 2260 1251; x_wconf 88' lang='lat' dir='ltr'><strong>ae</strong></span> <span class='ocrx_word' id='word_1_47' title='bbox 2337 1174 2934 1271; x_wconf 79' lang='lat' dir='ltr'><strong>splendidioribus</strong></span> 
     </span>
     <span class='ocr_line' id='line_1_8' title="bbox 814 1288 2934 1390; baseline -0.001 -26"><span class='ocrx_word' id='word_1_48' title='bbox 814 1299 1199 1364; x_wconf 82' lang='lat' dir='ltr'><strong>exornetur</strong></span> <span class='ocrx_word' id='word_1_49' title='bbox 1248 1300 1323 1363; x_wconf 90' lang='lat' dir='ltr'><strong>et</strong></span> <span class='ocrx_word' id='word_1_50' title='bbox 1372 1302 1716 1386; x_wconf 79' lang='lat' dir='ltr'><strong>augeatur</strong></span> <span class='ocrx_word' id='word_1_51' title='bbox 1771 1292 2177 1390; x_wconf 78' lang='lat' dir='ltr'><strong>triumphis,</strong></span> <span class='ocrx_word' id='word_1_52' title='bbox 2233 1304 2310 1367; x_wconf 91' lang='lat' dir='ltr'><strong>et</strong></span> <span class='ocrx_word' id='word_1_53' title='bbox 2357 1313 2610 1365; x_wconf 87' lang='lat' dir='ltr'><strong>omnes</strong></span> <span class='ocrx_word' id='word_1_54' title='bbox 2649 1288 2934 1387; x_wconf 88' lang='lat' dir='ltr'><strong>populi,</strong></span> 
     </span>
     <span class='ocr_line' id='line_1_9' title="bbox 810 1404 2932 1503; baseline 0.001 -24"><span class='ocrx_word' id='word_1_55' title='bbox 810 1416 1089 1503; x_wconf 79' lang='lat' dir='ltr'><strong>genteS‚</strong></span> <span class='ocrx_word' id='word_1_56' title='bbox 1114 1406 1437 1481; x_wconf 88' lang='lat' dir='ltr'><strong>nationes</strong></span> <span class='ocrx_word' id='word_1_57' title='bbox 1488 1420 1920 1503; x_wconf 80' lang='lat' dir='ltr'><strong>cognoscant</strong></span> <span class='ocrx_word' id='word_1_58' title='bbox 1975 1409 2077 1483; x_wconf 92' lang='lat' dir='ltr'><strong>Te</strong></span> <span class='ocrx_word' id='word_1_59' title='bbox 2113 1409 2344 1486; x_wconf 89' lang='lat' dir='ltr'><strong>solum</strong></span> <span class='ocrx_word' id='word_1_60' title='bbox 2380 1404 2611 1483; x_wconf 88' lang='lat' dir='ltr'><strong>Deum</strong></span> <span class='ocrx_word' id='word_1_61' title='bbox 2651 1427 2932 1493; x_wconf 86' lang='lat' dir='ltr'><strong>verum,</strong></span> 
     </span>
     <span class='ocr_line' id='line_1_10' title="bbox 812 1524 2938 1623; baseline 0 -23"><span class='ocrx_word' id='word_1_62' title='bbox 812 1538 891 1600; x_wconf 87' lang='lat' dir='ltr'><strong>et</strong></span> <span class='ocrx_word' id='word_1_63' title='bbox 939 1548 1156 1623; x_wconf 90' lang='lat' dir='ltr'><strong>quem</strong></span> <span class='ocrx_word' id='word_1_64' title='bbox 1206 1526 1461 1599; x_wconf 88' lang='lat' dir='ltr'><strong>misisti</strong></span> <span class='ocrx_word' id='word_1_65' title='bbox 1518 1526 1754 1602; x_wconf 87' lang='lat' dir='ltr'><strong>lesum</strong></span> <span class='ocrx_word' id='word_1_66' title='bbox 1795 1526 2184 1604; x_wconf 85' lang='lat' dir='ltr'><strong>Christum.</strong></span> <span class='ocrx_word' id='word_1_67' title='bbox 2227 1526 2328 1602; x_wconf 85' lang='lat' dir='ltr'><strong>Ac</strong></span> <span class='ocrx_word' id='word_1_68' title='bbox 2365 1528 2551 1602; x_wconf 90' lang='lat' dir='ltr'><strong>sicut</strong></span> <span class='ocrx_word' id='word_1_69' title='bbox 2583 1528 2762 1601; x_wconf 89' lang='lat' dir='ltr'><strong>istos</strong></span> <span class='ocrx_word' id='word_1_70' title='bbox 2791 1524 2938 1601; x_wconf 74' lang='lat' dir='ltr'><strong>Di·-</strong></span> 
     </span>
     <span class='ocr_line' id='line_1_11' title="bbox 810 1642 2936 1742; baseline -0.001 -27"><span class='ocrx_word' id='word_1_71' title='bbox 810 1643 1033 1718; x_wconf 87' lang='lat' dir='ltr'><strong>lectos</strong></span> <span class='ocrx_word' id='word_1_72' title='bbox 1089 1655 1251 1716; x_wconf 89' lang='lat' dir='ltr'><strong>tuos</strong></span> <span class='ocrx_word' id='word_1_73' title='bbox 1302 1653 1551 1717; x_wconf 88' lang='lat' dir='ltr'><strong>sancto</strong></span> <span class='ocrx_word' id='word_1_74' title='bbox 1624 1656 1750 1720; x_wconf 92' lang='lat' dir='ltr'><strong>tuo</strong></span> <span class='ocrx_word' id='word_1_75' title='bbox 1823 1644 2186 1742; x_wconf 81' lang='lat' dir='ltr'><strong>replevisti</strong></span> <span class='ocrx_word' id='word_1_76' title='bbox 2217 1644 2501 1741; x_wconf 87' lang='lat' dir='ltr'><strong>spiritu,</strong></span> <span class='ocrx_word' id='word_1_77' title='bbox 2545 1642 2668 1739; x_wconf 88' lang='lat' dir='ltr'><strong>qui</strong></span> <span class='ocrx_word' id='word_1_78' title='bbox 2704 1642 2936 1739; x_wconf 88' lang='lat' dir='ltr'><strong>inspi-</strong></span> 
     </span>
     <span class='ocr_line' id='line_1_12' title="bbox 811 1758 2935 1850; baseline -0 -17"><span class='ocrx_word' id='word_1_79' title='bbox 811 1770 1006 1835; x_wconf 86' lang='lat' dir='ltr'><strong>rator</strong></span> <span class='ocrx_word' id='word_1_80' title='bbox 1056 1773 1171 1833; x_wconf 90' lang='lat' dir='ltr'><strong>est</strong></span> <span class='ocrx_word' id='word_1_81' title='bbox 1220 1758 1404 1848; x_wconf 86' lang='lat' dir='ltr'><strong>fidei,</strong></span> <span class='ocrx_word' id='word_1_82' title='bbox 1459 1762 1710 1835; x_wconf 90' lang='lat' dir='ltr'><strong>doctor</strong></span> <span class='ocrx_word' id='word_1_83' title='bbox 1771 1764 2134 1850; x_wconf 87' lang='lat' dir='ltr'><strong>scientiae,</strong></span> <span class='ocrx_word' id='word_1_84' title='bbox 2173 1761 2334 1837; x_wconf 86' lang='lat' dir='ltr'><strong>fons</strong></span> <span class='ocrx_word' id='word_1_85' title='bbox 2385 1760 2800 1836; x_wconf 86' lang='lat' dir='ltr'><strong>dilectionis.</strong></span> <span class='ocrx_word' id='word_1_86' title='bbox 2847 1782 2935 1834; x_wconf 85' lang='lat' dir='ltr'><strong>ac</strong></span> 
     </span>
     <span class='ocr_line' id='line_1_13' title="bbox 824 1875 2934 1975; baseline -0.002 -24"><span class='ocrx_word' id='word_1_87' title='bbox 824 1878 1042 1953; x_wconf 85' lang='lat' dir='ltr'><strong>totius</strong></span> <span class='ocrx_word' id='word_1_88' title='bbox 1092 1898 1305 1950; x_wconf 85' lang='lat' dir='ltr'><strong>causa</strong></span> <span class='ocrx_word' id='word_1_89' title='bbox 1356 1876 1629 1964; x_wconf 78' lang='lat' dir='ltr'><strong>salutis,</strong></span> <span class='ocrx_word' id='word_1_90' title='bbox 1684 1878 1782 1951; x_wconf 84' lang='lat' dir='ltr'><strong>ita</strong></span> <span class='ocrx_word' id='word_1_91' title='bbox 1835 1890 1912 1952; x_wconf 88' lang='lat' dir='ltr'><strong>et</strong></span> <span class='ocrx_word' id='word_1_92' title='bbox 1945 1901 2074 1951; x_wconf 91' lang='lat' dir='ltr'><strong>nos</strong></span> <span class='ocrx_word' id='word_1_93' title='bbox 2113 1878 2428 1975; x_wconf 89' lang='lat' dir='ltr'><strong>ejusdem</strong></span> <span class='ocrx_word' id='word_1_94' title='bbox 2467 1877 2710 1952; x_wconf 84' lang='lat' dir='ltr'><strong>Sancti</strong></span> <span class='ocrx_word' id='word_1_95' title='bbox 2745 1875 2934 1972; x_wconf 85' lang='lat' dir='ltr'><strong>Spi-</strong></span> 
     </span>
     <span class='ocr_line' id='line_1_14' title="bbox 810 1996 2930 2094; baseline -0 -25"><span class='ocrx_word' id='word_1_96' title='bbox 810 1998 989 2071; x_wconf 88' lang='lat' dir='ltr'><strong>ritus</strong></span> <span class='ocrx_word' id='word_1_97' title='bbox 1042 1996 1267 2092; x_wconf 83' lang='lat' dir='ltr'><strong>gratia</strong></span> <span class='ocrx_word' id='word_1_98' title='bbox 1344 1996 1686 2093; x_wconf 88' lang='lat' dir='ltr'><strong>donisque</strong></span> <span class='ocrx_word' id='word_1_99' title='bbox 1766 1998 1961 2094; x_wconf 89' lang='lat' dir='ltr'><strong>reple</strong></span> <span class='ocrx_word' id='word_1_100' title='bbox 2013 2021 2096 2071; x_wconf 85' lang='lat' dir='ltr'><strong>ac</strong></span> <span class='ocrx_word' id='word_1_101' title='bbox 2143 1998 2402 2074; x_wconf 86' lang='lat' dir='ltr'><strong>robora</strong></span> <span class='ocrx_word' id='word_1_102' title='bbox 2481 2019 2610 2093; x_wconf 86' lang='lat' dir='ltr'><strong>per</strong></span> <span class='ocrx_word' id='word_1_103' title='bbox 2687 1996 2930 2070; x_wconf 86' lang='lat' dir='ltr'><strong>lesum</strong></span> 
     </span>
     <span class='ocr_line' id='line_1_15' title="bbox 810 2109 2930 2211; baseline 0 -26"><span class='ocrx_word' id='word_1_104' title='bbox 810 2112 1171 2187; x_wconf 80' lang='lat' dir='ltr'><strong>Christum</strong></span> <span class='ocrx_word' id='word_1_105' title='bbox 1225 2109 1480 2187; x_wconf 90' lang='lat' dir='ltr'><strong>Filium</strong></span> <span class='ocrx_word' id='word_1_106' title='bbox 1536 2125 1742 2188; x_wconf 90' lang='lat' dir='ltr'><strong>tuum</strong></span> <span class='ocrx_word' id='word_1_107' title='bbox 1779 2112 2162 2190; x_wconf 90' lang='lat' dir='ltr'><strong>Dominum</strong></span> <span class='ocrx_word' id='word_1_108' title='bbox 2199 2128 2552 2203; x_wconf 86' lang='lat' dir='ltr'><strong>nostrum,</strong></span> <span class='ocrx_word' id='word_1_109' title='bbox 2627 2116 2741 2189; x_wconf 90' lang='lat' dir='ltr'><strong>cui</strong></span> <span class='ocrx_word' id='word_1_110' title='bbox 2795 2138 2930 2211; x_wconf 90' lang='lat' dir='ltr'><strong>pa-</strong></span> 
     </span>
     <span class='ocr_line' id='line_1_16' title="bbox 810 2231 2923 2332; baseline 0.001 -29"><span class='ocrx_word' id='word_1_111' title='bbox 810 2232 983 2304; x_wconf 87' lang='lat' dir='ltr'><strong>riter</strong></span> <span class='ocrx_word' id='word_1_112' title='bbox 1034 2256 1117 2307; x_wconf 88' lang='lat' dir='ltr'><strong>ac</strong></span> <span class='ocrx_word' id='word_1_113' title='bbox 1172 2231 1355 2319; x_wconf 90' lang='lat' dir='ltr'><strong>Tibi,</strong></span> <span class='ocrx_word' id='word_1_114' title='bbox 1411 2244 1487 2307; x_wconf 89' lang='lat' dir='ltr'><strong>et</strong></span> <span class='ocrx_word' id='word_1_115' title='bbox 1536 2232 1770 2307; x_wconf 88' lang='lat' dir='ltr'><strong>eidem</strong></span> <span class='ocrx_word' id='word_1_116' title='bbox 1825 2234 2086 2309; x_wconf 87' lang='lat' dir='ltr'><strong>Sancto</strong></span> <span class='ocrx_word' id='word_1_117' title='bbox 2139 2234 2430 2332; x_wconf 88' lang='lat' dir='ltr'><strong>Spiritui</strong></span> <span class='ocrx_word' id='word_1_118' title='bbox 2481 2235 2578 2309; x_wconf 91' lang='lat' dir='ltr'><strong>sit</strong></span> <span class='ocrx_word' id='word_1_119' title='bbox 2649 2234 2923 2331; x_wconf 88' lang='lat' dir='ltr'><strong>sempi-</strong></span> 
     </span>
     <span class='ocr_line' id='line_1_17' title="bbox 814 2349 2246 2447; baseline -0.001 -22"><span class='ocrx_word' id='word_1_120' title='bbox 814 2362 1015 2425; x_wconf 76' lang='lat' dir='ltr'><strong>terna</strong></span> <span class='ocrx_word' id='word_1_121' title='bbox 1066 2350 1245 2437; x_wconf 74' lang='lat' dir='ltr'><strong>lane,</strong></span> <span class='ocrx_word' id='word_1_122' title='bbox 1302 2349 1555 2437; x_wconf 81' lang='lat' dir='ltr'><strong>virtuS‚</strong></span> <span class='ocrx_word' id='word_1_123' title='bbox 1610 2349 1841 2426; x_wconf 88' lang='lat' dir='ltr'><strong>honor</strong></span> <span class='ocrx_word' id='word_1_124' title='bbox 1875 2361 1951 2425; x_wconf 88' lang='lat' dir='ltr'><strong>et</strong></span> <span class='ocrx_word' id='word_1_125' title='bbox 2003 2350 2246 2447; x_wconf 81' lang='lat' dir='ltr'><strong>gloria.</strong></span> 
     </span>
    </p>
   </div>
  </div>
 </body>
</html>
