3317 5267
875 470 1086 657 ‹¹:35ae
1139 602 1296 653 esse
1347 576 1560 651 debet
1598 626 1618 663 ,
1675 589 1756 651 ut
1807 574 2134 652 Pontifex
2187 574 2339 670 ipse
2416 570 2675 650 nullius
2761 576 2999 655 civilis

873 700 1251 797 potestatis
1331 698 1665 795 impulsui
1742 697 2163 780 subiaceat,
2220 704 2435 791 atque
2489 694 2583 767 ita
2640 694 2999 791 spirituali

874 817 1026 912 pari
1037 828 1142 889 ter
1190 814 1698 889 catholicorum
1746 815 1821 886 in
1878 812 2293 887 eorumdem
2371 806 2781 908 Principum
2862 816 3001 891 do-

878 932 1114 1005 miniis
1163 932 1572 1029 degentium
1627 928 2125 1027 tranquillitati
2182 938 2471 1003 cautum
2524 928 2646 1001 sit.

1035 1048 1282 1145 ltaque
1319 1048 1646 1123 omnihus
1686 1046 2051 1143 Supremis
2086 1041 2533 1139 Principibus
2572 1068 3001 1141 persuasum

883 1186 1038 1239 esse
1089 1164 1328 1252 debet,
1385 1162 1717 1239 Nostram
1770 1184 1931 1237 cum
1988 1160 2311 1255 Ipsorum
2350 1182 2564 1233 causa
2597 1161 2809 1258 plane
2846 1186 3007 1239 oese

879 1283 1358 1369 coniunctam,
1415 1303 1681 1380 eosque
1733 1301 1942 1355 suum
1996 1277 2213 1351 Nobis
2243 1276 2583 1352 auxilium
2620 1276 3010 1356 afferentes

879 1397 1296 1473 Nostrorum
1377 1420 1600 1495 aeque
1651 1421 1734 1472 ac
1814 1418 2109 1471 suorum
2188 1395 2447 1467 iurium
2524 1394 3005 1473 incolumitati

879 1537 1036 1591 esse
1075 1528 1599 1613 prospecturos.
1643 1514 1951 1589 Maxima
1990 1514 2281 1611 proinde
2316 1534 2481 1587 cum
2516 1513 2771 1589 fiducia
2806 1516 3003 1611 ipsos

878 1634 1251 1709 hortamur
1303 1644 1380 1709 et
1432 1633 1915 1720 obsecramuS,
1972 1644 2055 1706 ut
2106 1654 2317 1728 opem
2374 1630 2620 1718 Nobis,
2674 1656 2805 1729 pro
2872 1656 3003 1707 sua

877 1754 1180 1850 quisque
1229 1751 1640 1827 conditione
1694 1765 1771 1825 et
1822 1752 2384 1847 opportunitate,
2438 1750 2663 1823 velint
2714 1752 3005 1847 impon-

881 1869 1071 1943 dcre.
1131 1866 1284 1943 Non
1339 1868 1747 1942 dubitamus
1802 1879 2043 1941 autem
2086 1921 2107 1956 ,
2162 1869 2335 1965 quin
2386 1866 2714 1943 catholici
2791 1892 3003 1965 prae-

881 1988 1128 2063 sertim
1182 1985 1546 2082 Principes
1596 2010 1679 2061 ac
1738 1984 1983 2082 Populi
2056 2008 2347 2084 omnem
2426 2008 2673 2061 eorum
2752 2010 3007 2061 curam

883 2116 958 2181 et
1009 2128 1298 2201 operam
1353 2105 1871 2181 studiosissime
1924 2102 2319 2191 conferant,
2359 2113 2439 2177 ut
2473 2125 2603 2199 pro
2638 2106 3007 2181 communi

881 2246 1126 2299 eorum
1182 2224 1410 2298 officio
1461 2224 1773 2297 universi
1829 2220 2177 2297 Dominici
2232 2218 2479 2317 Gregis
2550 2219 2867 2309 Patrem,
2928 2234 3005 2296 et

885 2340 1254 2414 Pastorem
1334 2340 1891 2436 parricidialibus
1953 2339 2321 2436 degeneris
2372 2339 2493 2411 filii
2554 2340 2773 2413 armis
2852 2364 3005 2437 op—

881 2468 1278 2555 pugnatum
1333 2457 1561 2530 modis
1615 2457 1945 2531 omnihus
1998 2458 2361 2545 adiuvare,
2402 2458 2615 2545 tucri,
2649 2472 2727 2531 et
2752 2457 3007 2533 defen-

777 2622 784 2631 ·
879 2576 1046 2651 dere
1100 2584 1485 2671 properent
1535 2584 1755 2671 atque
1808 2572 2174 2649 festinent.

1035 2692 1216 2767 Cum
1274 2703 1514 2765 autem
1569 2693 1891 2787 apprime
1946 2694 2189 2767 sciatis
2230 2745 2251 2781 ,
2308 2691 2765 2769 venerabiles
2836 2694 3007 2767 Fra·

747 2869 762 2883 .
880 2824 1054 2898 treet,
1111 2831 1397 2885 omnem
1451 2830 1656 2905 spem
1711 2806 2045 2883 Nostram
2100 2812 2172 2882 in
2226 2808 2375 2885 Deo
2428 2833 2583 2885 esse
2646 2810 3005 2885 collocan-

877 2931 1100 3016 dam3
1153 2928 1276 3027 qui
1330 2928 1608 3001 adiutor
1659 2938 1737 3001 et
1788 2928 2139 3025 refugium
2192 2939 2306 3003 est
2356 2940 2685 3004 nostrum
2738 2931 2811 3002 in
2870 2930 3007 3002 tri-

877 3044 1356 3122 bulationibus
1409 3044 1673 3119 nostris
1706 3096 1726 3133 ‚
1780 3046 2044 3142 quique
2102 3046 2429 3119 vulnerat
2478 3060 2553 3119 et
2604 3046 2939 3121 medetur
2976 3098 3001 3135 ,

874 3164 1184 3264 percutit
1235 3175 1312 3237 et
1388 3175 1594 3237 sanat
1634 3216 1654 3249 ,
1716 3166 2095 3238 mortificat
2146 3178 2223 3237 et
2290 3166 2657 3252 vivificat,
2714 3165 3005 3241 deducit

879 3284 966 3358 ad
1019 3280 1282 3356 inferos
1333 3293 1409 3354 et
1460 3280 1791 3369 reducit3
1845 3280 2095 3355 iccirco
2152 3281 2225 3351 in
2279 3282 2475 3355 omni
2526 3282 2691 3369 fide,
2746 3292 2823 3355 et
2874 3282 3007 3357 hu·

878 3398 1180 3471 militate
1229 3395 1460 3471 cordis
1511 3396 1739 3471 nostri
1796 3395 2111 3470 assiduas
2164 3396 2873 3497 ferventissimasque
2912 3398 3003 3473 ad

877 3517 1146 3613 Ipsum,
1185 3516 1502 3591 adhibito
1557 3516 1630 3588 in
1685 3516 1934 3612 primis
1972 3516 2456 3591 efficacissimo
2494 3517 3003 3593 lmmaculatae

881 3634 1524 3731 Sanctissimaeque
1553 3631 1895 3729 Deiparae
1936 3633 2245 3733 Virginis
2278 3636 2537 3710 Mariae
2572 3637 2997 3731 patrocinio,

881 3778 964 3829 ac
1015 3752 1346 3851 suffragio
1398 3750 1779 3826 Beatorum
1831 3751 2023 3828 Petri
2078 3766 2153 3829 et
2216 3753 2441 3841 Pauli,
2483 3776 2728 3851 preces
2765 3752 3001 3827 effun-

879 3874 1044 3946 dere
1095 3894 1238 3944 non
1291 3869 1855 3943 intermittamus
1896 3924 1916 3957 ,
1973 3883 2058 3945 ut
2124 3871 2393 3945 faciens
2470 3870 2873 3967 potentiam
2926 3872 2999 3943 in

880 3989 1168 4063 brachio
1221 4011 1350 4063 suo
1403 3986 1853 4062 inimicorum
1908 4011 2197 4063 suorum
2276 3988 2681 4085 snperbiam
2754 3988 2999 4075 elidat,

881 4120 956 4183 et
1007 4118 1366 4205 expugnet
1419 4106 1921 4203 impugnantes
1975 4131 2131 4197 nos,
2188 4130 2579 4205 omnesque
2642 4105 3003 4181 Ecclesiae
