3317 5267
2236 436 2383 508 473

277 579 416 654 que
475 575 882 630 sermonem
935 556 1254 653 apprime
1309 553 1570 628 callens
1625 555 2033 651 interpretis
2112 577 2405 630 munere

277 671 732 770 fungebatur.
787 671 1246 770 Legationem
1301 683 1775 767 susceperunt
1828 671 2253 746 christianae
2290 693 2409 746 re·-

280 789 558 886 ligionis
608 791 1104 887 provehendae
1160 800 1236 864 et
1289 787 1821 885 amplificandae
1862 791 2123 864 studio.
2158 788 2405 864 Sixtus

278 910 472 982 enim
529 907 586 980 V
642 908 966 1004 pontifex
1001 909 1366 982 maximus
1403 905 1917 982 Praedecessor
1950 906 2205 982 Noster
2230 931 2407 1004 apo-

281 1024 547 1100 stolicis
586 1024 871 1100 Litteris
917 1025 1040 1104 Vll
1075 1025 1215 1099 kal.
1271 1025 1664 1100 decembris
1698 1047 1885 1098 anno
1918 1023 2405 1098 MDLxxxvl

282 1141 612 1216 omnihus
667 1141 1062 1218 minoribus
1120 1142 1460 1218 fratribus
1513 1145 1587 1216 in
1668 1143 1917 1216 insulis
1990 1143 2407 1240 praesertim

282 1256 702 1355 Philippinis
755 1259 1178 1354 degentibus
1233 1259 1654 1334 facultatem
1728 1258 2147 1356 praebuerat
2218 1258 2407 1332 lndis

283 1387 358 1450 et
408 1375 820 1450 Sinensibus
873 1376 1278 1472 regionibus
1331 1399 1556 1452 novas
1595 1375 2011 1450 aedificandi
2062 1376 2311 1450 domos
2338 1385 2413 1448 et

283 1493 619 1570 coenobia
673 1495 760 1568 ad
811 1493 1234 1569 catholicam
1271 1495 1484 1570 fidem
1521 1495 2074 1592 propagandam,
2116 1515 2207 1568 ne
2262 1516 2405 1566 ve·-

283 1611 400 1684 nia
449 1611 738 1707 quidem
789 1612 1067 1684 romani
1120 1611 1474 1707 pontificis
1526 1611 1928 1708 implorata.
2424 1709 2429 1712 ¹

443 1729 510 1822 ς.
573 1731 643 1801 5.
699 1726 1196 1824 Hispaniarum
1247 1730 1436 1827 regis
1509 1728 1717 1824 jussu
1800 1728 2003 1802 navis
2057 1725 2183 1800 vll
2258 1727 2401 1804 kal.

277 1844 460 1941 junii
513 1867 700 1920 anno
733 1843 1293 1920 MDLxxxxlll
1337 1847 1620 1922 solvens
1653 1847 1939 1920 Manilia
1974 1844 2155 1920 felici
2191 1870 2404 1920 cursu

285 1959 664 2056 Japoniam
715 1962 988 2058 appulit
1017 2015 1040 2050 ,
1097 1963 1186 2038 ad
1242 1964 1736 2068 Taicosamam
1800 1965 2017 2038 missa
2048 1962 2401 2059 Nancojae

281 2076 688 2172 degentem,
745 2077 984 2174 illique
1035 2077 1296 2153 Peretii
1349 2102 1645 2154 munera
1695 2078 1976 2154 obtulit.
2018 2077 2229 2154 Pater
2267 2078 2405 2156 Pe-

281 2205 438 2268 trus
495 2193 815 2292 Baptista
870 2197 1162 2294 ejusque
1215 2198 1386 2272 socii
1465 2197 1768 2272 comiter
1814 2195 1905 2272 ab
1976 2199 2403 2293 imperatore

283 2315 566 2412 excepti
619 2329 814 2404 sunt,
873 2318 994 2414 qui
1051 2317 1396 2392 humilem
1423 2339 1951 2414 pauperemque
1988 2339 2233 2394 eorum
2270 2317 2403 2390 ha-

279 2433 516 2509 bitum
553 2435 940 2527 admirans,
981 2438 1104 2512 sed
1141 2436 1443 2533 superbe
1480 2437 1861 2512 admodum
1895 2437 1989 2510 de
2024 2460 2103 2512 se
2138 2458 2407 2534 suaque

283 2554 611 2648 potentia
664 2553 991 2650 loquens,
1045 2553 1232 2629 clare
1289 2567 1675 2651 aperteque
1728 2553 1863 2627 illis
1914 2553 2261 2649 significat
2326 2576 2407 2630 ee

283 2693 503 2767 quam
553 2671 922 2761 citissime,
977 2673 1084 2748 uti
1119 2684 1392 2748 ceteras
1430 2671 1774 2768 Japoniae
1834 2685 2099 2768 partes,
2140 2672 2411 2769 Philip-

289 2789 494 2884 pinas
547 2811 828 2886 quoque
879 2793 1152 2867 insulas
1230 2791 1693 2866 subacturum
1724 2843 1747 2878 ,
1812 2791 1885 2865 ni
1956 2789 2241 2886 praeses
2328 2811 2411 2866 ac

293 2929 704 2982 meacenses
757 2910 950 2984 cives
1004 2909 1354 2984 tributum
1419 2906 1552 2984 sibi
1605 2908 1797 2982 ultro
1830 2908 2113 3003 citoque
2152 2907 2417 3003 persol-

293 3036 494 3096 vant.
553 3025 739 3100 Tum
789 3024 1166 3119 legationis
1219 3025 1550 3120 princeps
1602 3022 1995 3116 respondit,
2048 3023 2415 3118 hispania-

289 3163 454 3216 rum
507 3163 748 3238 regem
801 3141 973 3217 nulli
1001 3162 1314 3238 unquam
1369 3161 1614 3236 parere
1653 3139 1787 3212 nisi
1826 3151 2055 3232 terrae
2092 3139 2409 3236 caelique

287 3259 568 3356 potenti
621 3257 796 3346 Deo,
837 3259 926 3334 ab
979 3261 1286 3334 ineundo
1323 3271 1562 3332 tamen
1599 3277 1767 3330 cum
1792 3256 2218 3350 imperatore
2254 3255 2409 3332 foe-

289 3375 460 3450 dere
513 3397 656 3450 non
707 3374 1109 3452 abhorrere.
1195 3373 1384 3454 Haec
1437 3374 1614 3449 item
1694 3393 1983 3467 prorsus
2052 3393 2197 3446 non
2274 3371 2413 3446 alia

295 3493 592 3574 traditae
644 3493 898 3571 deinde
951 3495 1232 3574 litterae.
1279 3489 1717 3588 aperiebant.
1776 3489 2046 3568 Annuit
2096 3490 2411 3586 impera-

292 3623 432 3698 tor,
489 3611 878 3709 legatisque
929 3614 1254 3709 permisit
1304 3624 1388 3692 ut
1439 3609 1763 3688 Meacum
1816 3631 1893 3690 se
1946 3605 2353 3687 conferrent
2382 3663 2405 3697 ,

292 3729 844 3826 praecipuasque
895 3727 1236 3834 Japoniae
1287 3727 1496 3806 urbes
1549 3725 1963 3802 inviserent.
2036 3721 2409 3820 Praecepit

295 3859 538 3920 autem
563 3869 800 3924 rerum
825 3869 1114 3928 suarum
1149 3846 1480 3931 curatori,
1510 3853 1594 3924 ut
1633 3842 1855 3918 veteri
1883 3853 2169 3922 servato
2206 3863 2405 3922 more

302 3962 580 4058 publice
631 3963 1011 4044 alerentur.

461 4079 528 4173 §-
589 4083 658 4153 6.
717 4079 858 4156 Sex
912 4079 1060 4155 sere
1139 4077 1530 4158 mensibus,
1563 4077 1757 4152 domi
1835 4075 2203 4172 cujusdam
2285 4074 2419 4152 viri

303 4195 566 4276 ethnici
623 4195 876 4272 fratres
928 4197 1183 4274 morati
1237 4207 1430 4283 sunt,
1485 4195 1739 4272 deinde
1794 4192 2209 4268 Taicosama
2274 4189 2421 4268 Fu-
