<?xml version="1.0" encoding="UTF-8"?>
<!DOCTYPE html PUBLIC "-//W3C//DTD XHTML 1.0 Transitional//EN"
    "http://www.w3.org/TR/xhtml1/DTD/xhtml1-transitional.dtd">
<html xmlns="http://www.w3.org/1999/xhtml" xml:lang="en" lang="en">
 <head>
  <title>
</title>
<meta http-equiv="Content-Type" content="text/html;charset=utf-8" />
  <meta name='ocr-system' content='tesseract 3.04.00' />
  <meta name='ocr-capabilities' content='ocr_page ocr_carea ocr_par ocr_line ocrx_word'/>
</head>
<body>
  <div class='ocr_page' id='page_1' title='image "./piiixpontificis00ixgoog_0248.png"; bbox 0 0 3317 5267; ppageno 0'>
   <div class='ocr_carea' id='block_1_1' title="bbox 837 436 984 510">
    <p class='ocr_par' dir='ltr' id='par_1_1' title="bbox 837 436 984 510">
     <span class='ocr_line' id='line_1_1' title="bbox 837 436 984 510; baseline -0.007 -2"><span class='ocrx_word' id='word_1_1' title='bbox 837 436 984 510; x_wconf 71' lang='lat'><strong>234</strong></span> 
     </span>
    </p>
   </div>
   <div class='ocr_carea' id='block_1_2' title="bbox 835 541 3095 637">
    <p class='ocr_par' dir='ltr' id='par_1_2' title="bbox 835 541 3095 637">
     <span class='ocr_line' id='line_1_2' title="bbox 835 541 3095 637; baseline -0.001 -12"><span class='ocrx_word' id='word_1_2' title='bbox 835 551 979 625; x_wconf 87' lang='lat' dir='ltr'><strong>cita</strong></span> <span class='ocrx_word' id='word_1_3' title='bbox 1001 550 1172 637; x_wconf 90' lang='lat' dir='ltr'><strong>sint,</strong></span> <span class='ocrx_word' id='word_1_4' title='bbox 1205 550 1292 624; x_wconf 86' lang='lat' dir='ltr'><strong>ad</strong></span> <span class='ocrx_word' id='word_1_5' title='bbox 1321 547 1711 624; x_wconf 80' lang='lat' dir='ltr'><strong>Ecclesiam</strong></span> <span class='ocrx_word' id='word_1_6' title='bbox 1751 541 2071 622; x_wconf 88' lang='lat' dir='ltr'><strong>Goanam</strong></span> <span class='ocrx_word' id='word_1_7' title='bbox 2098 544 2365 621; x_wconf 86' lang='lat' dir='ltr'><strong>iamdiu</strong></span> <span class='ocrx_word' id='word_1_8' title='bbox 2390 569 2521 621; x_wconf 90' lang='lat' dir='ltr'><strong>suo</strong></span> <span class='ocrx_word' id='word_1_9' title='bbox 2550 544 2848 623; x_wconf 81' lang='lat' dir='ltr'><strong>Pastore</strong></span> <span class='ocrx_word' id='word_1_10' title='bbox 2892 550 2995 623; x_wconf 83' lang='lat' dir='ltr'><strong>vi·</strong></span> <span class='ocrx_word' id='word_1_11' title='bbox 3086 548 3095 555; x_wconf 84' lang='grc'><em>’</em></span> 
     </span>
    </p>
   </div>
   <div class='ocr_carea' id='block_1_3' title="bbox 811 662 2993 4297">
    <p class='ocr_par' dir='ltr' id='par_1_3' title="bbox 811 662 2993 4297">
     <span class='ocr_line' id='line_1_3' title="bbox 837 662 2989 741; baseline -0 0"><span class='ocrx_word' id='word_1_12' title='bbox 837 667 1129 741; x_wconf 87' lang='lat' dir='ltr'><strong>duatam</strong></span> <span class='ocrx_word' id='word_1_13' title='bbox 1165 666 1484 739; x_wconf 89' lang='lat' dir='ltr'><strong>animum</strong></span> <span class='ocrx_word' id='word_1_14' title='bbox 1521 674 1848 740; x_wconf 89' lang='lat' dir='ltr'><strong>nostrum</strong></span> <span class='ocrx_word' id='word_1_15' title='bbox 1886 662 2395 738; x_wconf 79' lang='lat' dir='ltr'><strong>convertimus.</strong></span> <span class='ocrx_word' id='word_1_16' title='bbox 2437 662 2623 738; x_wconf 88' lang='lat' dir='ltr'><strong>Sane</strong></span> <span class='ocrx_word' id='word_1_17' title='bbox 2664 662 2989 739; x_wconf 86' lang='lat' dir='ltr'><strong>Ecclesia</strong></span> 
     </span>
     <span class='ocr_line' id='line_1_4' title="bbox 837 779 2985 883; baseline 0.001 -26"><span class='ocrx_word' id='word_1_18' title='bbox 837 780 1084 858; x_wconf 88' lang='lat' dir='ltr'><strong>Goana</strong></span> <span class='ocrx_word' id='word_1_19' title='bbox 1135 783 1342 883; x_wconf 86' lang='lat' dir='ltr'><strong>unica</strong></span> <span class='ocrx_word' id='word_1_20' title='bbox 1393 780 1941 878; x_wconf 84' lang='lat' dir='ltr'><strong>metropolitana</strong></span> <span class='ocrx_word' id='word_1_21' title='bbox 2014 788 2085 853; x_wconf 89' lang='lat' dir='ltr'><strong>in</strong></span> <span class='ocrx_word' id='word_1_22' title='bbox 2158 779 2377 855; x_wconf 89' lang='lat' dir='ltr'><strong>Indiis</strong></span> <span class='ocrx_word' id='word_1_23' title='bbox 2446 779 2931 859; x_wconf 80' lang='lat' dir='ltr'><strong>Orientalibus</strong></span> <span class='ocrx_word' id='word_1_24' title='bbox 2960 834 2985 871; x_wconf 89' lang='lat'><strong>,</strong></span> 
     </span>
     <span class='ocr_line' id='line_1_5' title="bbox 830 898 2986 1001; baseline 0 -24"><span class='ocrx_word' id='word_1_25' title='bbox 830 926 1012 1001; x_wconf 90' lang='lat' dir='ltr'><strong>quae</strong></span> <span class='ocrx_word' id='word_1_26' title='bbox 1065 904 1154 978; x_wconf 86' lang='lat' dir='ltr'><strong>ad</strong></span> <span class='ocrx_word' id='word_1_27' title='bbox 1208 905 1316 976; x_wconf 87' lang='lat' dir='ltr'><strong>ius</strong></span> <span class='ocrx_word' id='word_1_28' title='bbox 1352 912 1771 998; x_wconf 86' lang='lat' dir='ltr'><strong>patronatus</strong></span> <span class='ocrx_word' id='word_1_29' title='bbox 1814 899 2181 975; x_wconf 70' lang='lat' dir='ltr'><strong>Cat-issimi</strong></span> <span class='ocrx_word' id='word_1_30' title='bbox 2218 900 2291 972; x_wconf 88' lang='lat' dir='ltr'><strong>in</strong></span> <span class='ocrx_word' id='word_1_31' title='bbox 2329 898 2614 976; x_wconf 87' lang='lat' dir='ltr'><strong>Christo</strong></span> <span class='ocrx_word' id='word_1_32' title='bbox 2648 900 2811 975; x_wconf 86' lang='lat' dir='ltr'><strong>Filii</strong></span> <span class='ocrx_word' id='word_1_33' title='bbox 2844 902 2986 978; x_wconf 88' lang='lat' dir='ltr'><strong>No-</strong></span> 
     </span>
     <span class='ocr_line' id='line_1_6' title="bbox 835 1016 2991 1117; baseline -0.001 -21"><span class='ocrx_word' id='word_1_34' title='bbox 835 1022 967 1096; x_wconf 83' lang='lat' dir='ltr'><strong>stri</strong></span> <span class='ocrx_word' id='word_1_35' title='bbox 1021 1019 1214 1096; x_wconf 90' lang='lat' dir='ltr'><strong>Petri</strong></span> <span class='ocrx_word' id='word_1_36' title='bbox 1265 1021 1403 1096; x_wconf 91' lang='lat' dir='ltr'><strong>hoc</strong></span> <span class='ocrx_word' id='word_1_37' title='bbox 1451 1022 1743 1096; x_wconf 87' lang='lat' dir='ltr'><strong>nomine</strong></span> <span class='ocrx_word' id='word_1_38' title='bbox 1798 1016 2045 1109; x_wconf 86' lang='lat' dir='ltr'><strong>Quinti</strong></span> <span class='ocrx_word' id='word_1_39' title='bbox 2100 1017 2569 1116; x_wconf 79' lang='lat' dir='ltr'><strong>Portugalliae</strong></span> <span class='ocrx_word' id='word_1_40' title='bbox 2604 1030 2681 1095; x_wconf 87' lang='lat' dir='ltr'><strong>et</strong></span> <span class='ocrx_word' id='word_1_41' title='bbox 2720 1020 2991 1117; x_wconf 76' lang='lat' dir='ltr'><strong>Algar—</strong></span> 
     </span>
     <span class='ocr_line' id='line_1_7' title="bbox 833 1136 2993 1245; baseline 0.001 -33"><span class='ocrx_word' id='word_1_42' title='bbox 833 1138 1116 1214; x_wconf 87' lang='lat' dir='ltr'><strong>biorum</strong></span> <span class='ocrx_word' id='word_1_43' title='bbox 1152 1138 1368 1236; x_wconf 76' lang='lat' dir='ltr'><strong>Regis</strong></span> <span class='ocrx_word' id='word_1_44' title='bbox 1405 1137 1460 1211; x_wconf 85' lang='lat' dir='ltr'><strong>F</strong></span> <span class='ocrx_word' id='word_1_45' title='bbox 1463 1136 1857 1225; x_wconf 85' lang='lat' dir='ltr'><strong>idelissimi,</strong></span> <span class='ocrx_word' id='word_1_46' title='bbox 1896 1137 2004 1210; x_wconf 93' lang='lat' dir='ltr'><strong>uti</strong></span> <span class='ocrx_word' id='word_1_47' title='bbox 2040 1136 2337 1213; x_wconf 88' lang='lat' dir='ltr'><strong>articulo</strong></span> <span class='ocrx_word' id='word_1_48' title='bbox 2373 1138 2685 1213; x_wconf 88' lang='lat' dir='ltr'><strong>secundo</strong></span> <span class='ocrx_word' id='word_1_49' title='bbox 2720 1159 2993 1245; x_wconf 77' lang='lat' dir='ltr'><strong>memo-</strong></span> 
     </span>
     <span class='ocr_line' id='line_1_8' title="bbox 835 1254 2993 1353; baseline 0 -23"><span class='ocrx_word' id='word_1_50' title='bbox 835 1269 1034 1331; x_wconf 80' lang='lat' dir='ltr'><strong>ratae</strong></span> <span class='ocrx_word' id='word_1_51' title='bbox 1087 1256 1600 1333; x_wconf 84' lang='lat' dir='ltr'><strong>Conventionis</strong></span> <span class='ocrx_word' id='word_1_52' title='bbox 1651 1278 1990 1353; x_wconf 79' lang='lat' dir='ltr'><strong>expresse</strong></span> <span class='ocrx_word' id='word_1_53' title='bbox 2046 1256 2365 1329; x_wconf 80' lang='lat' dir='ltr'><strong>innuitur</strong></span> <span class='ocrx_word' id='word_1_54' title='bbox 2391 1308 2413 1343; x_wconf 92' lang='lat'><strong>,</strong></span> <span class='ocrx_word' id='word_1_55' title='bbox 2470 1257 2623 1331; x_wconf 87' lang='lat' dir='ltr'><strong>sive</strong></span> <span class='ocrx_word' id='word_1_56' title='bbox 2674 1278 2766 1331; x_wconf 85' lang='lat' dir='ltr'><strong>ex</strong></span> <span class='ocrx_word' id='word_1_57' title='bbox 2820 1254 2993 1331; x_wconf 81' lang='lat' dir='ltr'><strong>fun-</strong></span> 
     </span>
     <span class='ocr_line' id='line_1_9' title="bbox 831 1373 2988 1473; baseline 0 -21"><span class='ocrx_word' id='word_1_58' title='bbox 831 1376 1142 1465; x_wconf 80' lang='lat' dir='ltr'><strong>datione,</strong></span> <span class='ocrx_word' id='word_1_59' title='bbox 1195 1377 1348 1452; x_wconf 84' lang='lat' dir='ltr'><strong>sive</strong></span> <span class='ocrx_word' id='word_1_60' title='bbox 1400 1399 1495 1450; x_wconf 84' lang='lat' dir='ltr'><strong>ex</strong></span> <span class='ocrx_word' id='word_1_61' title='bbox 1543 1376 1938 1463; x_wconf 87' lang='lat' dir='ltr'><strong>dotatione,</strong></span> <span class='ocrx_word' id='word_1_62' title='bbox 1996 1397 2125 1449; x_wconf 88' lang='lat' dir='ltr'><strong>seu</strong></span> <span class='ocrx_word' id='word_1_63' title='bbox 2176 1373 2542 1472; x_wconf 82' lang='lat' dir='ltr'><strong>privilegio</strong></span> <span class='ocrx_word' id='word_1_64' title='bbox 2594 1376 2988 1473; x_wconf 88' lang='lat' dir='ltr'><strong>apostolico</strong></span> 
     </span>
     <span class='ocr_line' id='line_1_10' title="bbox 827 1490 2989 1591; baseline 0 -23"><span class='ocrx_word' id='word_1_65' title='bbox 827 1505 1148 1591; x_wconf 87' lang='lat' dir='ltr'><strong>spectare</strong></span> <span class='ocrx_word' id='word_1_66' title='bbox 1183 1494 1645 1590; x_wconf 77' lang='lat' dir='ltr'><strong>dignoscitur,</strong></span> <span class='ocrx_word' id='word_1_67' title='bbox 1686 1514 1815 1589; x_wconf 89' lang='lat' dir='ltr'><strong>per</strong></span> <span class='ocrx_word' id='word_1_68' title='bbox 1852 1490 2393 1568; x_wconf 80' lang='lat' dir='ltr'><strong>translationem</strong></span> <span class='ocrx_word' id='word_1_69' title='bbox 2422 1490 2543 1566; x_wconf 83' lang='lat' dir='ltr'><strong>ho:</strong></span> <span class='ocrx_word' id='word_1_70' title='bbox 2584 1512 2727 1567; x_wconf 82' lang='lat' dir='ltr'><strong>me:</strong></span> <span class='ocrx_word' id='word_1_71' title='bbox 2760 1490 2989 1568; x_wconf 85' lang='lat' dir='ltr'><strong>Prae-</strong></span> 
     </span>
     <span class='ocr_line' id='line_1_11' title="bbox 823 1608 2987 1710; baseline -0.002 -21"><span class='ocrx_word' id='word_1_72' title='bbox 823 1613 996 1689; x_wconf 88' lang='lat' dir='ltr'><strong>sulis</strong></span> <span class='ocrx_word' id='word_1_73' title='bbox 1047 1610 1328 1710; x_wconf 88' lang='lat' dir='ltr'><strong>losephi</strong></span> <span class='ocrx_word' id='word_1_74' title='bbox 1379 1610 1642 1687; x_wconf 84' lang='lat' dir='ltr'><strong>Mariae</strong></span> <span class='ocrx_word' id='word_1_75' title='bbox 1698 1634 1739 1684; x_wconf 85' lang='lat' dir='ltr'><strong>a</strong></span> <span class='ocrx_word' id='word_1_76' title='bbox 1792 1610 2009 1707; x_wconf 81' lang='lat' dir='ltr'><strong>Sylva</strong></span> <span class='ocrx_word' id='word_1_77' title='bbox 2064 1610 2321 1685; x_wconf 86' lang='lat' dir='ltr'><strong>Torres</strong></span> <span class='ocrx_word' id='word_1_78' title='bbox 2374 1621 2547 1685; x_wconf 88' lang='lat' dir='ltr'><strong>tunc</strong></span> <span class='ocrx_word' id='word_1_79' title='bbox 2580 1608 2809 1686; x_wconf 86' lang='lat' dir='ltr'><strong>Goani</strong></span> <span class='ocrx_word' id='word_1_80' title='bbox 2846 1610 2987 1685; x_wconf 83' lang='lat' dir='ltr'><strong>Ar-</strong></span> 
     </span>
     <span class='ocr_line' id='line_1_12' title="bbox 821 1716 2987 1829; baseline -0.002 -22"><span class='ocrx_word' id='word_1_81' title='bbox 821 1729 1250 1829; x_wconf 88' lang='lat' dir='ltr'><strong>chiepiscopi</strong></span> <span class='ocrx_word' id='word_1_82' title='bbox 1285 1730 1376 1804; x_wconf 85' lang='lat' dir='ltr'><strong>ad</strong></span> <span class='ocrx_word' id='word_1_83' title='bbox 1413 1716 2105 1826; x_wconf 75' lang='lat' dir='ltr'><strong>Archiepiscopalem</strong></span> <span class='ocrx_word' id='word_1_84' title='bbox 2145 1726 2537 1803; x_wconf 76' lang='lat' dir='ltr'><strong>Ecclesiam</strong></span> <span class='ocrx_word' id='word_1_85' title='bbox 2582 1726 2987 1804; x_wconf 86' lang='lat' dir='ltr'><strong>Palmiren-</strong></span> 
     </span>
     <span class='ocr_line' id='line_1_13' title="bbox 818 1847 2983 1946; baseline -0.002 -21"><span class='ocrx_word' id='word_1_86' title='bbox 818 1870 974 1925; x_wconf 90' lang='lat' dir='ltr'><strong>sem</strong></span> <span class='ocrx_word' id='word_1_87' title='bbox 1012 1849 1086 1922; x_wconf 85' lang='lat' dir='ltr'><strong>in</strong></span> <span class='ocrx_word' id='word_1_88' title='bbox 1121 1848 1444 1946; x_wconf 87' lang='lat' dir='ltr'><strong>partibus</strong></span> <span class='ocrx_word' id='word_1_89' title='bbox 1483 1848 1898 1934; x_wconf 83' lang='lat' dir='ltr'><strong>infidelium,</strong></span> <span class='ocrx_word' id='word_1_90' title='bbox 1940 1847 2353 1922; x_wconf 86' lang='lat' dir='ltr'><strong>iamdudum</strong></span> <span class='ocrx_word' id='word_1_91' title='bbox 2390 1858 2618 1922; x_wconf 83' lang='lat' dir='ltr'><strong>vacat.</strong></span> <span class='ocrx_word' id='word_1_92' title='bbox 2660 1847 2807 1923; x_wconf 86' lang='lat' dir='ltr'><strong>Nos</strong></span> <span class='ocrx_word' id='word_1_93' title='bbox 2845 1848 2983 1945; x_wconf 85' lang='lat' dir='ltr'><strong>igi-</strong></span> 
     </span>
     <span class='ocr_line' id='line_1_14' title="bbox 817 1963 2973 2063; baseline -0.001 -21"><span class='ocrx_word' id='word_1_94' title='bbox 817 1980 938 2042; x_wconf 90' lang='lat' dir='ltr'><strong>tur</strong></span> <span class='ocrx_word' id='word_1_95' title='bbox 987 1967 1075 2041; x_wconf 88' lang='lat' dir='ltr'><strong>ad</strong></span> <span class='ocrx_word' id='word_1_96' title='bbox 1134 1966 1616 2063; x_wconf 87' lang='lat' dir='ltr'><strong>provisionem</strong></span> <span class='ocrx_word' id='word_1_97' title='bbox 1682 1965 1895 2040; x_wconf 87' lang='lat' dir='ltr'><strong>huius</strong></span> <span class='ocrx_word' id='word_1_98' title='bbox 1957 1964 2542 2061; x_wconf 87' lang='lat' dir='ltr'><strong>metropolitanae</strong></span> <span class='ocrx_word' id='word_1_99' title='bbox 2605 1963 2973 2040; x_wconf 85' lang='lat' dir='ltr'><strong>Ecclesiae</strong></span> 
     </span>
     <span class='ocr_line' id='line_1_15' title="bbox 815 2082 2969 2183; baseline -0 -24"><span class='ocrx_word' id='word_1_100' title='bbox 815 2082 1100 2162; x_wconf 89' lang='lat' dir='ltr'><strong>Goanae</strong></span> <span class='ocrx_word' id='word_1_101' title='bbox 1151 2085 1468 2183; x_wconf 85' lang='lat' dir='ltr'><strong>paternis</strong></span> <span class='ocrx_word' id='word_1_102' title='bbox 1501 2085 1961 2181; x_wconf 85' lang='lat' dir='ltr'><strong>sollicitisque</strong></span> <span class='ocrx_word' id='word_1_103' title='bbox 1994 2084 2245 2158; x_wconf 88' lang='lat' dir='ltr'><strong>studiis</strong></span> <span class='ocrx_word' id='word_1_104' title='bbox 2280 2083 2759 2172; x_wconf 76' lang='lat' dir='ltr'><strong>intendenteS‚</strong></span> <span class='ocrx_word' id='word_1_105' title='bbox 2798 2097 2969 2182; x_wconf 91' lang='lat' dir='ltr'><strong>post</strong></span> 
     </span>
     <span class='ocr_line' id='line_1_16' title="bbox 816 2201 2981 2280; baseline -0 -4"><span class='ocrx_word' id='word_1_106' title='bbox 816 2201 1139 2277; x_wconf 86' lang='lat' dir='ltr'><strong>habitam</strong></span> <span class='ocrx_word' id='word_1_107' title='bbox 1205 2228 1374 2279; x_wconf 90' lang='lat' dir='ltr'><strong>cum</strong></span> <span class='ocrx_word' id='word_1_108' title='bbox 1428 2202 1963 2280; x_wconf 73' lang='lat' dir='ltr'><strong>venerabilibus</strong></span> <span class='ocrx_word' id='word_1_109' title='bbox 2016 2202 2386 2278; x_wconf 86' lang='lat' dir='ltr'><strong>Fratribus</strong></span> <span class='ocrx_word' id='word_1_110' title='bbox 2436 2202 2717 2279; x_wconf 84' lang='lat' dir='ltr'><strong>Nostris</strong></span> <span class='ocrx_word' id='word_1_111' title='bbox 2776 2202 2981 2277; x_wconf 82' lang='lat' dir='ltr'><strong>San-</strong></span> 
     </span>
     <span class='ocr_line' id='line_1_17' title="bbox 817 2319 2971 2397; baseline 0.001 -4"><span class='ocrx_word' id='word_1_112' title='bbox 817 2329 976 2393; x_wconf 88' lang='lat' dir='ltr'><strong>ctae</strong></span> <span class='ocrx_word' id='word_1_113' title='bbox 1004 2320 1364 2396; x_wconf 87' lang='lat' dir='ltr'><strong>Romanae</strong></span> <span class='ocrx_word' id='word_1_114' title='bbox 1390 2320 1747 2395; x_wconf 87' lang='lat' dir='ltr'><strong>Ecclesiae</strong></span> <span class='ocrx_word' id='word_1_115' title='bbox 1775 2319 2260 2397; x_wconf 86' lang='lat' dir='ltr'><strong>Cardinalibus</strong></span> <span class='ocrx_word' id='word_1_116' title='bbox 2297 2332 2657 2394; x_wconf 86' lang='lat' dir='ltr'><strong>maturam</strong></span> <span class='ocrx_word' id='word_1_117' title='bbox 2692 2320 2971 2395; x_wconf 83' lang='lat' dir='ltr'><strong>delibe-</strong></span> 
     </span>
     <span class='ocr_line' id='line_1_18' title="bbox 811 2431 2973 2533; baseline 0 -26"><span class='ocrx_word' id='word_1_118' title='bbox 811 2433 1191 2522; x_wconf 84' lang='lat' dir='ltr'><strong>rationem,</strong></span> <span class='ocrx_word' id='word_1_119' title='bbox 1233 2436 1334 2509; x_wconf 90' lang='lat' dir='ltr'><strong>Te</strong></span> <span class='ocrx_word' id='word_1_120' title='bbox 1372 2436 1807 2532; x_wconf 86' lang='lat' dir='ltr'><strong>Episcopum</strong></span> <span class='ocrx_word' id='word_1_121' title='bbox 1842 2458 2069 2533; x_wconf 88' lang='lat' dir='ltr'><strong>nuper</strong></span> <span class='ocrx_word' id='word_1_122' title='bbox 2102 2434 2177 2510; x_wconf 90' lang='lat' dir='ltr'><strong>S.</strong></span> <span class='ocrx_word' id='word_1_123' title='bbox 2219 2434 2453 2510; x_wconf 86' lang='lat' dir='ltr'><strong>Iacobi</strong></span> <span class='ocrx_word' id='word_1_124' title='bbox 2480 2432 2753 2533; x_wconf 88' lang='lat' dir='ltr'><strong>Capitis</strong></span> <span class='ocrx_word' id='word_1_125' title='bbox 2782 2431 2973 2507; x_wconf 83' lang='lat' dir='ltr'><strong>Viri-</strong></span> 
     </span>
     <span class='ocr_line' id='line_1_19' title="bbox 814 2550 2977 2651; baseline 0 -24"><span class='ocrx_word' id='word_1_126' title='bbox 814 2550 950 2640; x_wconf 91' lang='lat' dir='ltr'><strong>dis,</strong></span> <span class='ocrx_word' id='word_1_127' title='bbox 1003 2553 1126 2649; x_wconf 89' lang='lat' dir='ltr'><strong>qui</strong></span> <span class='ocrx_word' id='word_1_128' title='bbox 1178 2576 1222 2626; x_wconf 84' lang='lat' dir='ltr'><strong>a</strong></span> <span class='ocrx_word' id='word_1_129' title='bbox 1272 2554 1727 2649; x_wconf 89' lang='lat' dir='ltr'><strong>praelaudato</strong></span> <span class='ocrx_word' id='word_1_130' title='bbox 1783 2554 1979 2651; x_wconf 76' lang='lat' dir='ltr'><strong>Rege</strong></span> <span class='ocrx_word' id='word_1_131' title='bbox 2029 2553 2247 2630; x_wconf 89' lang='lat' dir='ltr'><strong>Nobis</strong></span> <span class='ocrx_word' id='word_1_132' title='bbox 2298 2578 2427 2651; x_wconf 90' lang='lat' dir='ltr'><strong>per</strong></span> <span class='ocrx_word' id='word_1_133' title='bbox 2478 2564 2811 2651; x_wconf 87' lang='lat' dir='ltr'><strong>patentes</strong></span> <span class='ocrx_word' id='word_1_134' title='bbox 2850 2553 2977 2627; x_wconf 88' lang='lat' dir='ltr'><strong>lit-</strong></span> 
     </span>
     <span class='ocr_line' id='line_1_20' title="bbox 817 2671 2975 2769; baseline 0.002 -27"><span class='ocrx_word' id='word_1_135' title='bbox 817 2677 1009 2742; x_wconf 87' lang='lat' dir='ltr'><strong>teras</strong></span> <span class='ocrx_word' id='word_1_136' title='bbox 1045 2680 1544 2767; x_wconf 86' lang='lat' dir='ltr'><strong>praesentatus</strong></span> <span class='ocrx_word' id='word_1_137' title='bbox 1581 2694 1686 2758; x_wconf 76' lang='lat' dir='ltr'><strong>eS,</strong></span> <span class='ocrx_word' id='word_1_138' title='bbox 1726 2671 1991 2769; x_wconf 89' lang='lat' dir='ltr'><strong>quique</strong></span> <span class='ocrx_word' id='word_1_139' title='bbox 2025 2671 2347 2769; x_wconf 84' lang='lat' dir='ltr'><strong>pluribus</strong></span> <span class='ocrx_word' id='word_1_140' title='bbox 2380 2671 2729 2747; x_wconf 86' lang='lat' dir='ltr'><strong>virtutum</strong></span> <span class='ocrx_word' id='word_1_141' title='bbox 2764 2672 2975 2747; x_wconf 86' lang='lat' dir='ltr'><strong>donis</strong></span> 
     </span>
     <span class='ocr_line' id='line_1_21' title="bbox 817 2786 2973 2886; baseline -0.001 -23"><span class='ocrx_word' id='word_1_142' title='bbox 817 2812 860 2863; x_wconf 90' lang='lat' dir='ltr'><strong>a</strong></span> <span class='ocrx_word' id='word_1_143' title='bbox 895 2786 1047 2864; x_wconf 90' lang='lat' dir='ltr'><strong>Deo</strong></span> <span class='ocrx_word' id='word_1_144' title='bbox 1083 2786 1450 2884; x_wconf 87' lang='lat' dir='ltr'><strong>praeditus</strong></span> <span class='ocrx_word' id='word_1_145' title='bbox 1485 2789 2041 2864; x_wconf 88' lang='lat' dir='ltr'><strong>consecrationis</strong></span> <span class='ocrx_word' id='word_1_146' title='bbox 2078 2810 2373 2862; x_wconf 89' lang='lat' dir='ltr'><strong>munere</strong></span> <span class='ocrx_word' id='word_1_147' title='bbox 2408 2800 2769 2886; x_wconf 88' lang='lat' dir='ltr'><strong>suscepto,</strong></span> <span class='ocrx_word' id='word_1_148' title='bbox 2802 2789 2973 2862; x_wconf 87' lang='lat' dir='ltr'><strong>licet</strong></span> 
     </span>
     <span class='ocr_line' id='line_1_22' title="bbox 817 2902 2976 2981; baseline -0.001 0"><span class='ocrx_word' id='word_1_149' title='bbox 817 2907 908 2981; x_wconf 90' lang='lat' dir='ltr'><strong>ad</strong></span> <span class='ocrx_word' id='word_1_150' title='bbox 959 2905 1220 2980; x_wconf 90' lang='lat' dir='ltr'><strong>Sedem</strong></span> <span class='ocrx_word' id='word_1_151' title='bbox 1278 2902 1437 2977; x_wconf 90' lang='lat' dir='ltr'><strong>Tihi</strong></span> <span class='ocrx_word' id='word_1_152' title='bbox 1492 2904 1837 2979; x_wconf 89' lang='lat' dir='ltr'><strong>creditam</strong></span> <span class='ocrx_word' id='word_1_153' title='bbox 1874 2904 2223 2979; x_wconf 88' lang='lat' dir='ltr'><strong>hactenus</strong></span> <span class='ocrx_word' id='word_1_154' title='bbox 2258 2906 2593 2981; x_wconf 87' lang='lat' dir='ltr'><strong>accedere</strong></span> <span class='ocrx_word' id='word_1_155' title='bbox 2626 2905 2813 2979; x_wconf 88' lang='lat' dir='ltr'><strong>haud</strong></span> <span class='ocrx_word' id='word_1_156' title='bbox 2852 2928 2976 2979; x_wconf 88' lang='lat' dir='ltr'><strong>va-</strong></span> 
     </span>
     <span class='ocr_line' id='line_1_23' title="bbox 816 3022 2973 3121; baseline 0 -24"><span class='ocrx_word' id='word_1_157' title='bbox 816 3022 1016 3099; x_wconf 88' lang='lat' dir='ltr'><strong>luisti</strong></span> <span class='ocrx_word' id='word_1_158' title='bbox 1048 3075 1071 3111; x_wconf 89' lang='lat'><strong>,</strong></span> <span class='ocrx_word' id='word_1_159' title='bbox 1126 3046 1258 3120; x_wconf 92' lang='lat' dir='ltr'><strong>pro</strong></span> <span class='ocrx_word' id='word_1_160' title='bbox 1315 3033 1442 3098; x_wconf 90' lang='lat' dir='ltr'><strong>tuo</strong></span> <span class='ocrx_word' id='word_1_161' title='bbox 1494 3046 1707 3121; x_wconf 77' lang='lat' dir='ltr'><strong>grege</strong></span> <span class='ocrx_word' id='word_1_162' title='bbox 1761 3024 2027 3099; x_wconf 88' lang='lat' dir='ltr'><strong>tuendo</strong></span> <span class='ocrx_word' id='word_1_163' title='bbox 2078 3046 2371 3099; x_wconf 88' lang='lat' dir='ltr'><strong>omnem</strong></span> <span class='ocrx_word' id='word_1_164' title='bbox 2420 3022 2973 3098; x_wconf 88' lang='lat' dir='ltr'><strong>sollicitudinem</strong></span> 
     </span>
     <span class='ocr_line' id='line_1_24' title="bbox 817 3138 2973 3228; baseline -0.001 -12"><span class='ocrx_word' id='word_1_165' title='bbox 817 3139 1255 3228; x_wconf 85' lang='lat' dir='ltr'><strong>adhibuisti,</strong></span> <span class='ocrx_word' id='word_1_166' title='bbox 1307 3150 1382 3214; x_wconf 88' lang='lat' dir='ltr'><strong>et</strong></span> <span class='ocrx_word' id='word_1_167' title='bbox 1433 3138 1683 3214; x_wconf 91' lang='lat' dir='ltr'><strong>Fidem</strong></span> <span class='ocrx_word' id='word_1_168' title='bbox 1738 3138 2176 3215; x_wconf 84' lang='lat' dir='ltr'><strong>Catholicam</strong></span> <span class='ocrx_word' id='word_1_169' title='bbox 2250 3142 2453 3215; x_wconf 83' lang='lat' dir='ltr'><strong>iuxta</strong></span> <span class='ocrx_word' id='word_1_170' title='bbox 2518 3140 2855 3215; x_wconf 87' lang='lat' dir='ltr'><strong>articulos</strong></span> <span class='ocrx_word' id='word_1_171' title='bbox 2928 3162 2973 3213; x_wconf 85' lang='lat' dir='ltr'><strong>a</strong></span> 
     </span>
     <span class='ocr_line' id='line_1_25' title="bbox 815 3255 2973 3355; baseline 0 -23"><span class='ocrx_word' id='word_1_172' title='bbox 815 3256 996 3333; x_wconf 86' lang='lat' dir='ltr'><strong>Sede</strong></span> <span class='ocrx_word' id='word_1_173' title='bbox 1051 3256 1454 3354; x_wconf 86' lang='lat' dir='ltr'><strong>Apostoliea</strong></span> <span class='ocrx_word' id='word_1_174' title='bbox 1505 3257 1911 3355; x_wconf 88' lang='lat' dir='ltr'><strong>propositos</strong></span> <span class='ocrx_word' id='word_1_175' title='bbox 1929 3256 1945 3271; x_wconf 85' lang='lat'><strong>&#39;</strong></span> <span class='ocrx_word' id='word_1_176' title='bbox 1962 3277 2299 3353; x_wconf 84' lang='lat' dir='ltr'><strong>expresse</strong></span> <span class='ocrx_word' id='word_1_177' title='bbox 2334 3255 2695 3354; x_wconf 79' lang='lat' dir='ltr'><strong>professus</strong></span> <span class='ocrx_word' id='word_1_178' title='bbox 2730 3280 2837 3345; x_wconf 88' lang='lat' dir='ltr'><strong>es,</strong></span> <span class='ocrx_word' id='word_1_179' title='bbox 2878 3257 2973 3333; x_wconf 86' lang='lat' dir='ltr'><strong>ad</strong></span> 
     </span>
     <span class='ocr_line' id='line_1_26' title="bbox 817 3373 2971 3471; baseline 0.002 -24"><span class='ocrx_word' id='word_1_180' title='bbox 817 3396 976 3447; x_wconf 86' lang='lat' dir='ltr'><strong>eam</strong></span> <span class='ocrx_word' id='word_1_181' title='bbox 1025 3373 1420 3449; x_wconf 88' lang='lat' dir='ltr'><strong>Ecclesiam</strong></span> <span class='ocrx_word' id='word_1_182' title='bbox 1471 3375 2039 3471; x_wconf 88' lang='lat' dir='ltr'><strong>promovendum</strong></span> <span class='ocrx_word' id='word_1_183' title='bbox 2092 3374 2523 3448; x_wconf 88' lang='lat' dir='ltr'><strong>censuimus.</strong></span> <span class='ocrx_word' id='word_1_184' title='bbox 2594 3374 2697 3449; x_wconf 92' lang='lat' dir='ltr'><strong>Te</strong></span> <span class='ocrx_word' id='word_1_185' title='bbox 2749 3375 2971 3471; x_wconf 77' lang='lat' dir='ltr'><strong>igitur</strong></span> 
     </span>
     <span class='ocr_line' id='line_1_27' title="bbox 817 3488 2969 3587; baseline 0.002 -26"><span class='ocrx_word' id='word_1_186' title='bbox 817 3489 1146 3585; x_wconf 77' lang='lat' dir='ltr'><strong>quamvis</strong></span> <span class='ocrx_word' id='word_1_187' title='bbox 1173 3488 1542 3564; x_wconf 85' lang='lat' dir='ltr'><strong>absentem</strong></span> <span class='ocrx_word' id='word_1_188' title='bbox 1569 3512 1612 3563; x_wconf 89' lang='lat' dir='ltr'><strong>a</strong></span> <span class='ocrx_word' id='word_1_189' title='bbox 1647 3490 1956 3577; x_wconf 87' lang='lat' dir='ltr'><strong>vinculo,</strong></span> <span class='ocrx_word' id='word_1_190' title='bbox 1985 3514 2129 3587; x_wconf 83' lang='lat' dir='ltr'><strong>quo</strong></span> <span class='ocrx_word' id='word_1_191' title='bbox 2157 3512 2325 3587; x_wconf 80' lang='lat' dir='ltr'><strong>erga</strong></span> <span class='ocrx_word' id='word_1_192' title='bbox 2348 3488 2739 3567; x_wconf 88' lang='lat' dir='ltr'><strong>Ecclesiam</strong></span> <span class='ocrx_word' id='word_1_193' title='bbox 2768 3492 2969 3567; x_wconf 81' lang='lat' dir='ltr'><strong>S.la-</strong></span> 
     </span>
     <span class='ocr_line' id='line_1_28' title="bbox 817 3603 2969 3704; baseline 0.002 -23"><span class='ocrx_word' id='word_1_194' title='bbox 817 3604 976 3681; x_wconf 87' lang='lat' dir='ltr'><strong>cobi</strong></span> <span class='ocrx_word' id='word_1_195' title='bbox 1026 3603 1294 3704; x_wconf 89' lang='lat' dir='ltr'><strong>Capitis</strong></span> <span class='ocrx_word' id='word_1_196' title='bbox 1347 3605 1604 3681; x_wconf 82' lang='lat' dir='ltr'><strong>Viridis</strong></span> <span class='ocrx_word' id='word_1_197' title='bbox 1657 3608 1947 3694; x_wconf 87' lang='lat' dir='ltr'><strong>teneris,</strong></span> <span class='ocrx_word' id='word_1_198' title='bbox 1986 3608 2073 3683; x_wconf 92' lang='lat' dir='ltr'><strong>de</strong></span> <span class='ocrx_word' id='word_1_199' title='bbox 2118 3606 2264 3683; x_wconf 83' lang='lat' dir='ltr'><strong>VV.</strong></span> <span class='ocrx_word' id='word_1_200' title='bbox 2306 3608 2636 3685; x_wconf 82' lang='lat' dir='ltr'><strong>Fratrum</strong></span> <span class='ocrx_word' id='word_1_201' title='bbox 2674 3632 2969 3686; x_wconf 86' lang='lat' dir='ltr'><strong>eorum-</strong></span> 
     </span>
     <span class='ocr_line' id='line_1_29' title="bbox 815 3723 2963 3825; baseline 0.002 -25"><span class='ocrx_word' id='word_1_202' title='bbox 815 3724 981 3800; x_wconf 91' lang='lat' dir='ltr'><strong>dem</strong></span> <span class='ocrx_word' id='word_1_203' title='bbox 1031 3724 1322 3800; x_wconf 87' lang='lat' dir='ltr'><strong>consilio</strong></span> <span class='ocrx_word' id='word_1_204' title='bbox 1351 3775 1374 3813; x_wconf 93' lang='lat'>‚</span> <span class='ocrx_word' id='word_1_205' title='bbox 1429 3735 1504 3799; x_wconf 89' lang='lat' dir='ltr'><strong>et</strong></span> <span class='ocrx_word' id='word_1_206' title='bbox 1557 3723 2003 3822; x_wconf 86' lang='lat' dir='ltr'><strong>Apostolicae</strong></span> <span class='ocrx_word' id='word_1_207' title='bbox 2077 3728 2454 3824; x_wconf 86' lang='lat' dir='ltr'><strong>potestatis</strong></span> <span class='ocrx_word' id='word_1_208' title='bbox 2525 3727 2963 3825; x_wconf 87' lang='lat' dir='ltr'><strong>plenitudine</strong></span> 
     </span>
     <span class='ocr_line' id='line_1_30' title="bbox 816 3842 2961 3941; baseline 0.001 -24"><span class='ocrx_word' id='word_1_209' title='bbox 816 3842 1293 3932; x_wconf 89' lang='lat' dir='ltr'><strong>absolventes,</strong></span> <span class='ocrx_word' id='word_1_210' title='bbox 1349 3842 1436 3917; x_wconf 82' lang='lat' dir='ltr'><strong>ad</strong></span> <span class='ocrx_word' id='word_1_211' title='bbox 1491 3844 2113 3941; x_wconf 88' lang='lat' dir='ltr'><strong>metropolitanam</strong></span> <span class='ocrx_word' id='word_1_212' title='bbox 2184 3843 2577 3921; x_wconf 84' lang='lat' dir='ltr'><strong>Ecclesiam</strong></span> <span class='ocrx_word' id='word_1_213' title='bbox 2640 3842 2961 3921; x_wconf 85' lang='lat' dir='ltr'><strong>Goanam</strong></span> 
     </span>
     <span class='ocr_line' id='line_1_31' title="bbox 815 3960 2958 4060; baseline 0.001 -25"><span class='ocrx_word' id='word_1_214' title='bbox 815 3960 1596 4060; x_wconf 84' lang='lat' dir='ltr'><strong>transferimus,Teque</strong></span> <span class='ocrx_word' id='word_1_215' title='bbox 1625 3961 1861 4036; x_wconf 88' lang='lat' dir='ltr'><strong>eidem</strong></span> <span class='ocrx_word' id='word_1_216' title='bbox 1890 3962 2477 4059; x_wconf 88' lang='lat' dir='ltr'><strong>metropolitanae</strong></span> <span class='ocrx_word' id='word_1_217' title='bbox 2504 3960 2861 4038; x_wconf 88' lang='lat' dir='ltr'><strong>Ecclesiae</strong></span> <span class='ocrx_word' id='word_1_218' title='bbox 2886 3964 2958 4037; x_wconf 89' lang='lat' dir='ltr'><strong>in</strong></span> 
     </span>
     <span class='ocr_line' id='line_1_32' title="bbox 819 4076 2963 4179; baseline 0.001 -27"><span class='ocrx_word' id='word_1_219' title='bbox 819 4076 1448 4179; x_wconf 86' lang='lat' dir='ltr'><strong>Archiepiscopum</strong></span> <span class='ocrx_word' id='word_1_220' title='bbox 1475 4092 1550 4156; x_wconf 91' lang='lat' dir='ltr'><strong>et</strong></span> <span class='ocrx_word' id='word_1_221' title='bbox 1581 4078 1955 4156; x_wconf 87' lang='lat' dir='ltr'><strong>Pastorem</strong></span> <span class='ocrx_word' id='word_1_222' title='bbox 1982 4080 2454 4177; x_wconf 80' lang='lat' dir='ltr'><strong>praeficimus3</strong></span> <span class='ocrx_word' id='word_1_223' title='bbox 2480 4104 2753 4169; x_wconf 89' lang='lat' dir='ltr'><strong>curam,</strong></span> <span class='ocrx_word' id='word_1_224' title='bbox 2785 4082 2963 4179; x_wconf 81' lang='lat' dir='ltr'><strong>regi-</strong></span> 
     </span>
     <span class='ocr_line' id='line_1_33' title="bbox 812 4198 2961 4297; baseline 0 -24"><span class='ocrx_word' id='word_1_225' title='bbox 812 4220 1006 4287; x_wconf 91' lang='lat' dir='ltr'><strong>men,</strong></span> <span class='ocrx_word' id='word_1_226' title='bbox 1045 4210 1120 4273; x_wconf 89' lang='lat' dir='ltr'><strong>et</strong></span> <span class='ocrx_word' id='word_1_227' title='bbox 1155 4200 1823 4275; x_wconf 86' lang='lat' dir='ltr'><strong>admnistrationem</strong></span> <span class='ocrx_word' id='word_1_228' title='bbox 1862 4199 2083 4297; x_wconf 88' lang='lat' dir='ltr'><strong>ipsius</strong></span> <span class='ocrx_word' id='word_1_229' title='bbox 2108 4198 2465 4277; x_wconf 88' lang='lat' dir='ltr'><strong>Ecclesiae</strong></span> <span class='ocrx_word' id='word_1_230' title='bbox 2504 4200 2661 4275; x_wconf 87' lang='lat' dir='ltr'><strong>Tibi</strong></span> <span class='ocrx_word' id='word_1_231' title='bbox 2698 4201 2775 4282; x_wconf 85' lang='lat' dir='ltr'><strong>in</strong></span> <span class='ocrx_word' id='word_1_232' title='bbox 2810 4200 2961 4297; x_wconf 87' lang='lat' dir='ltr'><strong>spi-</strong></span> 
     </span>
    </p>
   </div>
  </div>
 </body>
</html>
