3317 5267
895 473 1039 545 642

885 586 1148 664 debere
1196 608 1282 658 ex
1340 582 1769 661 conscientia
1821 579 2240 678 dogmaticis
2303 577 2696 654 infallibilis
2728 577 3030 653 catholi-

888 729 1011 784 cae
1060 701 1419 780 Ecclesiae
1474 699 1760 778 obedire
1813 698 2148 776 decretis.
2189 695 2383 774 Dum
2434 721 2606 773 vero
2633 697 2914 772 debitas
2946 697 3036 770 il·-

885 825 971 900 lis
1023 821 1407 898 deferimus
1464 819 1745 907 laudes,
1799 817 1990 915 quod
2043 813 2346 912 professi
2399 817 2550 890 sint
2601 817 2982 890 veritatem
3013 865 3036 901 ,

890 961 1072 1038 quae
1123 963 1212 1016 ex
1266 937 1657 1017 catholicae
1707 935 1870 1010 fidei
1919 933 2345 1032 obligatione
2427 933 2834 1008 necessario
2895 933 3040 1007 ori-

894 1073 1035 1148 tur,
1090 1060 1512 1157 persuadere
1562 1057 1785 1132 Nobis
1835 1057 2166 1132 volumus
2204 1107 2226 1143 ‚
2287 1055 2602 1131 noluisse
2657 1053 3036 1152 obligatio-

895 1201 1059 1257 nem
1100 1230 1123 1264 ‚
1176 1201 1317 1274 qua
1366 1175 1698 1251 catholici
1751 1171 2097 1270 Magistri,
2155 1197 2244 1246 ac
2270 1173 2694 1269 ‘Scriptores
2745 1173 3038 1246 omnino

894 1295 1450 1391 adstringuntur,
1510 1299 1883 1368 coarctare
1929 1293 2004 1364 in
2057 1291 2144 1364 iis
2197 1302 2513 1379 tanturn,
2568 1311 2751 1388 quae
2781 1289 2874 1362 ab
2927 1289 3040 1362 in·-

896 1415 1161 1490 fallihili
1212 1414 1573 1490 Ecclesiae
1616 1413 1874 1487 iudicio
1910 1465 1936 1500 ,
2017 1411 2240 1486 veluti
2297 1409 2458 1486 fidei
2535 1413 2874 1507 dogmata
2949 1407 3040 1482 ab

896 1532 1229 1611 omnibus
1276 1532 1623 1606 credenda
1680 1531 2204 1628 proponuntur.
2265 1530 2495 1628 Atque
2549 1529 2768 1602 etiam
2823 1523 3042 1602 Nobis

898 1652 1431 1748 persuademuS,
1488 1651 1680 1746 ipsos
1733 1649 1854 1722 nol
1869 1648 2057 1722 uisse
2111 1645 2490 1734 declarare,
2519 1645 2911 1743 perfectam
2950 1643 3046 1717 il-

868 1769 1041 1856 'lam
1092 1790 1255 1865 erga
1308 1767 1653 1844 revelatas
1708 1767 2060 1849 veritates
2115 1763 2647 1852 adhaesionem,
2705 1783 2923 1860 quam
2959 1785 3044 1834 a·

898 1897 1297 1984 gnoverunt
1348 1885 1831 1960 necessariam
1887 1883 2180 1957 omnino
2207 1903 2362 1954 esse
2401 1880 2491 1955 ad
2521 1903 2769 1954 verum
2809 1880 3046 1954 scien-

902 2005 1161 2078 tiarum
1214 2023 1668 2100 progressum
1717 1999 2266 2098 assequendum,
2323 2009 2399 2072 et
2447 1997 2535 2070 ad
2567 1996 2846 2071 errores
2869 2021 3050 2072 con·-

902 2119 1259 2208 futandoS‚
1314 2119 1617 2196 obtineri
1677 2138 1914 2214 posse,
1945 2117 2008 2189 si
2033 2116 2410 2194 dumtaxat
2447 2111 2924 2211 Dogmatihus
2957 2112 3046 2186 ab

902 2238 1215 2321 Ecclesia
1266 2261 1604 2336 expresse
1654 2235 1962 2311 delinitis
2013 2233 2218 2322 fides,
2275 2245 2352 2308 et
2385 2232 2816 2330 obsequium
2841 2232 3044 2306 adhi-

905 2357 1179 2434 beatur.
1236 2356 1559 2454 Namque
1610 2355 1892 2430 etiamsi
1945 2365 2276 2451 ageretur
2309 2353 2402 2426 de
2423 2352 2540 2425 illa
2577 2349 3040 2438 subiectione,

906 2497 1087 2571 quae
1138 2474 1301 2554 fidei
1352 2475 1639 2552 divinae
1693 2484 1858 2548 ectu
1911 2484 2024 2547 est
2051 2471 2502 2570 praestanda,
2531 2469 2896 2544 limitanda
2927 2479 3044 2541 ta·-

906 2614 1076 2666 men
1128 2614 1273 2668 non
1326 2603 1521 2666 esset
1572 2591 1661 2665 ad
1717 2613 1827 2678 ea,
1885 2613 2066 2686 quae
2121 2589 2478 2684 expressis
2537 2587 3046 2662 oecumenico-

902 2731 1063 2790 rum
1114 2709 1615 2800 Conciliorum,
1683 2722 1806 2784 aut
1860 2709 2348 2784 Romanorum
2399 2707 2856 2796 Pontificum,
2897 2707 3050 2783 hu·-

906 2831 1159 2925 iusque
1212 2829 1657 2925 Apostolicae
1711 2827 1916 2903 Sedis
1972 2828 2284 2902 decretis
2337 2825 2623 2902 definita
2673 2837 2872 2914 sunt,
2925 2825 3048 2901 sed

906 2949 994 3026 ad
1047 2969 1129 3020 ea
1182 2967 1465 3045 quoque
1517 2948 1970 3023 extendenda
2025 2969 2204 3044 quae
2256 2947 2610 3022 ordinario
2661 2944 2890 3020 totius
2923 2941 3052 3019 Ee-

910 3066 1163 3140 clesiae
1216 3086 1343 3161 per
1378 3062 1619 3140 orbem
1658 3065 2018 3161 dispersae
2071 3063 2480 3160 magisterio
2533 3073 2908 3158 tamquam
2943 3061 3015 3135 di

912 3187 1178 3268 vinitas
1229 3183 1539 3258 revelata
1596 3184 1995 3270 traduntur,
2025 3183 2329 3280 ideoque
2353 3181 2736 3257 universali
2765 3193 2844 3255 et
2881 3202 3058 3256 con-

912 3303 1131 3382 stanti
1182 3324 1533 3380 consensu
1584 3325 1627 3374 a
1677 3301 2041 3375 catholicis
2096 3299 2474 3396 Theologis
2519 3299 2610 3377 ad
2635 3297 2854 3372 fidem
2890 3319 3054 3395 per·-

914 3419 1138 3500 u‘nere
1188 3417 1608 3494 retinentur.
1648 3417 1786 3492 Sed
1813 3440 1977 3492 cum
2017 3432 2268 3514 agatur
2295 3417 2388 3491 de
2423 3417 2540 3490 illa
2573 3414 3048 3500 subiectione,

912 3559 1049 3634 qua
1078 3558 1167 3608 ex
1220 3535 1547 3610 conscie-n
1558 3534 1650 3609 tia
1705 3536 1752 3612 ii
1811 3559 2062 3611 omnes
2115 3535 2446 3611 catholici
2477 3533 3048 3630 obstringuntur,

915 3653 1035 3749 qui
1086 3651 1161 3729 in
1211 3651 1830 3748 >contemplati-ic&
1879 3652 2214 3728 scientias
2272 3649 2718 3738 incumbunt,
2780 3660 2862 3723 ut
2911 3671 3050 3723 no-

918 3793 1045 3847 vas
1096 3769 1245 3846 suis
1296 3771 1577 3866 scriptis
1631 3767 1994 3844 Ecclesiae
2045 3768 2344 3844 afferant
2397 3769 2772 3856 utilitates,
2801 3767 3054 3841 iccirco

918 3887 1237 3966 eiusdem
1272 3883 1686 3964 Conventus
1725 3887 1857 3959 viri
1899 3907 2405 3982 recognoscere
2437 3884 2730 3970 debent,
2769 3883 3056 3980 sapien-—

918 4003 1111 4088 tibus
1144 4003 1509 4082 catholicis
1542 4003 1732 4078 haud
1767 4005 1942 4077 satis
1979 4027 2162 4091 esse,
2202 4015 2284 4078 ut
2326 4003 2648 4101 praefata
2687 3998 3052 4074 Ecclesiae

922 4125 1253 4220 dogmata
1278 4124 1629 4218 recipiant
1663 4146 1744 4198 ac
1783 4134 2231 4211 venerentur,
2291 4144 2536 4198 verum
2590 4122 2809 4196 etiam
2865 4139 3046 4215 opus

926 4261 1111 4333 esso,
1150 4251 1229 4320 ut
1264 4263 1339 4318 se
1372 4239 1748 4318 subiiciant
1784 4251 1938 4315 tum
1991 4240 2486 4330 decisionibus,
2539 4261 2724 4341 quae
2775 4238 2868 4313 ad
2908 4237 3052 4335 ‹lo-3
