3317 5267
945 493 1094 563 460

929 604 1222 706 quitatis
1275 615 1340 675 et
1399 600 1596 700 fidei,
1649 615 1861 700 atque
1912 611 2351 672 assumentes
2386 595 2711 694 qladium
2738 595 3085 694 spiritus,

936 719 1124 824 quod
1174 733 1276 794 est
1329 719 1618 792 verbum
1672 715 1833 804 Dei,
1886 739 1979 790 ne
2032 715 2533 788 intermittatis
2584 713 2919 789 omnium
2960 735 3091 789 ca·—

939 838 1242 914 tholicae
1293 834 1681 920 Ecclesiae,
1736 846 1811 907 et
1871 832 2080 906 huius
2146 829 2594 928 Apostolicae
2662 831 2867 906 Sedis
2934 831 3091 906 ho—

940 956 1160 1032 stium
1211 951 1579 1028 conatibus
1631 951 2000 1038 obsistere,
2054 971 2443 1046 eorumque
2499 949 2638 1024 tela
2690 949 3081 1024 retundere

942 1081 1020 1145 et
1069 1070 1384 1164 impetus
1435 1067 1791 1164 frangere.

1097 1186 1392 1260 Interim
1447 1209 1618 1260 vero
1670 1183 1825 1258 dies
1878 1193 2291 1282 noctesque,
2346 1182 2643 1257 sublatis
2677 1183 2766 1256 ad
2800 1183 3089 1258 caelum

939 1305 1190 1392 oculiS,
1247 1327 1392 1378 non
1431 1304 1891 1390 desistamus,
1932 1299 2383 1375 Venerabiles
2420 1299 2732 1388 Fratres,
2762 1299 3091 1374 clemen-

943 1423 1298 1495 tissimum
1353 1421 1994 1495 misericordiarum
2052 1415 2365 1504 Patrem,
2422 1428 2498 1492 et
2560 1414 2793 1490 Deum
2864 1418 3089 1490 totius

941 1538 1469 1624 consolationis,
1525 1539 1646 1635 qui
1701 1537 1790 1611 de
1844 1535 2156 1610 tenebris
2218 1533 2389 1610 facit
2452 1535 2683 1610 lucem
2746 1536 3089 1632 splendes

945 1679 1166 1741 scere,
1221 1657 1482 1753 quique
1535 1665 1789 1750 potens
1842 1664 1955 1728 est
2010 1654 2097 1726 de
2132 1651 2481 1747 lapidibus
2516 1653 2865 1726 suscitare
2902 1651 3085 1727 filios

951 1773 1296 1860 Abrahae,
1353 1773 1426 1844 in
1491 1771 1893 1844 humilitate
1952 1770 2183 1844 cordis
2244 1769 2475 1844 nostri
2536 1767 3085 1842 ferventissimis

951 1889 1276 1989 precibus
1347 1889 1837 1963 indesinenter
1908 1910 2109 1961 orare
2179 1898 2254 1961 et
2326 1885 2725 1972 obsecrare,
2805 1897 2895 1958 ut
2962 1909 3086 1982 per

949 2011 1200 2083 merita
1253 2005 1612 2104 Unigeniti
1668 2005 1823 2078 Filii
1874 2005 1986 2078 sui
2039 2001 2321 2080 Domini
2374 2003 2611 2079 Nostri
2672 2002 2715 2076 J
2720 2027 2849 2080 esu
2878 2001 3084 2077 Chri-

949 2127 1044 2202 sti
1096 2124 1268 2200 velit
1317 2123 1745 2198 christianae
1798 2133 1873 2196 et
1924 2119 2113 2194 civili
2166 2120 2586 2217 reipublicae
2641 2118 3083 2194 auxiliarium

949 2243 1301 2340 porrigere
1361 2241 1759 2326 dexteram,
1794 2259 2189 2334 omnesque
2224 2239 2628 2334 disperdere
2680 2261 2963 2314 errores
3016 2250 3087 2312 et

949 2361 1380 2457 impietateS,
1433 2381 1514 2434 ac
1565 2359 1845 2434 divinae
1898 2379 2065 2432 suae
2118 2358 2383 2454 gratiae
2436 2357 2705 2432 lumine
2756 2357 3083 2432 omnium

946 2476 1332 2551 errantium
1393 2486 1674 2549 mentes
1727 2474 2103 2561 illustrare,
2158 2474 2453 2574 illosque
2508 2475 2595 2549 ad
2648 2497 2725 2548 se
2776 2496 3087 2550 conver-

947 2605 1098 2668 tere
1151 2603 1226 2670 et
1275 2613 1637 2676 revocare,
1668 2589 1831 2686 'quo
1881 2587 2201 2665 Ecclesia
2252 2613 2379 2666 sua
2432 2601 2679 2668 sancta
2712 2591 3089 2687 optatissi-

945 2731 1140 2784 mam
1193 2721 1616 2805 assequatur
1659 2727 1937 2802 pacem,
1990 2720 2068 2782 et
2118 2706 2381 2806 ubique
2422 2719 2771 2782 terrarum
2810 2707 3085 2782 maiora

941 2829 1016 2902 in
1067 2828 1220 2904 dies
1273 2828 1711 2902 incrementa
1762 2825 2129 2922 suscipiat,
2185 2851 2269 2904 ac
2320 2851 2659 2925 prospere
2712 2827 2952 2924 vigeat
3004 2837 3087 2901 et

947 2945 1364 3022 efflorescat.
1422 2943 1520 3016 Ut
1579 2953 1819 3018 autem
1886 2965 2071 3040 quae
2134 2946 2445 3040 petimus
2506 2957 2583 3020 et
2642 2943 3083 3042 quaerimus,

949 3063 1222 3140 facilius
1283 3061 1622 3158 consequi
1696 3059 2077 3156 possimus,
2152 3085 2243 3136 ne
2314 3085 2671 3138 cessemus
2744 3059 3083 3136 adhibere

949 3182 1260 3277 primum
1332 3179 1887 3276 deprecatricem
1961 3178 2150 3274 apud
2217 3177 2447 3255 Deum
2538 3177 3077 3254 immaculatam

947 3298 1628 3395 Sanctissimamque
1684 3294 2059 3393 Deiparam
2116 3295 2479 3396 Virginem
2530 3297 2853 3382 Mariam,
2900 3320 3081 3394 quae

951 3419 1603 3494 misericordissima
1665 3430 1741 3491 et
1800 3419 2287 3494 amantissima
2356 3429 2682 3494 nostrum
2756 3417 3079 3492 omnium

950 3549 1182 3611 mater
1229 3549 1524 3614 cunctas
1575 3561 1861 3635 semper
1914 3539 2279 3613 interemit
2330 3539 2696 3623 haereses,
2746 3547 2829 3610 et
2876 3535 3075 3610 cuius

945 3653 1218 3729 nullum
1271 3656 1456 3752 apud
1513 3653 1743 3730 Deum
1802 3657 2251 3754 praesentius
2300 3655 2803 3753 patrocinium.
2866 3652 3075 3727 Peta-

948 3793 1110 3848 mus
1163 3796 1444 3870 quoque
1495 3771 1827 3871 suffragia
1878 3786 2031 3848 tum
2084 3773 2317 3848 sancti
2380 3771 2697 3847 eiusdem
2768 3770 3077 3869 Virginis

955 3889 1210 3988 Sponsi
1265 3890 1568 3986 losephi,
1625 3904 1781 3966 tum
1849 3903 2257 3965 sanctorum
2322 3889 2823 3988 Apostolorum
2882 3886 3075 3961 Petri

949 4021 1024 4082 et
1077 4007 1326 4096 Paulli,
1383 4010 1849 4106 omniumque
1902 4011 2265 4096 caelitum,
2319 4021 2395 4084 et
2444 4009 2722 4086 illorum
2753 4001 3077 4107 praeser-

939 4129 1096 4216 tim,
1151 4153 1332 4227 quos
1383 4152 1608 4227 nuper
1643 4129 2063 4206 Sanctorum
2102 4127 2309 4204 fastis
2346 4130 2737 4226 adscriptos
2776 4128 3077 4204 colimus

949 4264 1024 4323 θῑ
1077 4274 1520 4326 veneramur.
