3317 5267
1007 611 1262 706 rlvs
1321 612 1490 703 rr.
1556 615 1709 703 ιχ.
2285 514 2426 586 ⁶⁰⁷
2485 539 2490 553 ’

506 866 887 932 .mmm.1
924 867 1121 922 rum
1160 865 1482 929 ammai-o
1520 873 1792 926 nucero
1829 875 2172 930 ‘tumtunm

1198 983 1548 1034 ramnum.

1035 1314 1413 1364 nuntiamus
1456 1314 1670 1367 namn

670 1525 935 1574 §Al-m!
974 1527 1045 1573 n·
1084 1524 1481 1574 nonomen(
1520 1501 1990 1579 Bnnssmc'tloluiu

294 1717 517 1938 Qua
566 1803 905 1918 singulari
966 1823 1255 1900 prorsus
1308 1798 1577 1875 laetitia
1628 1813 1708 1876 et
1739 1802 2216 1902 consolatione
2251 1804 2428 1879 affe—

295 1934 398 1995 cti
444 1921 791 1996 fuerImus
842 1918 937 1994 ob
1009 1939 1209 1993 sacra
1276 1917 1622 1993 solemnia
1691 1940 1738 1990 a
1798 1917 1900 1993 Te
1973 1920 2110 1996 hoc
2179 1942 2428 1997 mense
2547 2015 2554 2020 ,

294 2039 685 2112 constituta
744 2035 977 2112 tertiis
1048 2033 1529 2110 saecularibus
1596 2032 1800 2108 festis
1873 2035 2310 2113 celebrandis
2378 2050 2424 2112 a

292 2166 743 2230 sacrosancto
774 2152 1240 2230 celeberrimo
1276 2153 1734 2228 oecumenico
1788 2150 2198 2232 Tridentino
2233 2153 2426 2230 Gon-

291 2271 453 2348 cilio
503 2273 581 2364 in
600 2275 607 2284 '
628 2273 767 2346 iste
826 2271 1119 2346 civitate
1180 2268 1533 2357 absoluto,
1602 2269 1718 2343 vel
1775 2266 1978 2346 facile
2035 2271 2426 2370 intelligere

291 2389 615 2486 potuisti,
671 2387 1109 2464 Venerabilis
1170 2385 1449 2474 Frater,
1515 2407 1607 2460 ex
1671 2384 1984 2478 Litteris,
2049 2413 2228 2487 quas
2285 2389 2429 2466 Ka-

290 2503 519 2580 lendis
570 2505 781 2580 huius
832 2505 1101 2580 mensis
1154 2504 1245 2579 ad
1300 2503 1407 2580 Te
1454 2502 1914 2602 scripsimus„
1953 2503 2136 2582 Cum
2187 2519 2431 2584 autem

290 2643 521 2718 nuper
570 2644 615 2697 a
664 2620 885 2699 Nobis
935 2619 1459 2717 efflagitaveris,
1514 2629 1599 2694 ut
1658 2620 1852 2696 istuc
1919 2623 2210 2698 mittere
2278 2623 2434 2698 vel-

294 2739 525 2814 lemus
584 2739 902 2836 aliquem
958 2739 1195 2813 virum
1256 2736 1734 2814 ecclesiastica
1807 2737 2152 2835 dignitate
2221 2761 2434 2816 orna-

292 2866 481 2944 tum,
534 2856 659 2954 qui
708 2855 967 2932 Nostro
1018 2853 1311 2930 nomine
1362 2853 1535 2928 huic
1604 2855 1899 2928 intersit
1965 2853 2429 2942 solemnitati,

294 2974 547 3050 iccirco
594 2955 1001 3048 huiusmodi
1054 2973 1251 3047 Tuae
1302 2971 1631 3068 petitioni
1681 2993 1768 3045 ac
1815 2971 2160 3047 desiderio
2213 2993 2428 3069 quam

294 3093 763 3169 libentissime
788 3091 1247 3166 annuendum
1283 3111 1441 3164 esse
1476 3091 1910 3164 censuimus.
1941 3087 2194 3187 Itaque
2229 3091 2427 3166 hisce

296 3211 585 3287 Litteris
640 3211 801 3286 Tibi
850 3209 1355 3307 significamus,
1392 3208 1577 3281 istuc
1628 3229 1674 3279 a
1723 3205 1942 3282 Nobis
1991 3207 2187 3280 mitti
2232 3205 2430 3282 Dile-

294 3339 495 3404 ctum
548 3328 803 3402 Filium
856 3325 1195 3402 Nostrum
1248 3321 1577 3398 Carolum
1632 3325 2034 3419 Augustum
2073 3321 2291 3396 Tituli
2344 3323 2420 3398 S.

296 3443 641 3530 Caeciliae
693 3442 1199 3541 Presbyterum
1254 3440 1329 3516 S.
1364 3439 1453 3516 R.
1483 3437 1573 3513 E.
1632 3437 2078 3513 Cardinalem
2131 3437 2236 3514 De
2264 3441 2425 3516 Rei-

296 3564 469 3638 sach
520 3563 759 3640 Nostri
810 3559 1099 3637 Consilii
1162 3557 1415 3635 studiis
1476 3556 1928 3632 moderandis
1980 3553 2426 3632 Praefectum

298 3681 635 3778 religione
665 3731 688 3769 ,
741 3679 1010 3777 pietate
1042 3729 1065 3765 ,
1103 3676 1453 3765 doctrina,
1506 3675 1805 3772 aliisque
1856 3674 2156 3771 egregiis
2207 3675 2428 3749 animi

298 3797 701 3895 ingeniique
729 3794 1013 3872 dotibus
1040 3804 1469 3891 spectatum,
1499 3804 1582 3865 ut
1607 3792 1760 3888 ipse
1795 3790 1962 3864 huic
1999 3789 2432 3866 solemnitati

302 3914 517 3992 Nobis
546 3928 917 4013 tantopere
954 3925 1197 4012 gratae
1234 3912 1490 3988 Nostro
1520 3911 1808 3986 nomine
1843 3907 2166 3982 adsistat.
2202 3906 2432 4006 Atque

298 4037 529 4112 eidem
582 4034 857 4110 Dilecto
910 4033 1088 4110 Filio
1138 4033 1399 4108 Nostro
1450 4031 1527 4104 in
1588 4029 1946 4104 mandatis
2013 4028 2432 4123 praesertim

300 4154 653 4241 dedimus,
694 4163 777 4226 ut
810 4149 1269 4246 amplissimis
1309 4170 1533 4246 aeque
1584 4171 1670 4222 ac
1722 4141 2228 4226 amantissimis
2272 4165 2435 4216 ver-

298 4273 411 4349 bis
462 4272 913 4372 praecipuam
967 4269 1186 4343 animi
1224 4268 1461 4346 Nostri
1506 4263 2080 4342 benevolentiam
2133 4271 2438 4338 testetur

1837 4383 1930 4454 39
