3317 5267
2408 482 2501 559 53

637 732 1124 795 cinnomannio,
1153 733 1262 783 SEU
1301 732 1720 783 »mummulo
1760 730 2125 781 miscentis

1061 830 1224 877 sums
1274 828 1701 877 Ponunssnsls

1344 928 1414 973 m·

559 1018 798 1067 naevo
838 1020 1032 1069 NOVAB
1073 1021 1236 1069 sssnls
1275 1018 1640 1071 tuscorum
1678 1016 2191 1066 ustorounun.

915 1348 1176 1475 νινε,
1229 1346 1845 1441 Erlscorvs

1029 1748 1247 1794 savus
1287 1746 1590 1793 SERVOBUU
1632 1746 1732 1792 nm

921 1949 996 1995 ΑΒ
1037 1948 1370 1997 ritumve!
1412 1948 1504 1994 RB!
1544 1948 1851 1995 ΠΒΙΟΒΙΑΠ

317 2176 428 2338 ln
477 2262 758 2336 excelsa
809 2262 1178 2337 militantis
1231 2260 1588 2337 Ecclesiae
1635 2260 1923 2357 specula
1946 2260 2183 2336 divina
2220 2258 2439 2337 mise*

315 2385 590 2459 ratione
623 2384 1020 2470 constituti,
1059 2406 1151 2457 ex
1184 2382 1454 2457 credito
1498 2380 1717 2457 Nobis
1759 2380 2197 2476 Apostolicae
2248 2382 2445 2457 solli-

313 2500 648 2573 citudinis
681 2498 952 2585 Officio,
993 2500 1308 2574 omnium
1366 2498 1939 2573 Christifldelium
1978 2522 2105 2595 per
2155 2501 2450 2573 univer-

311 2636 474 2689 sum
531 2628 876 2689 terrarum
945 2616 1190 2690 orbem
1243 2638 1486 2689 curam
1539 2617 1880 2712 gerimus,
1964 2616 2277 2714 nihilque
2330 2616 2405 2690 in
2426 2652 2449 2671 ο

315 2746 672 2808 tentatum
712 2735 1200 2831 relinquimus,
1231 2746 1312 2807 ut
1363 2744 1512 2807 tam
1547 2735 1745 2831 gravi
1782 2735 2191 2832 ingentique
2219 2736 2443 2821 oneri,

313 2849 467 2926 Deo
516 2853 790 2947 optirno
869 2852 1183 2924 maximo
1233 2850 1650 2947 opitulante,
1718 2874 1858 2948 quo
1910 2852 2179 2927 meliori
2234 2852 2447 2929 modo

313 2964 724 3042 satisfacere
777 2970 1158 3065 possimus.

469 3086 716 3183 ltaque
768 3086 888 3160 ubi
938 3090 1275 3185 primum,
1305 3086 1727 3163 difficillimis
1752 3108 1923 3160 sane
1978 3084 2442 3183 temporibuS,

315 3200 512 3278 Petri
555 3204 978 3281 Cathedram
1007 3210 1479 3297 ascendimus,
1519 3208 1837 3280 muneris
1876 3208 2099 3281 nostri
2135 3228 2291 3279 esse
2326 3206 2451 3279 du-

311 3324 551 3396 ximus
603 3324 966 3397 oculorum
1021 3329 1244 3398 aciem
1300 3336 1759 3420 mentemque
1805 3324 1877 3394 in
1930 3321 2215 3396 dissitas
2268 3344 2451 3417 quos-

311 3462 452 3537 que
509 3440 872 3513 Americae
923 3442 1244 3536 regiones
1307 3451 1747 3528 convertere,
1812 3460 2069 3535 easque
2128 3438 2455 3524 oonsilio,-

315 3551 680 3654 vigilantia
731 3569 806 3630 et
853 3580 988 3654 ope
1009 3558 1282 3654 juvare.
1323 3556 1576 3654 Magna
1606 3556 1824 3629 animi
1876 3558 2101 3630 nostri
2130 3556 2449 3653 volupta-

315 3688 390 3751 te
445 3674 1003 3751 Christianorum
1083 3700 1459 3752 numerum
1541 3678 1628 3751 de
1708 3676 1821 3751 die
1874 3676 1945 3749 in
2023 3676 2212 3751 diem
2284 3695 2451 3749 suc-

309 3804 750 3867 crescentem
829 3792 1135 3868 vidimus
1166 3844 1187 3881 ‚
1286 3817 1648 3890 novosque
1724 3790 2194 3889 Episcopatus
2235 3843 2255 3876 ‚
2340 3792 2453 3863 uti·

313 3931 496 4005 opus
546 3907 682 3983 fuit
717 3962 740 3998 ,
821 3912 1178 3985 ereximus
1210 3962 1230 4000 ,
1305 3935 1395 3986 ne
1471 3910 1661 3987 Oves
1738 3909 1954 3987 Nobis
2005 3910 2447 3985 concreditae

311 4029 718 4126 praesulum
774 4052 910 4126 ope
945 4040 1158 4127 atque
1211 4032 1622 4127 adjumento
1674 4020 2259 4103 destituerentur.
2300 4026 2451 4102 Hoc

313 4166 488 4217 sane
540 4144 833 4219 consilio
883 4145 954 4217 in
1014 4144 1432 4242 Apostolicis
1501 4144 1789 4219 Litteris
1843 4166 2027 4220 anno
2076 4144 2453 4219 millesimo

311 4262 908 4360 octingentesimo
931 4262 1469 4361 quadragesimo
1505 4264 1815 4339 secundo
1868 4264 2079 4350 datis,
2110 4284 2273 4336 cum
2324 4261 2453 4333 di·-
