3317 5267
861 434 1010 507 300

863 550 978 623 ille
1007 546 1378 643 praecipue
1404 546 1540 621 hoc
1569 546 1789 619 veluti
1832 542 2083 620 Vicarii
2126 543 2549 643 Capitularis
2586 550 2849 627 munus
2880 573 3011 648 pe-

859 666 1252 763 ragendum
1303 664 1648 751 obtineat,
1687 663 1808 762 qui
1844 664 1939 737 ab
1958 662 2334 761 ,Episcopo
2386 662 2656 762 Capitis
2706 666 3003 742 Haitnni

859 782 1074 857 fuerit
1125 783 1199 855 in
1251 783 1320 856 id
1371 784 1744 879 speciatim
1786 784 2197 879 deputatus„
2236 784 2351 857 sin
2402 796 2647 859 autem
2698 786 2816 861 ille
2868 788 3001 885 qui

863 914 1185 995 tempore
1239 898 1450 974 fuerit
1501 903 1735 997 potior
1794 902 1867 975 in
1930 901 2335 997 hujusmodi
2402 901 2797 980 vicariatus
2848 903 3005 979 Ge-

864 1019 1123 1093 neralis
1159 1011 1526 1109 exercitio,
1565 1021 1677 1094 cui
1717 1022 2005 1117 quidem
2048 1018 2321 1096 Vicario
2356 1031 2725 1119 tamquam
2779 1020 3005 1097 Prae-

863 1138 1000 1211 suli
1049 1135 1400 1213 ordinario
1449 1137 1669 1212 ceteri
1720 1136 1939 1210 etiam
1980 1134 2236 1211 vicarii
2274 1138 2481 1234 plane
2516 1138 2810 1215 subesse
2860 1141 3003 1214 de-

859 1253 1080 1328 beant
1111 1266 1186 1329 et
1221 1276 1491 1351 parere,
1545 1256 1771 1331 donec
1814 1256 1911 1328 illi
1963 1254 2233 1352 Capitis
2270 1255 2559 1331 Haitani
2582 1254 2999 1333 Cathedrali

859 1394 1092 1447 novus
1143 1372 1538 1470 Episcopus
1585 1372 1927 1450 suffectus
1954 1396 2099 1451 non
2136 1372 2375 1449 fuerit.
2413 1372 2549 1451 Pro
2576 1395 2769 1451 nunc
2822 1400 3002 1453 vero

863 1488 1310 1587 infrascripto
1339 1490 1759 1587 praesertim
1780 1488 2226 1588 Exequutori
2241 1491 2649 1589 Apostolico
2676 1494 2997 1583 veniam,

865 1622 940 1681 et
1001 1620 1434 1705 potestatem
1513 1606 1815 1683 facimus
1847 1662 1867 1697 ,
1922 1622 2007 1683 ut
2068 1608 2647 1686 Ecclesiastieum
2700 1612 2939 1687 virum
2970 1664 2995 1699 ,

863 1750 1079 1825 quem
1133 1729 1441 1827 ipsemet
1489 1729 1822 1804 idoneum
1872 1742 1949 1803 et
2000 1730 2293 1827 dignum
2332 1730 2713 1817 censuerit,
2750 1731 2827 1802 in
2868 1727 2999 1803 Vi·

861 1844 1130 1919 carium
1170 1844 1388 1918 veluti
1427 1840 1905 1941 Capitularem
1942 1846 2159 1943 eligat
2192 1856 2271 1921 et
2304 1845 2626 1942 deputet,
2666 1844 2791 1942 qui
2826 1866 2989 1919 eam

867 1958 1137 2057 Capitis
1148 1958 1428 2033 Haitani
1457 1958 1853 2036 Dioecesim
1880 1974 2107 2058 regat,
2136 1973 2213 2035 et
2238 1960 2713 2047 administret,
2725 1962 2993 2060 quique

865 2080 1022 2155 ideo
1075 2079 1160 2152 iis
1213 2079 1548 2155 omnibus
1593 2079 1860 2177 polleat
1918 2078 2373 2155 facultatibus
2428 2063 2727 2153 vicariis
2776 2076 2991 2176 Capi-

867 2201 1210 2277 tularibus
1261 2203 1350 2276 de
1395 2202 1555 2297 jure
1591 2202 1821 2299 deque
1854 2200 2205 2297 legittima
2240 2198 2751 2275 consuetudine
2788 2222 2991 2276 com-

866 2321 1302 2418 petentibuS,
1324 2321 1478 2416 lege
1506 2322 1795 2417 insuper
1818 2321 2215 2418 adjecta,ut
2242 2322 2519 2417 quoties
2546 2334 2623 2395 et
2646 2322 2989 2419 quamdiu

865 2461 951 2513 ea
987 2438 1192 2513 sedes
1228 2438 1509 2533 proprio
1543 2438 1852 2511 caruerit
1885 2437 2263 2534 Episcopo,
2302 2438 2517 2511 annui
2540 2439 2863 2513 redditus
2898 2438 2989 2513 il-

865 2555 1000 2629 lius
1029 2574 1345 2640 mensae,
1375 2553 1697 2627 deductis
1733 2554 1977 2651 utique
2006 2556 2385 2652 impendiis
2410 2569 2625 2653 atque
2654 2556 2989 2631 oneribus

871 2694 996 2767 pro
1031 2669 1500 2766 Episcopatus
1537 2670 2147 2748 administratione
2194 2674 2591 2749 necessario
2640 2668 2987 2749 obeundis

869 2794 942 2866 in
977 2804 1124 2867 tres
1159 2813 1420 2890 aequas
1467 2792 1877 2867 dividantur
1926 2796 2317 2891 portiones,
2356 2818 2654 2894 quarum
2692 2818 2832 2871 una
2858 2794 2985 2869 Vi-

867 2912 1083 3000 cario,
1139 2913 1244 2985 uti
1296 2910 1718 3009 piaefertur,
1760 2910 2115 2989 Dioecesis
2153 2915 2726 2991 Administratori
2752 2918 2827 2989 in
2851 2915 2990 2991 ho·-

866 3028 1222 3104 norarium
1263 3027 1639 3116 tribuatur,
1680 3029 1899 3103 altera
1932 3042 2177 3104 autem
2205 3029 2559 3129 Episcopo
2594 3035 2986 3109 successori

865 3149 951 3225 ad
1004 3150 1608 3245 opportunitatem
1664 3162 2089 3252 reservetur,
2122 3149 2387 3247 reliqua
2422 3151 2709 3223 demum
2754 3152 2866 3226 vel
2908 3153 2977 3223 in

867 3266 1182 3363 ejusdem
1222 3264 1578 3339 Ecclesiae
1609 3260 2047 3340 cathedralis
2082 3264 2419 3339 fabricam
2458 3279 2534 3367 et
2566 3268 2981 3355 sacrarium,

869 3383 979 3457 vel
1033 3386 1104 3457 in
1159 3383 1534 3457 Seminarii
1591 3381 2001 3458 Dioecesani
2064 3384 2451 3459 utilitatem
2508 3384 2621 3459 vel
2682 3382 2757 3459 in
2810 3386 2982 3460 alios

862 3503 1018 3598 pios
1073 3524 1242 3575 usus
1279 3502 1468 3573 intra
1505 3512 1747 3575 tamen
1778 3500 2049 3600 Capitis
2089 3501 2373 3577 Haitani
2402 3502 2761 3578 Dioecesis
2794 3502 2990 3577 limi-

869 3634 978 3694 tes
1015 3619 1378 3695 obeundos
1413 3632 1771 3718 erogetur,
1804 3633 2019 3719 prout
2052 3622 2441 3718 expediens
2478 3622 2989 3719 opportunius-

862 3762 1004 3837 que
1041 3741 1112 3812 in
1169 3738 1473 3813 Domino
1523 3750 1881 3835 praestare
1938 3740 2172 3813 visum
2224 3750 2605 3836 ratumque
2656 3738 2899 3814 fuerit.

1015 3857 1244 3947 Quam
1297 3857 1582 3954 quidem
1620 3855 1885 3954 Capitis
1921 3855 2207 3931 Haitani
2250 3856 2641 3931 Ecclesiam
2694 3858 2769 3931 in
2821 3855 2976 3931 Me-

868 3974 1274 4071 tropolitani
1312 3972 1568 4049 Portus
1605 3974 1949 4070 Principis
1988 3975 2503 4073 suffraganeam
2542 3996 2707 4049 cum
2744 3977 2979 4049 omni-

863 4090 1000 4162 bus
1049 4089 1446 4187 quibusque
1492 4090 1795 4185 juribuS,
1862 4090 2272 4177 honoribuS‚
2328 4092 2599 4186 gratiis,
2656 4090 2971 4176 indultis,

865 4206 1244 4303 privilegiis
1281 4217 1356 4279 et
1389 4208 1642 4282 ceteris
1678 4206 2109 4305 quibuslibet
2142 4206 2601 4305 suffraganeis
2638 4206 2971 4282 Ecclesiis
