3317 5267
827 350 977 421 454

818 474 1253 547 commenta,
1312 470 1387 535 et
1438 470 1894 533 sacrosancta
1948 460 2228 536 divinae
2255 463 2416 537 fidei
2443 472 2732 537 nostrae
2783 484 2974 563 my·-

816 582 1030 654 steria
1082 578 1730 677 philosophicarum
1787 576 2420 675 investigationum
2447 602 2838 665 summam,
2867 604 2971 657 ac

815 701 1071 775 divinis
1109 700 1473 795 utriusque
1528 696 1966 769 Testamenti
1989 696 2186 769 libris
2221 698 2536 794 mythica
2590 700 2966 771 contineri

816 818 1133 904 inventa,
1174 828 1249 889 et
1300 816 1537 909 ipsum
1592 810 1974 886 Dominum
2025 811 2360 887 Nostrum
2417 813 2652 888 lesum
2735 813 2970 886 Chri-

814 945 1041 1022 stum,
1118 932 1453 1007 horribile
1531 928 1781 1005 dictu!
1843 931 2236 1027 mythicam
2313 954 2469 1005 esse
2547 930 2958 1013 fictionem.

820 1052 1052 1142 Quare
1087 1052 1159 1125 hi
1200 1050 1790 1126 turbulentissimi
1829 1072 2324 1145 perversorum
2358 1051 2778 1147 dogmatum
2807 1052 2968 1124 cul·

822 1167 1417 1257 tores'blaterant,
1458 1188 1742 1241 morum
1775 1165 1967 1262 leges
2003 1166 2242 1240 divina
2278 1166 2464 1242 haud
2517 1190 2726 1264 egere
2777 1191 2966 1241 san-

815 1288 1079 1375 ctione,
1135 1298 1209 1361 et
1266 1286 1557 1359 minime
1610 1307 1792 1381 opus
1845 1307 2026 1373 esse,
2083 1296 2165 1359 ut
2217 1286 2570 1360 humanae
2605 1286 2800 1383 leges
2859 1289 2956 1362 ad

816 1415 1115 1477 naturae
1167 1403 1275 1476 ius
1329 1401 1889 1489 conformentur,
1943 1412 2068 1474 aut
2105 1401 2454 1497 obligandi
2495 1404 2642 1475 vim
2695 1425 2738 1475 a
2791 1401 2956 1479 Deo

816 1521 1193 1618 accipiant,
1252 1541 1335 1592 ac
1390 1530 1764 1615 propterea
1813 1532 2141 1591 asserunt
2173 1570 2194 1605 ‚
2279 1518 2548 1591 nullam
2626 1519 2952 1592 divinam

818 1639 1125 1713 existere
1178 1638 1434 1733 legem.
1491 1635 1790 1731 Insuper
1839 1636 2131 1709 inficiari
2187 1637 2450 1710 audent
2483 1658 2780 1712 omnem
2817 1636 2956 1712 Dei

816 1756 887 1830 in
944 1756 1270 1829 homines
1326 1754 1817 1850 mundumque
1869 1756 2254 1843 actionem,
2313 1778 2394 1829 ac
2447 1767 2716 1831 temere
2755 1756 2950 1829 affir-

818 1885 1047 1961 mant,
1103 1873 1489 1946 humanam
1546 1872 1898 1946 rationem
1926 1923 1949 1960 ,
2005 1872 2196 1947 nullo
2275 1896 2564 1968 prorsus
2641 1872 2776 1947 Dei
2827 1896 2950 1947 re·-

816 2005 1065 2089 spectu
1118 1988 1389 2076 habito,
1446 1990 1736 2063 unicum
1791 2012 1946 2061 6886
2000 1990 2146 2062 veri
2201 2002 2278 2063 et
2329 1988 2486 2063 salsi
2519 2042 2540 2078 ,
2620 1989 2789 2064 boni
2873 2002 2952 2063 et

812 2112 983 2184 mali
1038 2107 1413 2193 arbitrum,
1468 2108 1935 2203 eamdemque
1989 2108 2376 2181 humanam
2413 2108 2770 2183 rationem
2823 2096 2962 2182 sibi

817 2230 951 2325 ipsi
1007 2250 1163 2302 esse
1215 2228 1473 2323 legem,
1530 2246 1612 2299 ae
1667 2224 2102 2300 naturalibus
2157 2226 2302 2300 suis
2357 2224 2621 2301 viribus
2659 2227 2750 2299 ad
2807 2224 2944 2301 ho-

814 2348 1095 2420 minum
1146 2369 1229 2417 ac
1282 2344 1710 2441 populorum
1762 2342 2034 2417 bonum
2112 2344 2504 2418 curandum
2589 2344 2938 2419 sufficere.

815 2460 995 2536 Cum
1050 2472 1291 2535 autem
1344 2483 1594 2533 omnes
1675 2458 2028 2555 religionis
2110 2461 2447 2533 veritates
2526 2485 2616 2535 ex
2695 2463 2944 2537 nativa

819 2582 1171 2654 humanae
1222 2579 1515 2652 rationis
1571 2577 1640 2649 vi
1694 2600 2026 2673 perverse
2061 2580 2382 2653 derivare
2418 2582 2752 2668 audeant,
2787 2602 2944 2657 tum

816 2700 1069 2794 cuique
1106 2696 1383 2771 homini
1437 2695 1794 2792 quoddam
1853 2696 2072 2769 veluti
2127 2698 2540 2792 primarium
2623 2699 2732 2771 ius
2813 2700 2946 2771 tri-

814 2816 1069 2901 buunt,
1121 2837 1209 2887 ex
1262 2837 1405 2910 quo
1458 2814 1686 2910 possit
1737 2811 1954 2888 libere
2007 2816 2094 2889 de
2122 2816 2460 2913 religione
2496 2817 2810 2913 cogitare
2865 2827 2944 2889 et

812 2933 1033 3031 loqui,
1086 2956 1392 3029 eumque
1448 2930 1595 3008 Deo
1661 2936 2004 3010 honorem
2059 2946 2133 3009 et
2187 2936 2464 3010 cultum
2539 2934 2878 3009 exhibere
2912 2986 2935 3020 ,

810 3072 1025 3147 quem
1082 3075 1209 3147 pro
1262 3074 1391 3125 suo
1424 3051 1629 3127 libito
1691 3054 2056 3127 meliorem
2113 3054 2503 3127 existimat.

968 3168 1061 3241 At
1118 3192 1287 3242 vero
1326 3193 1413 3241 6ο
1451 3170 1848 3265 impietatis
1882 3182 1956 3243 et
1993 3170 2482 3266 impudentiae·
2511 3170 2930 3255 deveniunt,

812 3300 892 3361 ut
943 3288 1218 3362 caelum
1265 3301 1540 3384 petere,
1600 3313 1683 3363 ac
1738 3287 1966 3363 Deum
2025 3291 2257 3385 ipsum
2295 3291 2384 3364 de
2423 3290 2656 3364 medio
2693 3289 2940 3365 tollere

812 3417 1181 3480 conentur.
1263 3406 1526 3503 Insigni
1580 3411 1776 3482 enim
1857 3408 2310 3504 improbitate
2360 3431 2442 3481 ac
2495 3409 2644 3505 pari
2697 3408 2941 3483 stulti-

820 3524 913 3595 tia
970 3523 1153 3596 haud
1212 3524 1468 3597 timent
1502 3548 1844 3614 asserere,
1887 3525 2158 3601 nullum
2199 3548 2620 3623 supremum
2656 3528 2944 3624 sapien-

818 3642 1169 3714 tissimum
1228 3642 2077 3741 providentissimumque
2113 3644 2392 3719 Numen
2421 3646 2745 3718 divinum
2783 3644 2938 3717 exi-

814 3772 997 3831 stere
1034 3758 1125 3830 ab
1162 3758 1293 3830 hac
1324 3782 1557 3833 rerum
1600 3762 2064 3835 universitate
2101 3762 2544 3849 distinctum,
2585 3786 2668 3835 66
2705 3760 2934 3835 Deum

813 3877 1000 3951 idem
1054 3902 1211 3951 esse
1262 3902 1343 3951 ac
1396 3902 1627 3952 rerum
1687 3894 2042 3967 naturam,
2101 3893 2175 3952 et
2201 3881 2450 3953 iccirco
2503 3880 2934 3953 immutatio-

814 3994 1023 4067 nibus
1078 3996 1498 4082 obnoxium,
1557 3993 1932 4093 Deumque
1985 4020 2234 4093 reapse
2289 3998 2438 4071 fieri
2495 3998 2564 4071 in
2647 3997 2933 4071 homine

732 4098 739 4105 ’
812 4122 889 4184 et
942 4114 1233 4201 mundo,
1290 4127 1513 4211 atque
1561 4116 1802 4194 omnia
1863 4114 2088 4188 Deum
2139 4140 2320 4203 6886,
2379 4128 2454 4188 et
2506 4116 2934 4211 ipsissimam
