3317 5267
826 407 969 480 634

812 518 949 596 bus
1000 531 1291 594 strenue
1342 517 1657 602 obstare,
1699 525 1773 588 et
1809 514 2166 590 Ecclesiae
2227 526 2518 593 causam
2569 515 2940 592 defendere

818 640 1110 713 omnino
1134 634 1469 722 debebas,
1499 633 2100 731 quemadmodum
2135 635 2254 708 alii
2283 633 2738 710 venerabiles
2775 634 2947 708 Fra-

820 771 965 830 tres
1019 757 1226 830 istius
1260 750 1854 850 Neogranatensis
1892 750 2348 848 Reipublicae
2385 752 2762 828 Sacrorum
2808 752 2955 824 An-

825 873 1089 948 tistites
1126 872 1322 948 omni
1355 871 1560 944 laude
1598 870 1994 966 dignissimi
2021 883 2342 967 egerunt.
2377 870 2476 946 Ac
2511 872 2692 946 scito
2727 893 2769 944 a
2809 869 2958 946 No-

699 1002 709 1092 ]
768 1028 773 1034 ·
823 989 935 1066 bis
984 991 1193 1088 plane
1228 988 1591 1086 reprobari
1644 1009 1728 1062 ac
1777 987 2114 1062 damnare
2169 984 2734 1064 conventionem
2769 1012 2816 1062 a
2853 987 2960 1062 Te

826 1131 991 1184 cum
1046 1108 1185 1185 isto
1237 1105 1595 1182 Gubernio
1647 1103 1940 1192 factam,
1997 1129 2180 1204 quae
2229 1104 2617 1196 Ecclesiae,
2655 1107 2958 1205 eiusque

769 1292 775 1298 .
821 1221 1094 1302 iuribus
1146 1236 1521 1321 tantopere
1558 1223 2000 1310 adversatur,
2039 1246 2364 1321 quaeque
2399 1247 2440 1298 a
2479 1222 2582 1298 Tc
2619 1223 2772 1298 sine
2807 1220 2962 1298 No-

826 1355 1003 1432 stra,
1043 1354 1119 1418 et
1148 1341 1362 1416 huius
1396 1340 1704 1414 Sanctae
1741 1339 1947 1413 Sedis
1985 1341 2196 1414 venia
2229 1340 2378 1416 fieri
2416 1361 2782 1438 nunquam
2821 1363 2962 1436 po-

822 1474 1032 1536 terat.
1098 1461 1245 1534 lam
1302 1480 1471 1532 vero
1523 1456 1830 1532 relatum
1885 1459 1973 1532 ad
2025 1457 2170 1534 Nos
2206 1467 2344 1547 est,
2385 1457 2490 1533 Te
2524 1482 2667 1534 non
2721 1457 2959 1534 solum

821 1605 1007 1680 pure
1057 1603 1140 1655 ac
1190 1577 1609 1675 simpliciter
1643 1577 1798 1652 sine
1835 1576 1974 1652 ulla
2027 1579 2446 1678 exceptione
2494 1579 2821 1678 iniquum
2857 1579 2959 1653 iu·

823 1721 1019 1776 rasse
1072 1695 1561 1775 iusiurandum
1616 1693 1708 1767 ab
1759 1694 1902 1769 isto
1958 1692 2318 1772 Gubernio
2376 1698 2895 1793 praescriptum
2929 1747 2956 1784 ,

820 1839 1071 1891 verum
1144 1814 1361 1890 etiam
1429 1811 1639 1886 istius
1705 1799 1898 1886 Tuae
1964 1810 2316 1889 Dioecesis
2377 1811 2823 1912 Presbyteris
2884 1813 2961 1888 in

826 1933 1181 2010 mandatis
1217 1930 1523 2018 dedisse,
1554 1939 1638 2002 ut
1681 1931 2158 2006 iuramentum
2199 1933 2388 2008 idem
2424 1933 2718 2008 omnino
2754 1955 2967 2030 prae-

826 2063 1047 2128 stent.
1088 2045 1389 2124 Credere
1424 2048 1545 2121 vix
1580 2069 1990 2143 possumus,
2036 2049 2472 2126 Venerabilis
2526 2048 2800 2136 Frater,
2860 2050 2964 2125 Te

824 2169 1001 2244 adeo
1026 2162 1444 2262 episcopalis
1484 2162 1680 2237 Tuae
1707 2165 2072 2261 dignitatis
2099 2177 2176 2240 et
2201 2165 2406 2242 officii
2431 2189 2588 2242 esse
2625 2163 2960 2253 oblitum,

827 2301 910 2362 ut
944 2284 1135 2360 haud
1173 2281 1585 2358 extimueris
1622 2283 1760 2360 hoc
1799 2285 2018 2358 etiam
2047 2287 2246 2384 gravi
2278 2297 2480 2362 reatu
2519 2285 2754 2360 Tuam
2785 2309 2960 2362 con·

826 2403 1196 2480 scientiam
1250 2421 1489 2476 coram
1546 2397 1696 2477 Deo
1749 2415 1824 2476 et
1875 2404 2282 2480 hominibus
2337 2425 2654 2481 onerare.
2715 2403 2957 2501 Itaque

829 2547 959 2622 pro
1008 2519 1329 2616 supremi
1378 2517 1617 2593 Nostri
1656 2519 2042 2617 Apostolici
2083 2523 2458 2598 ministerii
2493 2545 2819 2612 munere,
2885 2532 2960 2596 et

828 2652 1125 2741 paterna
1176 2635 1433 2711 Nostra
1468 2636 1544 2709 in
1582 2637 1686 2711 Te
1719 2641 2018 2714 caritate
2064 2642 2166 2716 Te
2217 2641 2434 2716 etiam
2487 2639 2706 2738 atque
2741 2641 2960 2714 etiam

834 2779 1237 2843 monemuS‚
1291 2755 1691 2846 hortamur,
1745 2770 1824 2834 et
1869 2759 2350 2848 obtestamur,
2391 2773 2474 2835 ut
2523 2759 2721 2834 Tuae
2773 2753 2960 2835 con-

832 2877 1167 2958 scientiae
1220 2873 1409 2950 serio
1461 2877 1814 2966 consulas,
1857 2892 1934 2954 et
1965 2880 2270 2968 meliori,
2307 2903 2454 2978 quo
2489 2876 2640 2952 fieri
2687 2888 2960 2975 potest,

831 2997 1043 3072 modo
1076 2993 1485 3069 scandalum
1520 3019 1848 3093 reparare
1873 2979 2194 3086 studeas,
2227 2987 2418 3096 quod
2453 3009 2610 3072 tum
2645 3019 2738 3071 ex
2765 2993 2962 3072 Con-—

816 3117 1169 3193 -ventione
1219 3135 1269 3185 a
1318 3112 1419 3186 Tc
1470 3135 1637 3187 cum
1695 3112 2052 3191 Gubernio
2105 3115 2282 3189 inita
2319 3168 2341 3203 ‚
2397 3128 2554 3190 tum
2606 3137 2697 3190 ex
2751 3115 2961 3188 iura-

816 3248 1081 3314 mento
1130 3259 1175 3309 a
1228 3234 1331 3308 Te
1382 3236 1727 3331 praestito
1777 3239 1850 3310 in
1905 3237 2144 3327 fideles
2196 3237 2615 3313 redundavit
2653 3289 2674 3324 ‚
2741 3251 2966 3336 utque

838 3359 1069 3454 ipsam
1104 3352 1669 3428 Conventionem
1709 3405 1732 3442 ‚
1789 3367 1864 3429 et
1913 3355 2394 3430 iuramentum
2428 3365 2771 3430 retractes
2799 3393 2852 3442 ,·
2877 3378 2964 3430 ac

816 3473 1194 3572 reprobes.
1254 3457 1358 3546 Ea
1410 3470 1728 3568 profecto
1779 3497 1906 3571 spe
1955 3484 2439 3550 sustentamur
2487 3473 2668 3561 fore,
2725 3471 2966 3548 Vene—

822 3593 1077 3670 rabilis
1132 3591 1401 3680 Frater,
1443 3606 1525 3668 ut
1577 3593 1864 3668 animae
1897 3593 2090 3668 Tuae
2143 3591 2518 3668 miseratus
2570 3591 2770 3666 hisce
2817 3590 2967 3666 No'-

836 3709 1006 3786 stris
1030 3709 1333 3795 ,monitis
1369 3723 1443 3782 et
1478 3697 1828 3784 mandatis
1863 3709 2402 3808 diligentissime
2427 3709 2724 3807 obsequi
2760 3707 2968 3798 velis,

820 3849 1005 3926 prae
1058 3827 1277 3903 oculis
1316 3827 1767 3922 potissimum
1805 3826 2536 3916 habens,.districta'm
2589 3825 2968 3923 aliquando

820 3945 1190 4018 rationem
1222 3954 1389 4017 ante
1426 3943 1733 4017 tribunal
1771 3941 2238 4018 Christi‘Tibi
2294 3967 2454 4018 esse
2505 3943 2963 4018 reddendam.

820 4057 939 4134 .Ut
973 4071 1229 4160 ⁴auterm
1292 4059 1471 4135 haec
1530 4061 1768 4135 omnia
1832 4058 2102 4138 {acilius
2165 4072 2240 4133 et
2301 4060 2698 4136 accuratius
2757 4082 2967 4155 agere

820 4176 1576 4271 queas,.vehementer
1600 4189 1958 4275 optamus,
1990 4189 2075 4252 ut
2099 4199 2264 4253 cum
2295 4175 2695 4254 Venerabili
2720 4173 2968 4250 Fratre
