3317 5267
867 423 1010 493 664

867 549 1035 612 runt
1064 588 1086 626 ,
1143 537 1713 613 constantissime
1770 536 2187 632 profitentes
2219 591 2239 625 ,
2320 549 2396 612 et
2445 554 2682 613 cetera
2762 544 2997 616 omnia

869 655 1256 750 posteriora
1341 656 1831 728 existimantes
1911 677 2037 750 per
2113 657 2409 730 semitas
2495 659 2999 733 mandatorum

870 770 998 845 Dei
1049 771 1292 845 sedulo
1347 770 1763 857 ambulent,
1820 771 2045 868 iisque
2092 773 2420 848 omnibus
2476 775 2747 848 instent
2826 800 3004 872 ope-

871 887 1094 974 ribus,
1133 911 1313 984 quae
1351 887 1724 960 caritatem
1764 889 1875 960 vel
1913 889 1982 960 in
2038 885 2295 976 Deum,
2336 890 2445 964 vel
2484 891 2555 962 in
2596 891 3011 986 proximum

871 1005 1382 1112 praeseferunt,
1425 1028 1749 1102 quaeque
1803 1006 2187 1081 catholicae
2214 1005 2572 1082 Ecclesiae
2622 1008 2805 1082 filios
2840 1033 3009 1084 om-

877 1124 1046 1198 nino
1097 1124 1376 1197 decent.

1027 1237 1657 1314 Persuasissimum
1714 1251 1955 1312 autern
2012 1237 2228 1314 Vobis
2280 1241 2398 1326 sit,
2436 1239 2581 1316 Nos
2634 1241 2709 1313 in
2760 1241 3015 1316 humi-

875 1359 1076 1431 litate
1129 1358 1355 1432 cordis
1398 1357 1635 1432 Nostri
1690 1357 2250 1430 ferventissimas
2284 1357 2407 1431 diu
2456 1371 2815 1457 noctuque
2852 1363 3013 1434 sine

879 1475 1398 1549 intermissione
1462 1461 2017 1549 clementissimo
2096 1475 2731 1550 misericordiarum
2810 1474 3015 1549 Patri

881 1608 958 1666 et
1009 1591 1158 1667 Deo
1211 1593 1431 1665 totius
1489 1593 1989 1667 consolationis
2072 1591 2321 1668 offerre
2374 1615 2619 1690 preces
2650 1645 2673 1679 ,
2728 1606 2807 1668 ut
2864 1591 3015 1668 Vos

884 1711 1130 1784 induat
1187 1711 1445 1783 virtute
1497 1733 1586 1783 ex
1639 1711 1810 1796 alto,
1867 1733 1951 1784 ac
2002 1711 2243 1784 divina
2296 1731 2425 1796 sua
2474 1712 2769 1784 dextera
2838 1734 3019 1807 pro—

886 1839 1105 1926 tegat,
1134 1829 1506 1910 custodiat,
1535 1827 1893 1914 defendat,
1928 1841 2003 1903 et
2038 1851 2389 1924 exurgens
2426 1827 2689 1912 iudicet
2722 1851 3025 1902 causam

885 1969 1116 2032 suam,
1173 1957 1248 2020 et
1298 1945 1689 2020 Ecclesiam
1743 1967 1945 2018 suam
1998 1958 2323 2018 sanctam
2376 1967 2419 2017 a
2470 1947 2719 2030 tantiS,
2756 1945 3021 2042 quibus

889 2067 1048 2140 istic
1099 2067 1496 2152 divexatu'r,
1553 2065 2072 2139 calamitatibus
2108 2067 2392 2162 eripiat,
2446 2079 2520 2139 et
2566 2066 3023 2141 inimicorum

883 2208 1174 2259 suorum
1253 2183 1654 2280 superbiam
1710 2183 1923 2258 elidat
1954 2235 1974 2272 ,
2030 2205 2417 2280 eorumque
2494 2185 3021 2258 contumaciam

891 2303 1361 2398 omnipotenti
1443 2324 1570 2375 sua
1650 2303 1913 2374 virtute
1995 2313 2400 2397 prosternat
2428 2352 2451 2386 ,
2512 2313 2591 2374 et
2664 2299 3023 2374 uberi-Ima

889 2443 1254 2517 quaequae
1307 2443 1476 2494 suae
1528 2419 1881 2495 Bonitatis
1932 2421 2116 2494 dona
2168 2441 2382 2515 super
2432 2415 2577 2493 Vos
2628 2433 2704 2493 et
2784 2418 3017 2492 fideles

899 2536 1114 2611 Vobis
1145 2537 1437 2610 traditos
1467 2538 1810 2632 propitius
1838 2559 2121 2632 semper
2146 2533 2483 2610 effundat.
2509 2533 2741 2632 Atque
2768 2537 3019 2610 horum

895 2652 1281 2753 auspicem,
1321 2667 1396 2728 et
1429 2655 1907 2729 certissimum
1953 2655 2353 2751 peculiaris,
2382 2677 2527 2751 qua
2584 2651 2727 2729 Vos
2762 2657 2835 2727 in
2880 2652 3027 2730 Do·-

896 2779 1092 2852 mino
1143 2775 1707 2872 complectimur,
1762 2774 2295 2850 benevolentiae
2346 2775 2605 2871 pignus
2651 2773 3028 2870 Apostoli-—

896 2918 1052 2969 cam
1131 2893 1705 2974 Benedictionem
1786 2918 1877 2967 ex
1930 2893 2183 2966 intimo
2234 2891 2447 2966 corde
2527 2892 3029 2987 depromptam

903 3011 1116 3088 Vobis
1168 3013 1366 3107 ipsis,
1425 3010 1875 3085 venerabiles
1916 3009 2226 3095 Fratres,
2266 3009 2689 3104 cunctisque
2738 3007 3035 3082 Clericis

892 3133 1230 3229 laicisque
1293 3130 1613 3204 fidelibus
1670 3142 1943 3203 vestrae
1986 3126 2387 3224 vigilantiae
2444 3125 2869 3200 concreditis
2902 3148 3039 3221 pe-

915 3263 1274 3326 ramanter
1325 3249 1799 3344 impertimus

1049 3368 1310 3444 Datum
1349 3393 1438 3442 ex
1469 3369 1644 3442 Arce
1683 3366 2081 3465 Gandulphi
2108 3367 2221 3442 die
2250 3367 2348 3440 30
2382 3363 2535 3438 {ulii
2564 3361 2769 3436 Anno
2801 3365 3031 3436 1864.

1060 3484 1518 3562 Pontificatus
1572 3485 1807 3560 Nostri
1866 3485 2068 3558 Anno
2120 3481 2625 3558 Decimonono.
