3317 5267
869 468 1011 541 372

1036 578 1265 675 Atque
1318 588 1400 651 ut
1452 576 1670 672 ipsius
1717 574 2020 672 Capituli
2057 576 2428 673 totiusque
2453 558 3024 655 Gonaivesensis‘

880 698 1235 776 Dioecesis
1287 695 1726 792 praebendae
1777 694 1981 769 bonis
2029 716 2313 791 semper
2349 697 2761 794 idoneisque
2795 720 3001 772 eom-

874 818 1069 891 mitti
1120 823 1388 912 queant
1436 808 1952 886 Ecclesiasticis
2007 810 2219 898 Viris,
2273 812 2394 909 qui
2449 824 2820 888 strenuam
2877 837 3008 911 pro

874 954 1236 1011 sacrarum
1288 952 1534 1004 rerum
1588 928 1929 1003 exercitio
1982 942 2061 1001 et
2111 928 2508 1003 uberiorem
2547 952 2678 1025 pro
2729 932 3008 1003 anima-

873 1076 1033 1127 rum
1087 1049 1313 1123 salute
1366 1066 1658 1143 operam
1716 1068 1984 1117 navare
2021 1056 2374 1141 satagant,
2417 1046 2582 1119 hinc
2632 1045 2784 1142 pari
2813 1044 3010 1143 Apo-

873 1168 1123 1243 stolica
1176 1165 1599 1237 auctoritate
1657 1160 2158 1257 praecipitum,
2213 1164 2402 1259 quod
2455 1163 2664 1237 sicuti
2714 1184 2846 1259 par
2893 1175 3012 1237 est

872 1302 1231 1377 propensa
1268 1278 1459 1353 effati
1498 1276 1838 1353 Gubernii
1871 1274 2156 1350 Haitani
2183 1274 2676 1363 sollicitudine,
2705 1288 2782 1351 et
2805 1300 3010 1353 sum·-

878 1412 1004 1497 ptu
1036 1420 1253 1495 quam
1282 1399 1593 1494 primum
1627 1421 1758 1495 pro
1797 1394 2198 1493 Episcopali
2233 1392 2742 1471 Gonaivesensi
2767 1394 3016 1473 Eccle-

872 1521 975 1593 sia
1028 1510 1338 1613 erigatur
1390 1527 1465 1591 et
1516 1528 1917 1612 opportuna
2001 1516 2218 1589 etiam
2297 1514 2732 1612 supellectile
2794 1518 3010 1591 insti-

873 1648 1123 1709 tuatur
1174 1634 1631 1708 seminarium
1682 1634 1888 1727 juxta
1941 1634 2313 1721 canonicas
2364 1632 2556 1730 leges
2595 1646 2672 1708 et
2705 1635 3000 1723 formas,

880 1753 1099 1825 libere
1171 1752 1242 1822 in
1306 1748 1637 1824 omnibus
1699 1749 2140 1844 dirigendum
2205 1748 2297 1821 ab
2370 1746 2747 1847 Episcopo,
2801 1754 3004 1849 cujus

884 1871 1020 1943 erit
1088 1880 1399 1941 rectores
1473 1864 1645 1939 inibi
1685 1916 1706 1953 ,
1781 1866 2392 1941 administratores
2443 1878 2518 1941 et
2566 1868 3006 1965 professores

878 1987 1245 2062 nominare
1284 2038 1305 2070 ‚
1374 1997 1449 2057 et
1524 1986 1585 2057 si
1652 1983 1937 2081 quando
2011 1986 2414 2079 oportuerit
2482 2008 2870 2061 exonerare
2930 1998 3007 2062 et

876 2108 1233 2181 dimittere
1265 2156 1285 2191 ,
1342 2104 1577 2201 ibique
1630 2126 1756 2178 eos
1809 2104 2100 2178 alendos
2151 2104 2688 2201 edocendosque
2765 2106 3006 2181 adele-

878 2236 1161 2298 scentes
1212 2223 1615 2306 admittere,
1671 2244 1852 2318 quos
1903 2221 2154 2318 dignos
2216 2232 2292 2295 et
2346 2222 2634 2297 idoneos
2687 2224 2777 2298 ad
2829 2246 3002 2298 suae

880 2338 1232 2414 Dioecesis
1283 2340 1786 2412 necessitatem
1841 2350 1917 2410 et
1967 2337 2350 2411 utilitatem
2403 2337 2622 2434 probe
2683 2360 3002 2435 respon-

884 2482 1085 2532 suros
1138 2457 1676 2541 existimaverit,
1741 2456 1860 2551 qui
1925 2456 2212 2553 quidem
2275 2456 2672 2553 Episcopus
2731 2457 2802 2529 in
2864 2480 3000 2531 suo

886 2574 1207 2649 obeundo
1242 2572 1468 2648 officio
1506 2594 1720 2667 super
1745 2570 2182 2649 orthodoxae
2217 2573 2378 2649 fidei
2415 2596 2840 2671 morumque
2865 2574 3004 2649 do-

880 2692 1106 2766 ctrina
1156 2690 1401 2767 sedulo
1450 2690 1874 2787 advigilandi
1925 2693 2186 2767 nedum
2267 2694 2501 2790 quoad
2553 2692 2720 2767 illud
2771 2692 2994 2767 semi-

884 2810 1188 2895 narium,
1246 2830 1492 2883 verum
1558 2807 1774 2881 etiam
1829 2810 2058 2906 quoad
2113 2812 2614 2888 universitates
2671 2808 2781 2884 vel
2831 2831 2996 2883 aca-

892 2926 1163 3002 demias
1190 2926 1300 2999 vel
1336 2926 1731 3023 gymnasia,
1771 2927 1884 2999 vel
1921 2927 2094 3000 alias
2132 2950 2259 3023 per
2292 2925 2689 3003 Dioecesim
2715 2925 2998 3001 scholas

886 3046 1269 3124 nullimode
1320 3044 1646 3141 impediri
1697 3058 1938 3142 queat.

1040 3166 1329 3241 Interim
1382 3188 1605 3263 quum
1656 3188 1947 3241 neccsse
1999 3166 2450 3264 dignoscatur
2483 3190 2828 3264 congruas
2863 3169 2996 3243 do·-

884 3301 951 3361 ta
964 3288 1185 3362 tiones
1242 3308 1467 3383 usque
1504 3286 1591 3359 ad
1626 3286 2259 3383 opportunitatem,
2300 3286 2508 3363 sicuti
2547 3300 2661 3359 est
2697 3289 2769 3359 in
2801 3308 2998 3361 more

886 3406 1359 3500 institutoque
1428 3404 1768 3497 positum,-
1843 3424 2270 3499 componere
2341 3415 2496 3481 tum
2557 3426 2686 3503 pro
2743 3405 2998 3477 annuis

883 3521 1307 3617 praesignati
1359 3518 1659 3617 Capituli
1713 3519 2156 3617 praebendiS,
2200 3531 2357 3597 tum
2411 3545 2538 3618 pro
2592 3520 2990 3619 quibusque

881 3639 1255 3736 impendiis
1306 3638 1381 3712 in
1434 3640 1587 3737 ejus
1640 3636 2080 3714 Cathedralis
2131 3636 2489 3715 Ecclesiae
2543 3639 2880 3715 fabricam
2919 3652 2998 3715 et

879 3759 1263 3832 sacrarium
1315 3757 1782 3853 divinumque
1839 3757 2109 3833 cultum
2147 3756 2484 3833 continuo
2519 3758 2994 3843 conferendis,

884 3888 1035 3951 tum
1088 3876 1393 3971 denique
1442 3898 1573 3971 pro
1625 3877 1942 3972 erigendi
1995 3878 2354 3951 seminarii
2407 3872 2816 3953 Dioeeesani
2867 3899 2994 3948 su-

882 3994 1313 4069 stentatione
1384 4007 1460 4067 et
1530 3994 1969 4069 incremento
2004 4046 2025 4083 ,
2099 3996 2264 4070 hinc
2331 3995 2520 4068 dicta
2593 3994 2993 4095 Apostolica

882 4110 1299 4189 auctoritate
1358 4114 1768 4199 statuimus,
1819 4122 1924 4199 ut,
1963 4112 2560 4210 quemadmodum
2613 4134 2654 4185 a
2707 4111 2992 4186 laudato

882 4226 1236 4307 Gubernio
1296 4250 1635 4330 sponsum
1691 4242 1828 4319 est,
1866 4231 2003 4307 hae
2060 4232 2373 4331 singulae
2425 4234 2514 4306 ad
2575 4231 2989 4308 viciniorum
