3317 5267
2343 448 2436 519 95

294 558 363 633 si
414 556 587 655 quid
636 554 1011 655 aliquando
1042 553 1399 644 acciderit,
1438 558 1628 656 quod
1665 580 1900 656 neque
1925 558 2120 635 hisce
2143 556 2438 637 Litteris

287 688 585 751 mutum
634 686 851 773 atque
900 678 1419 773 praescriptum
1468 677 1591 763 sit,
1632 677 1748 751 vel
1785 678 2004 752 etiam
2057 700 2188 776 pro
2241 690 2435 753 tem-

278 814 537 889 porum
590 792 1121 890 opportunitate
1170 794 1756 869 commutandum
1790 794 2137 880 videatur,
2191 794 2430 871 Semi-

292 914 477 988 narii
527 913 791 989 Rector
838 913 1083 987 statim
1135 912 1369 987 eidem
1404 909 1754 989 Cardinali
1791 914 2102 993 Patrono
2154 918 2434 992 denun-

292 1030 441 1106 ciet
476 1084 499 1121 ,
552 1041 638 1107 ut
685 1032 749 1107 si
799 1031 969 1129 quid
1019 1029 1202 1107 forte
1252 1030 1341 1104 ad
1398 1032 1631 1107 maius
1707 1028 2078 1107 Seminarii
2161 1032 2434 1111 bonum

290 1152 845 1248 procurandum,
900 1150 1051 1248 ipse
1100 1148 1177 1223 in
1230 1148 1535 1227 Domino
1584 1150 1844 1225 melius
1895 1162 2111 1251 atque
2163 1176 2430 1251 oppor-

292 1268 537 1345 tunius
570 1266 905 1366 expedire
940 1266 1377 1357 iudicaverit,
1408 1268 1834 1344 auctoritate
1871 1292 2000 1345 sua
2034 1271 2432 1345 constituat

288 1396 375 1460 et
423 1384 692 1461 iubeat.

449 1503 649 1580 Idem
699 1500 1046 1579 Gallicum
1106 1502 1579 1578 Seminarium
1630 1502 1722 1579 ab
1775 1504 2120 1581 omnibus
2195 1526 2426 1603 paro-

292 1621 643 1700 cbiab'bus
714 1620 986 1699 iuribus
1038 1621 1247 1719 plane
1298 1634 1724 1720 exemptum
1777 1644 1936 1699 esse
1997 1622 2438 1699 declaramus

294 1748 513 1837 atque
563 1736 1043 1813 decernimus.

448 1852 799 1929 Omnibus
819 1865 899 1929 et
932 1854 1225 1952 singulis
1258 1855 1631 1931 Seminarii
1665 1854 2000 1932 Alumnis
2034 1856 2436 1931 Plenariam

294 1970 815 2067 Indulgentiam
866 1972 1319 2049 concedimus
1354 1983 1431 2046 et
1463 1973 1806 2071 largimur
1841 1973 1932 2049 ab
1968 1975 2144 2073 ipsis
2193 1998 2432 2051 sacra·-

292 2092 591 2167 mentali
640 2090 1085 2168 confessione
1132 2094 1271 2167 rite
1320 2095 1657 2191 expiatis,
1711 2116 1796 2171 ac
1845 2096 2092 2171 divina
2144 2094 2434 2171 Eucha-

289 2212 499 2287 ristia
545 2208 829 2285 refectis
875 2209 1321 2299 lucrandam,
1376 2220 1533 2285 tum
1586 2212 1730 2299 die,
1789 2236 1936 2311 quo
1973 2214 2166 2287 idem
2193 2214 2439 2311 ingre-

286 2326 584 2401 diuntur
632 2324 1131 2413 Seminarium,
1170 2334 1328 2399 tum
1376 2326 1520 2414 die,
1558 2350 1702 2424 quo
1738 2326 1830 2399 ab
1863 2327 1986 2403 illo
2035 2328 2430 2403 discedunt.

446 2442 745 2518 Interim
794 2466 966 2520 vero
1014 2442 1203 2517 haud
1263 2444 1676 2521 desistimus
1728 2444 2034 2521 fervidas
2085 2446 2430 2521 humiles-

286 2582 435 2659 que
509 2556 661 2635 Deo
712 2559 988 2657 optimo
1064 2558 1379 2635 Maximo
1456 2560 1795 2635 adhibere
1876 2584 2150 2659 preces,
2219 2571 2304 2637 ut
2351 2562 2428 2635 in

286 2675 543 2753 Gallici
588 2676 803 2753 huius
854 2675 1225 2751 Seminarii
1308 2674 1651 2753 Alumnos
1703 2676 1916 2774 plena
1995 2700 2216 2755 manu
2265 2700 2432 2775 gra-

286 2796 556 2871 tiarum
604 2795 1033 2871 charismata
1082 2816 1463 2891 congerere
1514 2796 1714 2884 velit,
1771 2818 1854 2871 ac
1900 2780 2029 2873 det
2079 2796 2216 2871 illis
2267 2797 2434 2895 Spi-

288 2914 513 2989 ritum
562 2913 951 3010 sapientiae
996 2924 1079 2988 et
1124 2912 1531 2989 intellectus
1568 2964 1590 3003 ,
1629 2914 1977 3011 Spiritum
2027 2916 2302 2992 consilii
2348 2926 2430 2991 et

288 3030 754 3119 fortitudinis,
807 3029 1149 3127 Spiritum
1202 3029 1539 3105 scientiae
1592 3042 1670 3105 et
1721 3032 2038 3128 pietatis,
2091 3056 2236 3131 quo
2285 3032 2426 3132 ipsi

280 3148 501 3246 digne
551 3146 997 3223 ambulantes
1050 3148 1419 3223 vocatione
1468 3171 1609 3247 qua
1640 3149 1880 3223 vocati
1915 3159 2117 3238 sunt,
2147 3173 2232 3227 ac
2253 3172 2431 3246 pro-

288 3267 431 3366 prii
480 3266 857 3341 ministerii
908 3267 1149 3341 munia
1200 3276 1441 3343 sancte
1522 3266 1872 3341 obeuntes
1913 3318 1936 3355 ,
1991 3269 2189 3341 omni
2257 3290 2428 3343 cura

288 3382 667 3483 studioque
718 3382 853 3458 sub
901 3405 1193 3459 suorum
1247 3383 1668 3459 Antistitum
1703 3385 1926 3459 ductu
1957 3384 2239 3459 divinae
2293 3408 2430 3461 no-

150 3602 156 3605 -
287 3512 485 3575 strae
537 3498 923 3595 Religionis
973 3498 1233 3587 lucem,
1286 3501 1623 3597 dogmata
1652 3552 1674 3588 ,
1714 3499 2114 3575 doctrinam
2165 3522 2463 3606 propa-p

288 3640 487 3716 gare,
541 3615 955 3704 diffundere,
1011 3627 1122 3692 tot
1172 3640 1489 3693 errorum
1526 3618 1860 3692 tenebras
1897 3616 2298 3715 dispellere,
2351 3628 2433 3694 et'

291 3733 679 3811 catholicae
726 3732 1085 3809 Ecclesiae
1134 3753 1421 3811 causam
1473 3734 1878 3825 defendere,
1919 3758 2002 3811 ac
2047 3738 2430 3833 sempiter-

287 3874 462 3927 nam
512 3851 884 3927 hominum
936 3850 1235 3927 salutem
1284 3875 1659 3951 procurare
1711 3854 2174 3929 contendant.
2234 3852 2424 3927 Nihil

290 3978 539 4044 autem
588 3966 1023 4054 dubitemne,
1084 3968 1256 4065 quin
1306 3991 1559 4045 omnes
1614 3966 2066 4043 venerabiles
2138 3966 2426 4045 Fratres

284 4084 797 4189 spectatissimi
850 4081 1115 4161 Galliae
1150 4107 1510 4163 sacrorum
1546 4084 1926 4163 Antistites
1980 4108 2112 4183 pro
2163 4087 2424 4165 eximia
