3317 5267
2353 482 2431 552 ll

309 594 708 678 mittendis,
737 589 1353 686 adprobandisque
1410 586 1699 664 Clericis
1726 590 1900 664 nihil
1941 590 2155 686 Vobis
2205 596 2443 691 potius

313 716 409 788 sit
462 733 678 811 quam
732 707 1296 805 sapientissimas
1349 730 1432 780 ac
1483 708 2139 803 providentissimae
2191 712 2445 789 Sacro-

311 854 474 907 rum
531 828 898 903 Canonum
953 824 1544 922 praescriptiones
1579 828 2097 904 studiosissime
2132 828 2442 921 servare,

315 962 392 1021 et
427 956 762 1021 accurata
791 942 1362 1038 investigatione,
1391 953 1468 1015 et
1491 944 1820 1020 examine
1848 968 2136 1021 noscere
2162 970 2247 1022 ac
2278 970 2447 1046 per-

312 1064 624 1165 pendere
651 1061 990 1159 cuiusque
1015 1056 1262 1133 Clerici
1289 1061 2221 1157 originem,institutionem,
2252 1064 2447 1143 indo-

311 1185 483 1270 lem,
517 1180 907 1279 ingenium,
937 1178 1364 1267 doctrinam,
1406 1192 1622 1277 atque
1657 1202 1779 1255 eos
1814 1182 2191 1257 dumtaxat
2224 1186 2443 1259 sacris
2526 1208 2535 1219 ·

311 1300 696 1377 Ordinibus
725 1296 1084 1385 decorare,
1113 1299 1512 1398 divinisque
1536 1302 1895 1397 mysteriis
1922 1305 2303 1378 tractandis
2328 1305 2447 1379 ad-

317 1423 632 1504 movere,
688 1420 812 1516 qui
865 1416 1118 1491 sedulo
1174 1416 1697 1514 diligenterque
1753 1418 2057 1514 probati,
2096 1422 2443 1495 virtutum

319 1538 638 1611 omnium
691 1546 972 1622 ornatu,
1001 1558 1084 1609 ac
1123 1534 1460 1608 salutaris
1495 1534 1857 1610 doctrinae
1892 1534 2125 1625 laude,
2162 1549 2239 1610 ct
2273 1562 2447 1613 vero

319 1652 790 1729 ecclesiastico
815 1651 1070 1749 spiritu
1095 1652 1398 1749 spectati
1423 1651 1681 1725 vestris
1711 1650 2161 1729 Dioecesibus
2188 1656 2344 1729 usui
2372 1667 2447 1729 et

319 1782 742 1845 ornamento
778 1792 936 1843 esse
961 1770 1264 1865 possint,
1303 1768 1568 1865 quique
1605 1769 1849 1844 sedulo
1884 1768 2318 1846 declinantes
2354 1773 2445 1845 ab

321 1891 406 1963 iis
458 1886 815 1975 omnihus,
873 1908 1054 1986 quae
1107 1885 1396 1960 Clericis
1451 1887 1701 1973 vetita,
1757 1911 2079 1986 quaeque
2132 1910 2255 1964 eos
2316 1912 2448 1964 ne-

322 2026 678 2104 quaquam
729 2006 1012 2105 decent,
1071 2003 1482 2099 exemplum
1533 2006 1681 2077 sint
1728 2004 2043 2078 fidelium
2094 2006 2175 2077 in
2214 2008 2445 2095 verbo,

319 2126 400 2197 in
453 2126 1038 2212 conversatione,
1077 2124 1159 2195 in
1232 2124 1560 2211 caritate,
1619 2124 1698 2195 in
1762 2122 1930 2221 fide,
1985 2124 2063 2197 in
2101 2127 2443 2199 castitate.

325 2242 406 2315 ln
441 2242 724 2316 illorum
759 2252 1000 2315 autem
1061 2242 1436 2339 praecipue
1501 2264 1763 2328 mores,
1821 2240 2278 2338 probitatem,
2336 2247 2452 2319 in·-

319 2359 496 2455 tegri
505 2370 752 2447 tatem,
807 2358 1179 2453 pietatem,
1234 2357 1605 2431 scientiam
1678 2380 1760 2432 ac
1820 2359 2270 2455 prudentiam
2330 2364 2450 2435 in-

324 2479 611 2577 quirite,
652 2477 908 2575 quihus
945 2478 1346 2551 animarum
1381 2500 1578 2565 cura,
1616 2502 1699 2553 ac
1734 2479 2050 2576 regimen
2118 2492 2231 2554 est
2264 2504 2454 2557 com·

323 2598 778 2671 mittendum.
823 2598 924 2669 Ac
959 2616 1246 2691 semper
1287 2594 1697 2691 advigilate‚
1726 2607 1809 2669 ut
1834 2594 2129 2672 Parochi
2164 2600 2449 2697 proprio

321 2737 614 2791 munere
665 2712 970 2802 naviter,
1039 2715 1350 2789 scienter
1403 2725 1789 2812 sancteque
1850 2714 2225 2813 fungentes
2276 2742 2455 2793 nun—

325 2856 539 2933 quam
594 2832 1074 2908 intermittant
1152 2832 1616 2908 christianam
1692 2832 1973 2930 plebem
2036 2832 2171 2909 sibi
2232 2837 2455 2911 tradi-

327 2965 474 3025 tam
547 2953 791 3028 sedulo
849 2974 1140 3049 pascere
1213 2952 1436 3024 divini
1501 2950 1701 3025 verbi
1754 2952 2161 3048 praeconio,
2198 2955 2453 3029 Sacra·

327 3080 732 3145 mentorum
785 3068 1394 3171 administratione
1425 3120 1446 3158 ,
1501 3079 1578 3143 et
1655 3070 2109 3145 multiformis
2183 3074 2452 3169 gratiae

331 3183 456 3259 Dei
513 3186 1042 3283 dispensatione
1073 3238 1094 3272 ,
1163 3208 1248 3259 ac
1309 3206 1564 3282 pueros
1626 3188 2043 3281 praesertim
2105 3188 2455 3284 rudesque

329 3304 652 3379 homines
715 3306 1180 3380 sanctissimis
1245 3306 1526 3379 divinae
1563 3315 1847 3379 nostrae
1882 3305 2239 3402 religionis
2290 3328 2455 3404 my·-

331 3424 566 3496 steriis
594 3476 615 3510 ,
655 3446 739 3498 ac
799 3406 1416 3521 praeceptionibus
1481 3422 1859 3519 diligenter
1892 3421 2209 3497 imbuere
2231 3476 2253 3512 ‚
2292 3448 2455 3499 eos-

327 3562 468 3637 que
529 3540 616 3614 ad
691 3542 1062 3637 pietatem,
1139 3559 1574 3637 omnemque
1607 3540 1951 3613 virtutem
1984 3538 2271 3638 fingere.
2312 3541 2454 3617 Co·

333 3658 670 3753 gnoscitis
721 3660 914 3732 enim
949 3659 1311 3756 quomodo
1367 3678 1530 3731 curn
1597 3658 1921 3734 maximo
1969 3660 2070 3733 rei
2102 3680 2343 3735 sacrae
2380 3672 2455 3734 et

333 3774 650 3870 publicae
713 3776 976 3854 damno
1035 3798 1270 3850 mores
1305 3770 1598 3851 omnino
1631 3774 2115 3873 prolabantur,
2154 3790 2230 3851 et
2262 3777 2452 3851 chri-

335 3893 567 3965 stiana
605 3892 887 3970 laxetur
936 3893 1333 3992 disciplina,
1387 3907 1464 3968 et
1512 3896 1867 3993 religionis
1902 3896 2135 3971 cultus
2168 3896 2453 3971 convel-

339 4010 530 4083 latur
557 4060 578 4096 ,
618 4021 696 4083 et
742 4009 912 4087 vitia
965 4012 1200 4089 omnia
1236 4014 1310 4085 in
1371 4012 1668 4109 populos
1697 4013 2150 4102 invehantur,
2204 4010 2265 4087 si
2317 4012 2458 4086 Pa-

335 4127 528 4200 rochi
585 4127 695 4199 vel
746 4130 1108 4225 proprium
1129 4130 1454 4203 'officium
1475 4127 1708 4226 fagei-e
1735 4130 2081 4218 nesciant,
2118 4130 2231 4205 vel
2282 4130 2453 4203 illud

347 4264 676 4318 exercere
711 4246 1094 4343 negligant.
1139 4244 1318 4321 Cum
1359 4242 1602 4321 autem
1632 4242 1973 4347 singulari
2008 4270 2289 4347 quoque
2340 4246 2454 4319 vi·-

339 4362 628 4458 gilantia
657 4362 871 4440 Vobis
899 4362 1392 4441 excubandum
1421 4368 1542 4455 sit,
1569 4377 1654 4439 ut
1689 4367 2055 4465 utriusque
2088 4386 2301 4443 sexus
2354 4366 2456 4441 iu-
