<?xml version="1.0" encoding="UTF-8"?>
<!DOCTYPE html PUBLIC "-//W3C//DTD XHTML 1.0 Transitional//EN"
    "http://www.w3.org/TR/xhtml1/DTD/xhtml1-transitional.dtd">
<html xmlns="http://www.w3.org/1999/xhtml" xml:lang="en" lang="en">
 <head>
  <title>
</title>
<meta http-equiv="Content-Type" content="text/html;charset=utf-8" />
  <meta name='ocr-system' content='tesseract 3.04.00' />
  <meta name='ocr-capabilities' content='ocr_page ocr_carea ocr_par ocr_line ocrx_word'/>
</head>
<body>
  <div class='ocr_page' id='page_1' title='image "./piiixpontificis00ixgoog_0183.png"; bbox 0 0 3317 5267; ppageno 0'>
   <div class='ocr_carea' id='block_1_1' title="bbox 253 444 2394 3725">
    <p class='ocr_par' dir='ltr' id='par_1_1' title="bbox 276 444 2380 749">
     <span class='ocr_line' id='line_1_1' title="bbox 2249 444 2380 515; baseline 0 -1"><span class='ocrx_word' id='word_1_1' title='bbox 2249 444 2380 515; x_wconf 73' lang='lat'><strong>171</strong></span> 
     </span>
     <span class='ocr_line' id='line_1_2' title="bbox 276 554 2374 654; baseline -0.002 -20"><span class='ocrx_word' id='word_1_2' title='bbox 276 558 611 634; x_wconf 76' lang='lat' dir='ltr'>conducit</span> <span class='ocrx_word' id='word_1_3' title='bbox 647 607 671 643; x_wconf 93' lang='lat'><strong><em>,</em></strong></span> <span class='ocrx_word' id='word_1_4' title='bbox 722 556 1035 653; x_wconf 82' lang='lat' dir='ltr'><strong>quotidie</strong></span> <span class='ocrx_word' id='word_1_5' title='bbox 1088 556 1315 653; x_wconf 86' lang='lat' dir='ltr'><strong>magis</strong></span> <span class='ocrx_word' id='word_1_6' title='bbox 1368 554 1625 653; x_wconf 90' lang='lat' dir='ltr'><strong>ubique</strong></span> <span class='ocrx_word' id='word_1_7' title='bbox 1679 568 2026 631; x_wconf 87' lang='lat' dir='ltr'><strong>terrarum</strong></span> <span class='ocrx_word' id='word_1_8' title='bbox 2079 556 2316 654; x_wconf 84' lang='lat' dir='ltr'><strong>vigeat</strong></span> <span class='ocrx_word' id='word_1_9' title='bbox 2353 610 2374 648; x_wconf 93' lang='lat'><strong>,</strong></span> 
     </span>
     <span class='ocr_line' id='line_1_3' title="bbox 281 672 1141 749; baseline -0.005 -4"><span class='ocrx_word' id='word_1_10' title='bbox 281 674 530 749; x_wconf 89' lang='lat' dir='ltr'><strong>floreat</strong></span> <span class='ocrx_word' id='word_1_11' title='bbox 580 696 663 746; x_wconf 92' lang='lat' dir='ltr'><strong>ac</strong></span> <span class='ocrx_word' id='word_1_12' title='bbox 710 672 1141 746; x_wconf 82' lang='lat' dir='ltr'><strong>dominetur.</strong></span> 
     </span>
    </p>

    <p class='ocr_par' dir='ltr' id='par_1_2' title="bbox 253 789 2394 3725">
     <span class='ocr_line' id='line_1_4' title="bbox 438 789 2392 889; baseline 0.002 -26"><span class='ocrx_word' id='word_1_13' title='bbox 438 789 669 889; x_wconf 81' lang='lat' dir='ltr'><strong>Atque</strong></span> <span class='ocrx_word' id='word_1_14' title='bbox 719 790 835 865; x_wconf 88' lang='lat' dir='ltr'><strong>hic</strong></span> <span class='ocrx_word' id='word_1_15' title='bbox 886 812 1288 866; x_wconf 87' lang='lat' dir='ltr'><strong>sermonem</strong></span> <span class='ocrx_word' id='word_1_16' title='bbox 1324 789 1662 866; x_wconf 87' lang='lat' dir='ltr'><strong>Nostrum</strong></span> <span class='ocrx_word' id='word_1_17' title='bbox 1714 790 1802 865; x_wconf 90' lang='lat' dir='ltr'><strong>ad</strong></span> <span class='ocrx_word' id='word_1_18' title='bbox 1853 812 2101 866; x_wconf 89' lang='lat' dir='ltr'><strong>omnes</strong></span> <span class='ocrx_word' id='word_1_19' title='bbox 2155 789 2392 866; x_wconf 84' lang='lat' dir='ltr'><strong>Vene-</strong></span> 
     </span>
     <span class='ocr_line' id='line_1_5' title="bbox 274 908 2392 985; baseline 0.001 -4"><span class='ocrx_word' id='word_1_20' title='bbox 274 908 537 983; x_wconf 87' lang='lat' dir='ltr'><strong>rabiles</strong></span> <span class='ocrx_word' id='word_1_21' title='bbox 588 909 873 983; x_wconf 78' lang='lat' dir='ltr'><strong>Fratres</strong></span> <span class='ocrx_word' id='word_1_22' title='bbox 926 911 1147 984; x_wconf 90' lang='lat' dir='ltr'><strong>totius</strong></span> <span class='ocrx_word' id='word_1_23' title='bbox 1200 908 1527 984; x_wconf 80' lang='lat' dir='ltr'>catholici</span> <span class='ocrx_word' id='word_1_24' title='bbox 1580 909 1774 985; x_wconf 89' lang='lat' dir='ltr'><strong>orbis</strong></span> <span class='ocrx_word' id='word_1_25' title='bbox 1811 909 2183 984; x_wconf 87' lang='lat' dir='ltr'><strong>Sacrorum</strong></span> <span class='ocrx_word' id='word_1_26' title='bbox 2241 908 2392 983; x_wconf 88' lang='lat' dir='ltr'><strong>An-</strong></span> 
     </span>
     <span class='ocr_line' id='line_1_6' title="bbox 278 1024 2393 1125; baseline 0.003 -28"><span class='ocrx_word' id='word_1_27' title='bbox 278 1027 543 1100; x_wconf 89' lang='lat' dir='ltr'><strong>tistites</strong></span> <span class='ocrx_word' id='word_1_28' title='bbox 594 1027 848 1100; x_wconf 88' lang='lat' dir='ltr'><strong>intimo</strong></span> <span class='ocrx_word' id='word_1_29' title='bbox 900 1028 1129 1101; x_wconf 86' lang='lat' dir='ltr'><strong>cordis</strong></span> <span class='ocrx_word' id='word_1_30' title='bbox 1180 1024 1439 1101; x_wconf 85' lang='lat' dir='ltr'><strong>affectu</strong></span> <span class='ocrx_word' id='word_1_31' title='bbox 1488 1038 2014 1115; x_wconf 78' lang='lat' dir='ltr'><strong>convertenteS‚</strong></span> <span class='ocrx_word' id='word_1_32' title='bbox 2063 1029 2262 1125; x_wconf 84' lang='lat' dir='ltr'><strong>ipsis,</strong></span> <span class='ocrx_word' id='word_1_33' title='bbox 2317 1040 2393 1103; x_wconf 91' lang='lat' dir='ltr'><strong>et</strong></span> 
     </span>
     <span class='ocr_line' id='line_1_7' title="bbox 276 1140 2392 1220; baseline 0.004 -9"><span class='ocrx_word' id='word_1_34' title='bbox 276 1140 600 1215; x_wconf 86' lang='lat' dir='ltr'><strong>fidelihus</strong></span> <span class='ocrx_word' id='word_1_35' title='bbox 655 1166 901 1217; x_wconf 85' lang='lat' dir='ltr'><strong>eorum</strong></span> <span class='ocrx_word' id='word_1_36' title='bbox 966 1166 1173 1218; x_wconf 89' lang='lat' dir='ltr'><strong>curae</strong></span> <span class='ocrx_word' id='word_1_37' title='bbox 1238 1143 1517 1219; x_wconf 89' lang='lat' dir='ltr'><strong>traditis</strong></span> <span class='ocrx_word' id='word_1_38' title='bbox 1578 1144 1840 1219; x_wconf 87' lang='lat' dir='ltr'><strong>iterum</strong></span> <span class='ocrx_word' id='word_1_39' title='bbox 1907 1144 2019 1217; x_wconf 85' lang='lat' dir='ltr'><strong>vel</strong></span> <span class='ocrx_word' id='word_1_40' title='bbox 2077 1146 2392 1220; x_wconf 82' lang='lat' dir='ltr'><strong>maxime</strong></span> 
     </span>
     <span class='ocr_line' id='line_1_8' title="bbox 278 1262 2392 1361; baseline 0.002 -27"><span class='ocrx_word' id='word_1_41' title='bbox 278 1262 715 1359; x_wconf 79' lang='lat' dir='ltr'><strong>gratulamur</strong></span> <span class='ocrx_word' id='word_1_42' title='bbox 764 1264 851 1337; x_wconf 82' lang='lat' dir='ltr'><strong>de&#39;</strong></span> <span class='ocrx_word' id='word_1_43' title='bbox 904 1265 1165 1339; x_wconf 86' lang='lat' dir='ltr'><strong>eximia</strong></span> <span class='ocrx_word' id='word_1_44' title='bbox 1200 1286 1447 1339; x_wconf 90' lang='lat' dir='ltr'><strong>eorum</strong></span> <span class='ocrx_word' id='word_1_45' title='bbox 1484 1286 1651 1361; x_wconf 88' lang='lat' dir='ltr'><strong>erga</strong></span> <span class='ocrx_word' id='word_1_46' title='bbox 1685 1262 1855 1351; x_wconf 90' lang='lat' dir='ltr'><strong>Nos,</strong></span> <span class='ocrx_word' id='word_1_47' title='bbox 1911 1274 1988 1339; x_wconf 92' lang='lat' dir='ltr'><strong>et</strong></span> <span class='ocrx_word' id='word_1_48' title='bbox 2036 1263 2218 1338; x_wconf 87' lang='lat' dir='ltr'><strong>hanc</strong></span> <span class='ocrx_word' id='word_1_49' title='bbox 2252 1263 2392 1339; x_wconf 91' lang='lat' dir='ltr'><strong>Pe-</strong></span> 
     </span>
     <span class='ocr_line' id='line_1_9' title="bbox 276 1378 2391 1471; baseline 0.003 -19"><span class='ocrx_word' id='word_1_50' title='bbox 276 1381 371 1453; x_wconf 92' lang='lat' dir='ltr'><strong>tri</strong></span> <span class='ocrx_word' id='word_1_51' title='bbox 424 1378 849 1456; x_wconf 89' lang='lat' dir='ltr'><strong>Cathedram</strong></span> <span class='ocrx_word' id='word_1_52' title='bbox 902 1382 1065 1470; x_wconf 86' lang='lat' dir='ltr'><strong>fide,</strong></span> <span class='ocrx_word' id='word_1_53' title='bbox 1107 1404 1349 1459; x_wconf 89' lang='lat' dir='ltr'><strong>amore</strong></span> <span class='ocrx_word' id='word_1_54' title='bbox 1402 1393 1477 1456; x_wconf 91' lang='lat' dir='ltr'><strong>et</strong></span> <span class='ocrx_word' id='word_1_55' title='bbox 1528 1383 2007 1471; x_wconf 83' lang='lat' dir='ltr'><strong>observantia,</strong></span> <span class='ocrx_word' id='word_1_56' title='bbox 2059 1406 2142 1457; x_wconf 93' lang='lat' dir='ltr'><strong>ac</strong></span> <span class='ocrx_word' id='word_1_57' title='bbox 2177 1384 2391 1458; x_wconf 90' lang='lat' dir='ltr'><strong>simul</strong></span> 
     </span>
     <span class='ocr_line' id='line_1_10' title="bbox 276 1498 2392 1596; baseline 0.003 -25"><span class='ocrx_word' id='word_1_58' title='bbox 276 1501 663 1596; x_wconf 82' lang='lat' dir='ltr'><strong>gratissimi</strong></span> <span class='ocrx_word' id='word_1_59' title='bbox 714 1501 931 1573; x_wconf 90' lang='lat' dir='ltr'><strong>animi</strong></span> <span class='ocrx_word' id='word_1_60' title='bbox 965 1500 1202 1575; x_wconf 85' lang='lat' dir='ltr'><strong>Nostri</strong></span> <span class='ocrx_word' id='word_1_61' title='bbox 1254 1523 1503 1574; x_wconf 89' lang='lat' dir='ltr'><strong>sensus</strong></span> <span class='ocrx_word' id='word_1_62' title='bbox 1555 1501 1805 1575; x_wconf 90' lang='lat' dir='ltr'><strong>iisdem</strong></span> <span class='ocrx_word' id='word_1_63' title='bbox 1859 1498 2392 1577; x_wconf 75' lang='lat' dir='ltr'><strong>venerabilibus</strong></span> 
     </span>
     <span class='ocr_line' id='line_1_11' title="bbox 274 1616 2388 1717; baseline 0.001 -26"><span class='ocrx_word' id='word_1_64' title='bbox 274 1616 641 1694; x_wconf 80' lang='lat' dir='ltr'><strong>Fratribus</strong></span> <span class='ocrx_word' id='word_1_65' title='bbox 694 1632 771 1693; x_wconf 95' lang='lat' dir='ltr'><strong>et</strong></span> <span class='ocrx_word' id='word_1_66' title='bbox 818 1619 1143 1694; x_wconf 86' lang='lat' dir='ltr'><strong>fidelihus</strong></span> <span class='ocrx_word' id='word_1_67' title='bbox 1194 1620 1431 1716; x_wconf 88' lang='lat' dir='ltr'><strong>palam</strong></span> <span class='ocrx_word' id='word_1_68' title='bbox 1495 1617 1912 1717; x_wconf 84' lang='lat' dir='ltr'><strong>publiceque</strong></span> <span class='ocrx_word' id='word_1_69' title='bbox 1971 1618 2388 1717; x_wconf 83' lang='lat' dir='ltr'><strong>profitemur</strong></span> 
     </span>
     <span class='ocr_line' id='line_1_12' title="bbox 274 1735 2388 1837; baseline 0.001 -27"><span class='ocrx_word' id='word_1_70' title='bbox 274 1735 365 1810; x_wconf 88' lang='lat' dir='ltr'><strong>ob</strong></span> <span class='ocrx_word' id='word_1_71' title='bbox 418 1738 596 1811; x_wconf 88' lang='lat' dir='ltr'><strong>mira</strong></span> <span class='ocrx_word' id='word_1_72' title='bbox 632 1760 803 1813; x_wconf 90' lang='lat' dir='ltr'><strong>sane</strong></span> <span class='ocrx_word' id='word_1_73' title='bbox 838 1740 1097 1826; x_wconf 86' lang='lat' dir='ltr'><strong>studia,</strong></span> <span class='ocrx_word' id='word_1_74' title='bbox 1136 1737 1393 1837; x_wconf 88' lang='lat' dir='ltr'><strong>quibus</strong></span> <span class='ocrx_word' id='word_1_75' title='bbox 1430 1738 1724 1813; x_wconf 88' lang='lat' dir='ltr'><strong>Nostras</strong></span> <span class='ocrx_word' id='word_1_76' title='bbox 1759 1738 2122 1835; x_wconf 89' lang='lat' dir='ltr'><strong>angustias</strong></span> <span class='ocrx_word' id='word_1_77' title='bbox 2159 1739 2388 1814; x_wconf 90' lang='lat' dir='ltr'><strong>modis</strong></span> 
     </span>
     <span class='ocr_line' id='line_1_13' title="bbox 278 1854 2388 1932; baseline 0 -3"><span class='ocrx_word' id='word_1_78' title='bbox 278 1855 612 1930; x_wconf 88' lang='lat' dir='ltr'><strong>omnibus</strong></span> <span class='ocrx_word' id='word_1_79' title='bbox 668 1855 1037 1931; x_wconf 80' lang='lat' dir='ltr'><strong>sublevare</strong></span> <span class='ocrx_word' id='word_1_80' title='bbox 1090 1880 1234 1932; x_wconf 90' lang='lat' dir='ltr'><strong>non</strong></span> <span class='ocrx_word' id='word_1_81' title='bbox 1286 1857 1643 1931; x_wconf 87' lang='lat' dir='ltr'><strong>desinunt.</strong></span> <span class='ocrx_word' id='word_1_82' title='bbox 1703 1854 1892 1929; x_wconf 90' lang='lat' dir='ltr'><strong>Nihil</strong></span> <span class='ocrx_word' id='word_1_83' title='bbox 1942 1879 2111 1930; x_wconf 84' lang='lat' dir='ltr'><strong>vero</strong></span> <span class='ocrx_word' id='word_1_84' title='bbox 2163 1856 2388 1931; x_wconf 87' lang='lat' dir='ltr'><strong>dubi-</strong></span> 
     </span>
     <span class='ocr_line' id='line_1_14' title="bbox 280 1972 2384 2070; baseline 0.001 -27"><span class='ocrx_word' id='word_1_85' title='bbox 280 1984 549 2060; x_wconf 76' lang='lat' dir='ltr'><strong>tamuS,</strong></span> <span class='ocrx_word' id='word_1_86' title='bbox 587 1974 757 2070; x_wconf 88' lang='lat' dir='ltr'><strong>quin</strong></span> <span class='ocrx_word' id='word_1_87' title='bbox 820 1974 1031 2048; x_wconf 91' lang='lat' dir='ltr'><strong>iidem</strong></span> <span class='ocrx_word' id='word_1_88' title='bbox 1071 1972 1527 2047; x_wconf 76' lang='lat' dir='ltr'><strong>venerabiles</strong></span> <span class='ocrx_word' id='word_1_89' title='bbox 1564 1972 1848 2047; x_wconf 87' lang='lat' dir='ltr'><strong>Fratres</strong></span> <span class='ocrx_word' id='word_1_90' title='bbox 1897 1995 2029 2069; x_wconf 87' lang='lat' dir='ltr'><strong>pro</strong></span> <span class='ocrx_word' id='word_1_91' title='bbox 2079 1973 2384 2069; x_wconf 84' lang='lat' dir='ltr'><strong>egregia,</strong></span> 
     </span>
     <span class='ocr_line' id='line_1_15' title="bbox 274 2090 2392 2189; baseline 0 -26"><span class='ocrx_word' id='word_1_92' title='bbox 274 2114 419 2187; x_wconf 89' lang='lat' dir='ltr'><strong>qua</strong></span> <span class='ocrx_word' id='word_1_93' title='bbox 470 2091 781 2167; x_wconf 84' lang='lat' dir='ltr'><strong>maxime</strong></span> <span class='ocrx_word' id='word_1_94' title='bbox 834 2102 1229 2188; x_wconf 76' lang='lat' dir='ltr'><strong>praestant‚</strong></span> <span class='ocrx_word' id='word_1_95' title='bbox 1286 2091 1649 2189; x_wconf 80' lang='lat' dir='ltr'><strong>religione,</strong></span> <span class='ocrx_word' id='word_1_96' title='bbox 1703 2090 1968 2187; x_wconf 85' lang='lat' dir='ltr'><strong>pietate</strong></span> <span class='ocrx_word' id='word_1_97' title='bbox 2019 2112 2102 2165; x_wconf 92' lang='lat' dir='ltr'><strong>ac</strong></span> <span class='ocrx_word' id='word_1_98' title='bbox 2153 2112 2392 2167; x_wconf 81' lang='lat' dir='ltr'><strong>sacer-</strong></span> 
     </span>
     <span class='ocr_line' id='line_1_16' title="bbox 282 2207 2394 2307; baseline 0.001 -25"><span class='ocrx_word' id='word_1_99' title='bbox 282 2207 503 2282; x_wconf 86' lang='lat' dir='ltr'><strong>dotali</strong></span> <span class='ocrx_word' id='word_1_100' title='bbox 552 2208 701 2284; x_wconf 88' lang='lat' dir='ltr'><strong>zelo</strong></span> <span class='ocrx_word' id='word_1_101' title='bbox 736 2221 1035 2307; x_wconf 80' lang='lat' dir='ltr'><strong>pergant</strong></span> <span class='ocrx_word' id='word_1_102' title='bbox 1070 2210 1339 2285; x_wconf 84' lang='lat' dir='ltr'><strong>maiore</strong></span> <span class='ocrx_word' id='word_1_103' title='bbox 1375 2232 1599 2305; x_wconf 88' lang='lat' dir='ltr'><strong>usque</strong></span> <span class='ocrx_word' id='word_1_104' title='bbox 1636 2208 2000 2283; x_wconf 83' lang='lat' dir='ltr'><strong>alacritate</strong></span> <span class='ocrx_word' id='word_1_105' title='bbox 2053 2219 2128 2283; x_wconf 90' lang='lat' dir='ltr'><strong>et</strong></span> <span class='ocrx_word' id='word_1_106' title='bbox 2177 2232 2394 2305; x_wconf 83' lang='lat' dir='ltr'><strong>opera</strong></span> 
     </span>
     <span class='ocr_line' id='line_1_17' title="bbox 272 2327 2392 2405; baseline 0.003 -6"><span class='ocrx_word' id='word_1_107' title='bbox 272 2350 417 2399; x_wconf 90' lang='lat' dir='ltr'><strong>una</strong></span> <span class='ocrx_word' id='word_1_108' title='bbox 468 2349 635 2401; x_wconf 88' lang='lat' dir='ltr'><strong>cum</strong></span> <span class='ocrx_word' id='word_1_109' title='bbox 664 2327 986 2402; x_wconf 85' lang='lat' dir='ltr'><strong>fidelibus</strong></span> <span class='ocrx_word' id='word_1_110' title='bbox 1038 2328 1171 2403; x_wconf 89' lang='lat' dir='ltr'><strong>sibi</strong></span> <span class='ocrx_word' id='word_1_111' title='bbox 1224 2328 1623 2403; x_wconf 79' lang='lat' dir='ltr'><strong>commissis</strong></span> <span class='ocrx_word' id='word_1_112' title='bbox 1675 2327 2034 2403; x_wconf 84' lang='lat' dir='ltr'><strong>Ecclesiae</strong></span> <span class='ocrx_word' id='word_1_113' title='bbox 2070 2338 2148 2402; x_wconf 92' lang='lat' dir='ltr'><strong>et</strong></span> <span class='ocrx_word' id='word_1_114' title='bbox 2179 2328 2392 2405; x_wconf 85' lang='lat' dir='ltr'><strong>huius</strong></span> 
     </span>
     <span class='ocr_line' id='line_1_18' title="bbox 274 2440 2390 2540; baseline 0.002 -23"><span class='ocrx_word' id='word_1_115' title='bbox 274 2440 723 2540; x_wconf 85' lang='lat' dir='ltr'><strong>Apostolicae</strong></span> <span class='ocrx_word' id='word_1_116' title='bbox 774 2444 975 2519; x_wconf 88' lang='lat' dir='ltr'><strong>Sedis</strong></span> <span class='ocrx_word' id='word_1_117' title='bbox 1026 2469 1314 2521; x_wconf 87' lang='lat' dir='ltr'><strong>causam</strong></span> <span class='ocrx_word' id='word_1_118' title='bbox 1368 2458 1778 2521; x_wconf 81' lang='lat' dir='ltr'><strong>constanter</strong></span> <span class='ocrx_word' id='word_1_119' title='bbox 1827 2445 2200 2521; x_wconf 87' lang='lat' dir='ltr'><strong>defendere</strong></span> <span class='ocrx_word' id='word_1_120' title='bbox 2229 2500 2252 2535; x_wconf 89' lang='lat'>,</span> <span class='ocrx_word' id='word_1_121' title='bbox 2307 2471 2390 2523; x_wconf 90' lang='lat' dir='ltr'><strong>ac</strong></span> 
     </span>
     <span class='ocr_line' id='line_1_19' title="bbox 272 2550 2392 2660; baseline 0.004 -31"><span class='ocrx_word' id='word_1_122' title='bbox 272 2550 823 2635; x_wconf 81' lang='lat' dir='ltr'><strong>ferventissimis</strong></span> <span class='ocrx_word' id='word_1_123' title='bbox 848 2562 1025 2649; x_wconf 89' lang='lat' dir='ltr'><strong>suis,</strong></span> <span class='ocrx_word' id='word_1_124' title='bbox 1056 2584 1485 2660; x_wconf 87' lang='lat' dir='ltr'><strong>suorumque</strong></span> <span class='ocrx_word' id='word_1_125' title='bbox 1510 2562 1822 2637; x_wconf 83' lang='lat' dir='ltr'><strong>fidelium</strong></span> <span class='ocrx_word' id='word_1_126' title='bbox 1849 2562 2172 2659; x_wconf 88' lang='lat' dir='ltr'><strong>precibus</strong></span> <span class='ocrx_word' id='word_1_127' title='bbox 2199 2564 2392 2638; x_wconf 84' lang='lat' dir='ltr'><strong>adire</strong></span> 
     </span>
     <span class='ocr_line' id='line_1_20' title="bbox 266 2680 2392 2781; baseline 0.001 -26"><span class='ocrx_word' id='word_1_128' title='bbox 266 2702 439 2755; x_wconf 90' lang='lat' dir='ltr'><strong>cum</strong></span> <span class='ocrx_word' id='word_1_129' title='bbox 486 2681 741 2756; x_wconf 85' lang='lat' dir='ltr'><strong>fiducia</strong></span> <span class='ocrx_word' id='word_1_130' title='bbox 792 2706 935 2756; x_wconf 88' lang='lat' dir='ltr'><strong>una</strong></span> <span class='ocrx_word' id='word_1_131' title='bbox 970 2680 1357 2759; x_wconf 85' lang='lat' dir='ltr'><strong>Nobiscum</strong></span> <span class='ocrx_word' id='word_1_132' title='bbox 1409 2685 1496 2758; x_wconf 92' lang='lat' dir='ltr'><strong>ad</strong></span> <span class='ocrx_word' id='word_1_133' title='bbox 1551 2684 1890 2759; x_wconf 85' lang='lat' dir='ltr'><strong>thronum</strong></span> <span class='ocrx_word' id='word_1_134' title='bbox 1941 2684 2232 2781; x_wconf 87' lang='lat' dir='ltr'><strong>gratiae,</strong></span> <span class='ocrx_word' id='word_1_135' title='bbox 2306 2706 2392 2757; x_wconf 86' lang='lat' dir='ltr'><strong>ac</strong></span> 
     </span>
     <span class='ocr_line' id='line_1_21' title="bbox 266 2796 2394 2897; baseline 0.002 -27"><span class='ocrx_word' id='word_1_136' title='bbox 266 2798 851 2894; x_wconf 86' lang='lat' dir='ltr'><strong>potentissimum</strong></span> <span class='ocrx_word' id='word_1_137' title='bbox 894 2799 1397 2875; x_wconf 78' lang='lat' dir='ltr'><strong>immaculatae</strong></span> <span class='ocrx_word' id='word_1_138' title='bbox 1434 2800 2074 2897; x_wconf 89' lang='lat' dir='ltr'><strong>Sanctissimaeque</strong></span> <span class='ocrx_word' id='word_1_139' title='bbox 2101 2796 2230 2873; x_wconf 90' lang='lat' dir='ltr'><strong>Dei</strong></span> <span class='ocrx_word' id='word_1_140' title='bbox 2255 2796 2394 2875; x_wconf 89' lang='lat' dir='ltr'><strong>Ge-</strong></span> 
     </span>
     <span class='ocr_line' id='line_1_22' title="bbox 266 2915 2392 3015; baseline 0.001 -28"><span class='ocrx_word' id='word_1_141' title='bbox 266 2915 577 2989; x_wconf 87' lang='lat' dir='ltr'><strong>netricis</strong></span> <span class='ocrx_word' id='word_1_142' title='bbox 629 2915 935 3015; x_wconf 85' lang='lat' dir='ltr'><strong>Virginis</strong></span> <span class='ocrx_word' id='word_1_143' title='bbox 985 2917 1247 2992; x_wconf 84' lang='lat' dir='ltr'><strong>Mariae</strong></span> <span class='ocrx_word' id='word_1_144' title='bbox 1296 2918 1769 3014; x_wconf 89' lang='lat' dir='ltr'><strong>patrocinium</strong></span> <span class='ocrx_word' id='word_1_145' title='bbox 1821 2918 2226 3014; x_wconf 87' lang='lat' dir='ltr'><strong>implorare,</strong></span> <span class='ocrx_word' id='word_1_146' title='bbox 2279 2927 2392 3004; x_wconf 89' lang='lat' dir='ltr'><strong>ut,</strong></span> 
     </span>
     <span class='ocr_line' id='line_1_23' title="bbox 274 3034 2388 3133; baseline -0.001 -24"><span class='ocrx_word' id='word_1_147' title='bbox 274 3046 429 3109; x_wconf 85' lang='lat' dir='ltr'><strong>tam</strong></span> <span class='ocrx_word' id='word_1_148' title='bbox 486 3056 745 3131; x_wconf 86' lang='lat' dir='ltr'><strong>magna</strong></span> <span class='ocrx_word' id='word_1_149' title='bbox 798 3048 1088 3133; x_wconf 87' lang='lat' dir='ltr'><strong>tamque</strong></span> <span class='ocrx_word' id='word_1_150' title='bbox 1142 3036 1549 3111; x_wconf 84' lang='lat' dir='ltr'><strong>turbulenta</strong></span> <span class='ocrx_word' id='word_1_151' title='bbox 1590 3046 2018 3133; x_wconf 86' lang='lat' dir='ltr'><strong>tempestate</strong></span> <span class='ocrx_word' id='word_1_152' title='bbox 2069 3034 2388 3131; x_wconf 88' lang='lat' dir='ltr'><strong>depulsa,</strong></span> 
     </span>
     <span class='ocr_line' id='line_1_24' title="bbox 274 3151 2390 3253; baseline -0 -26"><span class='ocrx_word' id='word_1_153' title='bbox 274 3164 357 3227; x_wconf 90' lang='lat' dir='ltr'><strong>et</strong></span> <span class='ocrx_word' id='word_1_154' title='bbox 409 3151 771 3229; x_wconf 86' lang='lat' dir='ltr'><strong>Catholica</strong></span> <span class='ocrx_word' id='word_1_155' title='bbox 819 3154 1133 3230; x_wconf 89' lang='lat' dir='ltr'><strong>Ecclesia</strong></span> <span class='ocrx_word' id='word_1_156' title='bbox 1207 3156 1730 3253; x_wconf 86' lang='lat' dir='ltr'><strong>optatissimam</strong></span> <span class='ocrx_word' id='word_1_157' title='bbox 1805 3165 2224 3253; x_wconf 88' lang='lat' dir='ltr'><strong>assequatur</strong></span> <span class='ocrx_word' id='word_1_158' title='bbox 2269 3175 2390 3249; x_wconf 87' lang='lat' dir='ltr'><strong>pa-</strong></span> 
     </span>
     <span class='ocr_line' id='line_1_25' title="bbox 258 3272 2364 3372; baseline -0.002 -25"><span class='ocrx_word' id='word_1_159' title='bbox 258 3294 427 3347; x_wconf 88' lang='lat' dir='ltr'><strong>cem</strong></span> <span class='ocrx_word' id='word_1_160' title='bbox 458 3325 480 3359; x_wconf 88' lang='lat'>,</span> <span class='ocrx_word' id='word_1_161' title='bbox 535 3295 617 3347; x_wconf 86' lang='lat' dir='ltr'><strong>ac</strong></span> <span class='ocrx_word' id='word_1_162' title='bbox 668 3296 795 3347; x_wconf 90' lang='lat' dir='ltr'><strong>sua</strong></span> <span class='ocrx_word' id='word_1_163' title='bbox 845 3274 1105 3372; x_wconf 88' lang='lat' dir='ltr'><strong>ubique</strong></span> <span class='ocrx_word' id='word_1_164' title='bbox 1155 3273 1481 3347; x_wconf 88' lang='lat' dir='ltr'><strong>libertate</strong></span> <span class='ocrx_word' id='word_1_165' title='bbox 1531 3272 1841 3359; x_wconf 87' lang='lat' dir='ltr'><strong>fruatur,</strong></span> <span class='ocrx_word' id='word_1_166' title='bbox 1895 3284 1970 3347; x_wconf 90' lang='lat' dir='ltr'><strong>et</strong></span> <span class='ocrx_word' id='word_1_167' title='bbox 2019 3293 2268 3347; x_wconf 86' lang='lat' dir='ltr'><strong>omnes</strong></span> <span class='ocrx_word' id='word_1_168' title='bbox 2320 3293 2364 3343; x_wconf 91' lang='lat' dir='ltr'><strong>a</strong></span> 
     </span>
     <span class='ocr_line' id='line_1_26' title="bbox 262 3389 2378 3477; baseline -0 -13"><span class='ocrx_word' id='word_1_169' title='bbox 262 3393 595 3465; x_wconf 75' lang='lat' dir='ltr'><strong>veritatis</strong></span> <span class='ocrx_word' id='word_1_170' title='bbox 647 3414 731 3466; x_wconf 87' lang='lat' dir='ltr'><strong>ac</strong></span> <span class='ocrx_word' id='word_1_171' title='bbox 776 3393 1087 3466; x_wconf 86' lang='lat' dir='ltr'><strong>iustitiae</strong></span> <span class='ocrx_word' id='word_1_172' title='bbox 1142 3392 1255 3464; x_wconf 86' lang='lat' dir='ltr'><strong>via</strong></span> <span class='ocrx_word' id='word_1_173' title='bbox 1308 3390 1716 3465; x_wconf 84' lang='lat' dir='ltr'><strong>aberrantes</strong></span> <span class='ocrx_word' id='word_1_174' title='bbox 1766 3389 2059 3463; x_wconf 88' lang='lat' dir='ltr'><strong>redeant</strong></span> <span class='ocrx_word' id='word_1_175' title='bbox 2099 3390 2186 3463; x_wconf 89' lang='lat' dir='ltr'><strong>ad</strong></span> <span class='ocrx_word' id='word_1_176' title='bbox 2232 3412 2378 3477; x_wconf 88' lang='lat' dir='ltr'><strong>cor,</strong></span> 
     </span>
     <span class='ocr_line' id='line_1_27' title="bbox 254 3507 2390 3599; baseline -0.002 -11"><span class='ocrx_word' id='word_1_177' title='bbox 254 3524 345 3588; x_wconf 90' lang='lat' dir='ltr'><strong>ct</strong></span> <span class='ocrx_word' id='word_1_178' title='bbox 394 3524 901 3587; x_wconf 83' lang='lat' dir='ltr'><strong>convertantur</strong></span> <span class='ocrx_word' id='word_1_179' title='bbox 948 3512 1036 3586; x_wconf 92' lang='lat' dir='ltr'><strong>ad</strong></span> <span class='ocrx_word' id='word_1_180' title='bbox 1090 3508 1317 3585; x_wconf 90' lang='lat' dir='ltr'><strong>Deum</strong></span> <span class='ocrx_word' id='word_1_181' title='bbox 1352 3562 1373 3599; x_wconf 92' lang='lat'><strong><em>‚</em></strong></span> <span class='ocrx_word' id='word_1_182' title='bbox 1437 3530 1521 3582; x_wconf 85' lang='lat' dir='ltr'><strong>ac</strong></span> <span class='ocrx_word' id='word_1_183' title='bbox 1570 3507 2006 3583; x_wconf 86' lang='lat' dir='ltr'><strong>declinantes</strong></span> <span class='ocrx_word' id='word_1_184' title='bbox 2057 3530 2100 3581; x_wconf 88' lang='lat' dir='ltr'><strong>a</strong></span> <span class='ocrx_word' id='word_1_185' title='bbox 2151 3507 2338 3583; x_wconf 86' lang='lat' dir='ltr'><strong>malo</strong></span> <span class='ocrx_word' id='word_1_186' title='bbox 2358 3514 2390 3595; x_wconf 79' lang='lat'><strong>,&#39;</strong></span> 
     </span>
     <span class='ocr_line' id='line_1_28' title="bbox 253 3622 2324 3725; baseline -0.003 -20"><span class='ocrx_word' id='word_1_187' title='bbox 253 3642 347 3705; x_wconf 88' lang='lat' dir='ltr'><strong>et</strong></span> <span class='ocrx_word' id='word_1_188' title='bbox 394 3629 735 3705; x_wconf 87' lang='lat' dir='ltr'><strong>facientes</strong></span> <span class='ocrx_word' id='word_1_189' title='bbox 784 3627 1053 3706; x_wconf 88' lang='lat' dir='ltr'><strong>bonum</strong></span> <span class='ocrx_word' id='word_1_190' title='bbox 1104 3628 1437 3703; x_wconf 81' lang='lat' dir='ltr'><strong>incedant</strong></span> <span class='ocrx_word' id='word_1_191' title='bbox 1486 3650 1619 3725; x_wconf 92' lang='lat' dir='ltr'><strong>per</strong></span> <span class='ocrx_word' id='word_1_192' title='bbox 1669 3626 1964 3702; x_wconf 86' lang='lat' dir='ltr'><strong>semitas</strong></span> <span class='ocrx_word' id='word_1_193' title='bbox 2015 3622 2324 3701; x_wconf 88' lang='lat' dir='ltr'><strong>Domini.</strong></span> 
     </span>
    </p>
   </div>
  </div>
 </body>
</html>
