3317 5267
2274 458 2421 531 339

317 574 486 651 ralis
537 574 688 673 ejus
739 570 1226 673 Metropolitae
1277 568 1592 649 vicarius
1643 585 1813 650 tunc
1882 576 2223 673 temporis
2290 599 2425 649 ex·-

319 704 458 782 tet;
493 694 1004 790 praecipiendo,
1033 692 1220 790 quod
1248 690 1308 765 si
1345 713 1430 765 eo
1467 702 1787 788 tempore
1822 693 2057 789 plures
2094 692 2414 790 ejusdem

324 809 578 887 vicarii
606 812 678 885 in
707 811 1042 885 exercitio
1071 809 1304 885 forsan
1333 810 1881 905 comperiantur,
1912 810 2025 885 ille
2052 811 2423 908 praecipue

319 930 455 1006 hoc
483 932 702 1007 veluti
733 930 986 1006 Vicarii
1015 928 1434 1026 Capitularis
1472 950 1735 1005 munus
1782 932 2255 1027 peragendum
2292 930 2430 1005 ob-

319 1054 566 1139 tineat,
597 1052 720 1148 qui
745 1048 960 1126 fuerit
985 1072 1027 1123 a
1051 1048 1496 1146 Metropolim
1523 1048 1596 1123 in
1636 1050 1707 1123 id
1743 1052 2163 1126 nominatim
2188 1052 2425 1147 depu-

321 1184 540 1261 tatus,
569 1174 678 1246 sin
707 1184 948 1245 autem
975 1170 1088 1243 ille
1117 1170 1238 1267 qui
1264 1180 1428 1243 actu
1453 1170 1762 1265 supersit
1790 1170 1979 1266 prior
2006 1181 2325 1266 tempore
2350 1169 2425 1241 in

318 1290 637 1386 ejusdem
703 1288 1094 1363 Vicariatus
1155 1286 1502 1384 generalis
1565 1288 1931 1375 exercitio,
1998 1288 2111 1362 cui
2136 1286 2425 1385 quidem

321 1402 598 1483 Vicario
631 1418 976 1503 tanquam
1009 1400 1336 1480 Praesuli
1371 1406 1723 1480 ordinario
1748 1406 1965 1480 ceteri
1994 1392 2255 1503 quique
2308 1387 2431 1475 Vi·-

322 1526 487 1599 carii
525 1525 732 1621 plane
766 1522 1058 1599 subesse
1095 1522 1402 1596 debeant
1435 1532 1652 1619 atque
1687 1545 1963 1620 parere,
2002 1524 2229 1598 donee
2262 1544 2439 1595 suc--

321 1664 558 1717 cessor
614 1640 1068 1736 Metropolita
1130 1636 1466 1713 suffectus
1531 1662 1673 1713 non
1736 1636 1973 1714 fuerit.
2042 1637 2179 1714 Pro
2241 1660 2433 1711 nune

327 1782 496 1835 vero
533 1757 978 1855 infrascripto
1009 1758 1488 1854 praesentium
1529 1754 1971 1855 Exequutori
2026 1752 2431 1854 Apostolico

325 1880 604 1953 veniam
683 1891 758 1951 et
831 1886 1256 1975 potestatem
1311 1876 1607 1951 facimus
1638 1928 1661 1964 ‚
1722 1888 1804 1951 ut
1856 1876 2430 1951 Ecclesiastieum

326 1995 580 2082 virum,
619 2016 830 2092 quem
867 1995 1170 2091 ipsemet
1221 1992 1554 2067 idoneum
1589 1994 2023 2092 dignumque
2050 1992 2429 2079 censuerit,

325 2113 398 2185 in
456 2110 804 2186 vicarium
875 2122 1126 2207 utpote
1178 2109 1654 2207 capitularem
1712 2112 2113 2209 delegatum
2160 2110 2435 2185 consti·-

326 2240 508 2317 tuat‚
564 2230 684 2327 qui
737 2252 896 2303 eam
950 2226 1208 2305 Portus
1261 2228 1604 2327 Principis
1659 2224 2051 2305 Dioecesim
2104 2240 2305 2325 regat
2352 2239 2429 2301 et

327 2348 696 2446 gubernet,
751 2349 1014 2445 quique
1067 2350 1224 2423 ideo
1275 2350 1362 2422 iis
1399 2344 1729 2424 omnibus
1762 2349 2025 2447 polleat
2074 2348 2433 2422 facultati-

325 2465 486 2552 bus,
521 2484 704 2564 quae
739 2466 826 2538 ad
865 2461 1178 2540 Vicarios
1217 2463 1656 2563 Capitulares
1688 2466 1778 2539 de
1813 2465 1971 2561 jure
2006 2474 2223 2561 atque
2256 2486 2435 2537 con-

327 2582 696 2657 suetudine
748 2580 1137 2677 pertinent,
1172 2580 1328 2677 lege
1362 2583 1654 2679 insuper
1688 2581 1989 2677 adjecta,
2028 2592 2111 2654 ut
2148 2579 2431 2677 quoties

331 2712 406 2777 et
453 2703 676 2777 donec
711 2700 932 2798 ipsius
967 2699 1548 2797 Metropolitanae
1574 2702 1932 2777 Ecclesiae
1972 2700 2249 2777 vacatio
2270 2700 2433 2773 ba·-

325 2819 576 2894 beatur
608 2822 875 2893 interea
912 2831 1265 2917 quotquot
1298 2820 1484 2894 illius
1519 2818 1811 2893 Mensae
1849 2819 2435 2915 Archiepiscopa-

328 2937 412 3013 lis
439 2940 652 3012 annui
682 2937 1021 3024 redditus,
1053 2938 1371 3012 deductis
1404 2939 1646 3035 utique
1674 2934 2246 3011 incumbentibus
2272 2955 2437 3007 one-

329 3056 524 3131 ribus
575 3068 789 3153 atque
866 3056 1244 3152 impendiis
1325 3055 1721 3129 necessario
1774 3055 1847 3126 in
1915 3052 2259 3149 ejusmodi
2310 3050 2443 3123 ad·-

327 3174 844 3249 ministratione
872 3172 1241 3259 obeundis,
1274 3194 1496 3270 aeque
1535 3171 1607 3243 in
1645 3182 1793 3245 tres
1829 3170 2235 3244 dividantur
2268 3188 2441 3262 por·-

332 3292 586 3379 tiones,
641 3312 940 3388 quarum
979 3314 1120 3364 una
1161 3288 1434 3364 vicario
1489 3289 1592 3363 uti
1647 3282 2049 3385 praefertur
2096 3284 2443 3358 dioecesis

333 3408 898 3483 Administratori
933 3408 1008 3479 in
1043 3406 1496 3485 honorarium
1532 3403 1912 3491 tribuatur,
1941 3402 2159 3475 altera
2194 3412 2437 3475 autem

330 3526 816 3624 Metropolitae
843 3526 1231 3601 successori
1259 3526 1346 3600 ad
1374 3525 1983 3623 opportunitatem
2012 3532 2439 3609 reservetur,

279 3640 288 3649 ’
329 3657 406 3719 et
455 3646 722 3742 reliqua
775 3646 888 3719 vel
940 3646 1014 3717 in
1071 3644 1382 3740 ejusmet
1431 3642 2017 3740 Metropolitanae
2080 3638 2446 3714 Ecclesiae

329 3760 664 3835 fabricam
719 3770 795 3835 et
845 3761 1228 3835 sacrarium
1260 3813 1281 3848 ,
1337 3760 1450 3835 vel
1505 3760 1575 3833 in
1630 3758 1993 3835 seminarii
2045 3756 2443 3832 dioecesani

331 3880 743 3965 utilitatem,
784 3878 895 3953 vel
929 3880 1234 3977 denique
1286 3882 1360 3953 in
1413 3878 1585 3953 alios
1637 3880 1793 3975 pios
1850 3900 2021 3951 usus
2074 3876 2263 3948 intra
2316 3885 2444 3946 ta·-

329 4018 498 4071 men
546 3998 1000 4073 dioecesanos
1053 3994 1314 4073 Portus
1361 3995 1705 4093 Principis
1758 3995 2025 4069 limites
2079 3990 2445 4068 obeundos

331 4124 688 4211 erogetur,
725 4126 940 4210 prout
973 4116 1360 4211 expediens
1397 4112 2009 4212 opportuniusque
2039 4111 2107 4185 in
2138 4108 2449 4185 Domino

338 4232 570 4307 visum
621 4242 1000 4329 ratumque
1053 4230 1294 4306 fuerit.
