3317 5267
300 580 756 657 Cardinalium
810 574 1414 656 consistorialibus
1451 572 1763 676 Negotiis
1818 470 2410 679 ριέθροεὶιειθὸἓὲ

297 714 702 795 perpetuam
757 702 856 775 rei
913 701 1332 775 memoriam
1387 711 1460 771 et
1498 721 1825 771 normam
1864 702 2353 777 adserventur.

388 816 722 891 Volumus
750 819 1010 911 pariter
1037 818 1220 913 quod
1255 816 1733 911 praesentium
1766 814 2190 892 Litterarum
2222 830 2409 892 tran·

293 936 590 1029 sumptis
642 936 857 1008 etiam
911 934 1278 1029 impressis
1331 954 1548 1005 manu
1591 943 1832 1005 tamen
1872 934 2165 1031 alicujus
2194 936 2405 1011 Nota·-

293 1052 372 1123 rii
421 1050 678 1147 publici
735 1052 1152 1147 subscriptis
1207 1062 1280 1124 et
1333 1048 1562 1143 sigillo
1598 1048 1896 1145 alicujus
1932 1075 2275 1147 personae
2330 1057 2401 1127 in

295 1170 778 1245 Ecclesiastica
850 1167 1208 1267 Dignitate
1277 1169 1713 1243 constitutae
1788 1170 2079 1243 munitis
2154 1174 2401 1245 eadem

295 1309 574 1382 prorsus
611 1287 784 1361 [ides
821 1290 890 1359 in
926 1288 1186 1384 judicio
1211 1299 1288 1359 et
1314 1298 1516 1357 extra
1555 1283 1721 1356 illud
1752 1284 2191 1373 adhibeatur,
2223 1312 2403 1385 quae

295 1402 552 1475 eisdem
603 1404 1092 1497 praesentibus
1145 1401 1620 1489 adhiberetur,
1678 1402 1738 1473 si
1774 1400 2009 1475 forent
2045 1402 2403 1481 exhibitae

301 1517 404 1589 vel
459 1531 810 1593 ostensae.
1123 1584 1126 1589 .

443 1632 626 1709 Nulli
665 1656 832 1728 ergo
869 1635 1160 1709 omnino
1195 1634 1568 1709 hominum
1601 1636 1817 1709 liceat
1848 1636 2035 1710 hanc
2070 1638 2401 1735 paginam

293 1750 586 1824 Nostrae
655 1750 1114 1825 absolutionis
1154 1804 1174 1838 ,
1242 1752 1757 1848 acceptationis
1781 1806 1803 1839 ,
1826 1756 2398 1850 *exemptioniffi

295 1868 821 1965 praefinitioniS,
877 1871 1288 1956 evectioniS,
1344 1870 1742 1954 erectionis,
1798 1871 2215 1965 largitionis,
2258 1896 2403 1947 as-

293 1987 732 2079 signationiS,
767 1985 970 2082 jussi,
1025 1986 1520 2071 concessionis,
1553 1984 2062 2071 attributionis,
2104 2010 2397 2083 praece-

294 2103 426 2196 pti,
481 2104 756 2190 statuti,
809 2100 1326 2191 declarationis,
1381 2102 1865 2189 subiectionis,
1922 2102 2200 2191 indulti,
2256 2106 2399 2178 ‹ie-

294 2222 494 2305 creti,
547 2220 888 2307 mandati,
943 2222 1416 2317 derogationis
1453 2230 1530 2292 et
1564 2220 1955 2293 voluntatis
1986 2220 2392 2317 infringere,

293 2337 406 2409 vel
466 2338 530 2410 ei
579 2360 756 2411 ausu
809 2338 1182 2411 temerario
1235 2338 1640 2423 contraire3
1693 2337 1915 2433 siquis
1966 2350 2205 2412 autem
2262 2338 2397 2413 hoc

289 2465 642 2528 attentare
675 2456 1234 2551 praesumpserit
1283 2456 1837 2551 indignationem
1873 2450 2401 2551 omnipotentis

293 2569 418 2645 Dei
473 2595 554 2645 ac
605 2572 988 2647 Beatorum
1056 2572 1550 2669 Apostolorum
1613 2572 1771 2669 ejus
1824 2572 2017 2646 Petri
2070 2585 2145 2647 et
2200 2570 2399 2646 Pauli

287 2712 364 2763 se
417 2692 698 2763 noverit
748 2692 1222 2764 incursurum.

445 2805 702 2881 Datum
767 2806 1030 2881 Romae
1083 2809 1267 2904 apud
1320 2808 1394 2882 S.
1451 2807 1745 2882 Petrum
1801 2806 2003 2882 Anno
2056 2808 2396 2881 incarne-

291 2926 504 2999 tionis
557 2924 962 3000 Dominicae
1013 2926 1388 2999 millesimo
1440 2926 2026 3022 octingentesimo
2100 2948 2397 3021 sexage-

289 3044 474 3117 simo
525 3046 780 3140 primo,
837 3043 1086 3141 quinto
1122 3066 1344 3118 nonas
1395 3044 1703 3123 octobris
1738 3042 2195 3119 Pontificatus
2248 3037 2395 3116 No-

285 3162 418 3235 stri
471 3184 656 3235 anno
707 3174 914 3238 sexto
963 3162 1262 3235 decimo.
