3317 5267
2262 405 2356 475 36
2369 404 2410 474 7

294 514 515 589 etiam
538 534 669 613 pro
696 538 867 593 suae
894 512 1251 596 Dioeoesis
1306 517 1645 613 regimine
1679 518 1754 597 in
1784 512 2132 589 vicarium
2171 517 2406 612 ipsum

301 631 744 739 Generalem,
776 636 849 707 in
886 633 1315 711 consiliarios
1342 644 1419 707 et
1444 634 1798 709 adiutores
1821 633 2078 731 eligere
2103 644 2180 707 et
2205 633 2414 707 insti-

302 760 503 825 tuere
528 774 649 828 eos
674 763 1025 849 quotquot
1040 750 1567 827 Ecclesiasticos
1596 751 1806 839 viros,
1843 774 2020 847 quos
2045 752 2134 825 ad
2163 750 2412 846 hujus-

298 868 493 943 modi
520 869 740 945 officia
766 878 1203 965 opportunos
1226 869 1657 965 idoneosque
1679 867 2122 962 judicaverit,
2154 868 2240 941 ad
2252 865 2412 942 Cle-

300 984 587 1059 ricalem
606 997 875 1062 statum
900 986 1301 1072 admittere,
1324 997 1535 1081 atque
1563 986 1738 1061 adeo
1767 1008 1855 1059 ex
1883 983 2288 1082 approbatis
2309 985 2416 1080 ju·

300 1088 427 1173 xta
452 1124 689 1179 sacros
725 1101 1045 1178 Canones
1082 1102 1307 1185 titulis
1334 1126 1457 1177 eos
1486 1104 1770 1199 praevio
1797 1102 2122 1177 examine
2147 1102 2238 1175 ad
2261 1124 2418 1175 ma-

296 1218 485 1315 jores
514 1220 729 1295 etiam
768 1222 1045 1297 ordines
1082 1242 1521 1318 promovere,
1558 1244 1736 1319 quos
1772 1232 1848 1297 et
1881 1228 2234 1317 quotquot
2269 1218 2420 1314 ipse

305 1340 662 1416 censuerit
705 1340 953 1435 dignos
1004 1340 1117 1415 vel
1170 1339 1629 1427 necessarios,
1669 1339 1785 1412 vel
1823 1336 2032 1413 utiles
2081 1336 2180 1411 in·
2217 1337 2422 1410 vinea

302 1452 609 1543 Domini,
662 1478 703 1531 e
738 1467 985 1534 contra
1046 1482 1169 1533 eos
1232 1458 1323 1531 ab
1384 1456 2040 1534 Ecclesiasticorum
2095 1455 2420 1531 ordinum

302 1574 749 1669 susceptione
800 1597 1065 1661 arcere,
1118 1598 1297 1671 quos
1354 1573 1462 1649 vel
1526 1596 1812 1670 prorsus
1881 1569 2252 1659 inhabiles,
2307 1572 2422 1671 vel

303 1688 625 1785 indignos
670 1691 1121 1786 compererit,
1178 1690 1684 1767 testimoniales
1747 1688 1977 1765 lubitu
2042 1712 2172 1763 suo
2229 1674 2440 1763 (του-Σ
2467 1728 2502 1781 ·.

302 1806 487 1881 ferre
512 1832 645 1885 nec
666 1831 809 1885 non
838 1808 1109 1885 litteras
1133 1811 1219 1883 iis
1256 1806 1700 1885 Dioeoesanis
1730 1808 2268 1895 Ecclesiasticis,
2297 1809 2422 1905 qui
2521 1814 2555 1863 ‘-

300 1924 807 2001 rationabiliter
854 1936 1109 2023 optent
1157 1949 1197 1999 e
1250 1927 1537 2023 propria
1591 1923 1914 2001 Dioecesi
1953 1926 2282 2022 migrare,
2337 1934 2421 1999 ut

304 2041 421 2115 vel
472 2042 851 2138 majoribus
900 2044 1155 2121 studiis
1188 2041 1706 2119 Ecclesiasticis
1745 2040 1910 2115 alibi
1949 2052 2214 2115 navent
2247 2064 2424 2137 ope-

302 2182 485 2248 ram,
528 2161 641 2236 vel
690 2164 1225 2239 convenientius
1260 2172 1529 2259 queant
1566 2183 1805 2237 sacros
1841 2162 2194 2257 suscipere
2229 2162 2420 2237 ordi-

306 2300 461 2366 nes,
502 2279 615 2353 vel
640 2290 723 2353 ut
751 2279 1135 2356 valetudini
1162 2278 1463 2353 rebusve
1486 2279 1634 2353 suis
1669 2278 1986 2353 honestis
2011 2278 2414 2365 consulant,

310 2396 420 2469 vel
444 2397 735 2471 demum
758 2408 845 2473 ut
868 2397 1300 2473 domicilium
1326 2420 1535 2472 suum
1568 2398 1706 2473 alio
1735 2395 2192 2483 transferant3
2215 2406 2420 2471 caute

308 2525 549 2589 autem
610 2517 1043 2613 provideque
1107 2516 1615 2591 testimoniales
1681 2515 2084 2589 examinare
2147 2514 2422 2589 litteras

306 2630 741 2721 exterorum,
778 2637 901 2733 qui
938 2635 1025 2710 ad
1062 2658 1267 2710 suam
1306 2635 1637 2710 venerint
1686 2632 2110 2720 Dioecesim,
2150 2634 2271 2707 ubi
2298 2659 2428 2708 cu·-

306 2754 505 2849 piant
534 2752 1111 2832 Ecclesiasticum
1146 2750 1503 2851 quemque
1541 2754 1862 2829 ordinem
1899 2754 2282 2849 suscipere,
2313 2753 2426 2827 vel

306 2871 525 2945 etiam
560 2873 811 2969 agendi
848 2872 1073 2969 gratia
1106 2894 1383 2947 moram
1434 2873 1587 2945 sive
1638 2872 1906 2965 jugem,
1946 2870 2098 2943 sive
2133 2870 2424 2944 brevem

305 2989 611 3077 trahere,
668 2990 955 3085 insuper
986 3012 1235 3065 causas
1269 2986 1831 3063 matrimoniales
1882 2996 2094 3083 atquo
2131 2986 2302 3062 alias
2337 3010 2432 3060 ex

306 3128 665 3181 sacrorum
702 3103 1072 3182 Canonum
1108 3105 1541 3203 praescripto
1577 3106 1666 3178 ad
1699 3104 1968 3199 judices
2003 3103 2434 3178 ecclesiasti-

305 3248 431 3297 cos
489 3224 929 3319 pertinentes
994 3224 1067 3297 in
1138 3246 1271 3298 suo
1330 3221 1485 3298 foro
1538 3243 1986 3318 cognoscere,
2041 3221 2270 3317 deque
2344 3222 2430 3293 iis

308 3338 493 3419 ferre
542 3342 999 3415 sententiam.
1056 3340 1431 3416 Praeterea
1480 3362 1645 3415 cum
1709 3363 1840 3414 suo
1892 3336 2096 3413 Clero
2147 3350 2226 3413 et
2284 3363 2434 3436 po-

310 3458 479 3555 pulo
533 3454 961 3535 Dioeeesano
1012 3458 1100 3533 ad
1152 3458 1523 3556 pastoralis
1562 3457 1770 3533 officii
1803 3480 2066 3533 munus
2097 3460 2234 3533 rite
2259 3458 2434 3533 ohe-

312 3577 581 3652 undum
632 3578 1179 3665 communicare,
1235 3588 1449 3675 atque
1518 3577 1591 3651 in
1626 3575 1698 3651 id
1734 3599 1898 3651 suas
1935 3577 2434 3652 instructiones

317 3696 933 3793 ordinationesque
984 3695 1368 3792 publicare,
1408 3718 1489 3769 ac
1524 3696 2098 3770 communionem
2152 3714 2316 3769 oum
2355 3691 2432 3765 S.

314 3811 717 3908 Apostolica
754 3812 934 3887 Sede
988 3834 1273 3909 prorsus
1306 3810 1605 3885 liberam
1638 3809 1776 3885 sihi
1815 3834 2084 3907 suoque
2120 3807 2324 3884 Clero
2362 3819 2440 3881 et

312 3930 577 4029 populo
626 3928 959 4005 adhibere
1012 3940 1229 4028 atque
1272 3929 1478 4006 tueri.

470 4046 605 4123 Cui
652 4048 943 4145 quidem
998 4046 1503 4125 Gonaivesensi
1582 4048 1657 4119 in
1737 4055 2058 4143 tempore
2119 4043 2440 4121 Antistiti

314 4166 467 4263 pari
523 4166 919 4263 Apostolica
973 4168 1391 4243 auctoritate
1440 4166 1802 4263 largimur,
1845 4180 1926 4241 ut
1963 4166 2022 4241 is
2059 4165 2334 4243 fruatur
2361 4178 2438 4241 et

1753 4285 1872 4353 ’24
