3317 5267
809 398 1206 585 {gnosiae
1261 502 1665 581 Cardinales
1718 504 1938 581 etiam
1972 504 2061 579 de
2111 503 2333 577 latere
2381 495 2709 601 legatos,
2764 504 2927 583 vice

809 626 1116 723 Legatos
1161 635 1237 699 et
1291 621 1735 719 Apostolicae
1786 622 1977 697 sedis·
2022 621 2329 697 Nuncios
2362 644 2447 697 ac
2491 621 2663 698 alios
2685 645 2921 720 ,quos-

809 764 1124 839 cumque
1167 741 1418 839 quavis
1469 738 1891 814 auctoritate
1944 750 2299 835 potestate
2361 741 2852 837 praerogativa
2886 794 2921 827 ,

811 860 1210 960 privilegio,
1242 860 1506 935 honore
1535 868 1610 932 et
1643 858 2197 955 praeeminentia
2236 856 2611 955 fulgentes,
2639 858 2915 933 sublata

807 981 909 1053 eis
936 988 1012 1052 et
1047 998 1292 1053 eorum
1319 976 1610 1052 cuilibet
1641 975 1893 1073 quavis
1930 974 2135 1049 ali-ter
2163 973 2517 1070 judicandi
2568 987 2645 1049 et
2696 976 2919 1050 inter·-

809 1096 1132 1193 pretandi
1187 1094 1516 1169 facultate
1569 1108 1642 1168 et
1700 1092 2120 1169 auctoritate
2173 1092 2467 1187 judicari
2522 1104 2595 1167 et
2644 1092 2916 1167 definiri

809 1212 1092 1301 debere,
1135 1224 1210 1285 et
1239 1212 1578 1310 quidquid
1629 1234 1834 1285 secus
1875 1234 2089 1307 super
2114 1210 2225 1283 his
2260 1232 2687 1307 aquoquam
2740 1234 2919 1309 qua-

810 1331 918 1404 vis
954 1330 1370 1405 auctoritate
1405 1331 1713 1405 scienter
1749 1328 1861 1403 vel
1914 1330 2319 1424 ignoranter
2376 1328 2749 1425 contigerit
2802 1340 2921 1401 at-

809 1447 1072 1519 tentari
1127 1446 1404 1519 irritum
1458 1457 1534 1520 et
1585 1447 1791 1519 inane
1852 1444 2320 1519 decernimus.

963 1560 1120 1652 Quo
1169 1564 1356 1637 circa
1405 1562 1683 1638 Dilecto
1729 1562 1907 1638 Filio
1956 1560 2267 1636 Praesuli
2302 1560 2600 1636 Martiali
2650 1555 2919 1635 Mariae·

813 1677 1114 1752 Testard
1187 1678 1278 1753 de
1331 1676 1646 1776 Cesquer
1715 1678 2155 1775 Apostolicae
2217 1679 2417 1753 Sedis
2496 1677 2927 1753 Protonota-

807 1794 918 1868 rio
942 1844 964 1882 ,
1019 1807 1097 1867 et
1151 1796 1339 1891 apud
1399 1795 1763 1869 laudatum
1816 1794 2257 1869 Gubernium
2332 1792 2675 1869 Haitanae
2750 1794 2923 1868 Rei-

808 1908 1128 2006 publicae
1191 1912 1277 1985 ad
1342 1912 1627 1985 interim
1684 1912 2021 2011 Delegato
2077 1910 2477 2008 Apostolico
2538 1934 2666 2007 per
2726 1912 2925 2008 ipsas

807 2040 1215 2125 praesentes
1269 2032 1789 2108 committimus
1824 2043 1902 2105 et
1936 2032 2385 2117 mandamuS,
2440 2041 2794 2127 quatenus
2830 2031 2923 2105 ad

809 2151 1360 2246 exequutionem
1406 2152 1955 2247 praemissorum
2008 2152 2328 2225 omnium
2384 2150 2745 2246 procedat,
2786 2174 2919 2247 op·

806 2276 1145 2359 portunas
1198 2280 1272 2341 et
1335 2271 1771 2343 necessarias
1846 2270 1911 2343 ei
1992 2268 2463 2365 impertiendo
2516 2264 2913 2357 facultates,

808 2380 1066 2476 quibus
1117 2383 1176 2455 is
1229 2384 1317 2458 ad
1371 2386 1438 2458 id
1493 2388 1755 2482 negotii
1836 2386 2133 2461 alteram
2197 2386 2525 2461 idoneam
2588 2384 2925 2481 probam-

807 2520 946 2593 que
993 2520 1372 2595 personam
1423 2504 1499 2575 in
1546 2502 2041 2577 Ecclesiastica
2082 2515 2317 2576 tamen
2352 2503 2697 2598 dignitate
2749 2526 2927 2577 con-

812 2617 1136 2689 stitutam
1175 2618 1630 2717 subdelegare
1669 2620 1929 2707 valeat,
1969 2620 2067 2693 ita
2106 2632 2349 2695 tamen
2382 2631 2466 2693 ut
2494 2619 2679 2693 idem
2706 2616 2925 2693 Prae-

805 2733 914 2806 sul
966 2732 1308 2810 Martialis
1345 2736 1590 2823 Maria,
1628 2737 1739 2810 vel
1774 2738 1927 2834 ejus
1988 2736 2484 2833 subdelegatus
2534 2760 2623 2810 ea
2666 2746 2919 2809 cuncta

806 2850 1034 2946 possit
1085 2864 1160 2927 et
1211 2865 1488 2950 satagat
1537 2854 1918 2941 declarare,
1957 2876 2203 2929 curare
2254 2865 2471 2951 atque
2524 2854 2745 2926 etiam
2788 2852 2920 2925 de-

803 2968 1078 3045 finitive
1105 3022 1133 3060 ,
1184 2975 1379 3047 omni
1434 2973 1905 3069 appellatione
1980 2996 2195 3069 super
2270 2994 2719 3070 quacumque
2764 2971 2925 3045 ani-

805 3088 1297 3164 madversione
1333 3090 1863 3188 quomodolibet
1899 3088 2133 3165 forsan
2168 3090 2435 3164 oritura
2485 3090 2771 3187 penitus
2806 3112 2923 3163 re-

807 3218 1030 3297 mota,
1069 3210 1458 3283 decernere·
1483 3233 1667 3307 quae
1720 3222 2047 3306 oportere
2096 3219 2521 3283 censeantur
2570 3210 2658 3283 ad
2712 3230 2927 3306 prae-

805 3324 1028 3397 missa
1081 3328 1320 3399 omnia
1372 3326 1590 3422 probe
1645 3325 2083 3423 feliciterque
2128 3324 2577 3421 perficienda.

921 3440 1078 3517 Non
1105 3443 1550 3520 obstantibus
1579 3444 1851 3519 Nostris
1877 3456 1953 3517 et
1976 3442 2445 3519 Cancellariae
2476 3440 2923 3541 Apostolieae

799 3558 1086 3655 regulis,
1101 3562 1314 3633 etiam
1344 3564 1578 3658 quoad
1605 3563 1869 3659 gratias
1886 3586 2027 3637 non
2050 3563 2531 3637 concedendas
2556 3562 2645 3635 ad
2672 3560 2917 3651 instar,

797 3699 882 3751 ae
919 3676 1286 3775 quibusvis
1321 3680 1538 3752 etiarn
1575 3681 1648 3752 in
1691 3678 2164 3777 synodalibus,
2194 3679 2767 3775 provincialibus,
2796 3702 2924 3777 ge—

571 3853 580 3859 .
703 3862 708 3867 .
797 3797 1150 3871 nei-alibus
1193 3796 1843 3894 universalibusque
1878 3794 2209 3877 Conciilis
2230 3800 2441 3873 editis
2466 3798 2581 3873 vel
2604 3798 2921 3885 edendis,

797 3914 1220 4012 specialibus
1273 3914 1384 3989 vel
1438 3914 1880 4011 generalibus
1930 3915 2551 3991 constitutionibus
2602 3928 2678 3989 et
2734 3916 2924 3989 ordi-

789 4031 1197 4107 nationibus
1251 4031 1699 4129 Apostolicis,
1754 4030 2147 4128 privilegiis
2182 4056 2463 4130 quoque
2500 4032 2793 4106 indultis
2846 4042 2923 4105 et

793 4144 1082 4223 Litteris
1138 4148 1560 4247 Apostolicis
1617 4147 1985 4244 quibusvis
2022 4148 2499 4245 superioribus
2552 4160 2627 4221 et
2677 4170 2929 4243 perso-

793 4264 906 4337 nis
957 4266 1029 4339 in
1081 4290 1336 4361 genere
1365 4267 1475 4343 vel
1512 4268 1582 4340 in
1620 4267 1883 4362 specie,
1912 4267 2128 4341 etiam
2166 4266 2299 4340 sub
2349 4266 2915 4363 quibuscumque
