3317 5267
2313 418 2462 491 365

342 530 751 631 Despalincs
785 572 839 586 —-
877 554 959 605 ac
1010 532 1109 607 ita
1159 554 1483 629 quaeque
1516 532 1788 607 consita
1826 532 2080 627 oppida
2116 554 2280 605 cum
2315 535 2464 607 suis

342 654 680 731 omnibus
714 663 789 727 et
822 652 1117 749 singulis
1150 652 1522 749 utriusque
1558 676 1772 725 sexus
1811 652 2080 739 incolis,
2136 674 2267 725 nec
2320 676 2463 726 non

346 770 642 845 adnexis
694 770 931 855 terris,
985 766 1347 855 Ecclesiis,
1403 769 1757 854 oratoriiS,
1787 770 1920 863 piis
1957 770 2470 865 cujuscumque

328 892 617 989 generis
671 888 1048 976 institutis,
1102 888 1334 976 bonis,
1384 890 1687 985 juribus,
1771 899 1845 961 ct
1895 889 2468 986 quibuscumque

340 1009 597 1083 ceteris
648 1007 738 1081 de
798 1028 997 1081 more
1062 1006 1594 1081 inhaerentibus
1655 1006 2063 1079 accessoriis
2125 1030 2166 1078 a
2215 1006 2464 1102 quavis

340 1124 639 1223 pristina
666 1123 1190 1221 superioritate,
1216 1124 1728 1219 jurisdictione,
1761 1124 2100 1219 regimine
2135 1136 2210 1197 et
2235 1124 2468 1199 admi-

344 1242 765 1315 nistratione
816 1238 1313 1315 Ecclesiastica
1366 1252 1712 1339 perpetuo
1767 1240 2170 1337 Apostolica
2221 1254 2469 1315 aucto-

345 1363 557 1435 ritate
610 1360 991 1433 eximimus
1040 1362 1473 1458 penitusque
1524 1360 1930 1435 liberamus.

494 1477 881 1574 ipsumque
934 1477 1275 1553 circulum
1327 1500 1585 1573 nempe
1639 1500 1804 1551 cum
1843 1475 2174 1551 omnibus
2211 1488 2286 1549 et
2321 1477 2470 1548 sin-

344 1598 525 1694 gulis
550 1618 763 1693 supra
790 1598 1203 1671 memoratis
1231 1596 1507 1694 oppidis
1534 1622 1662 1671 seu
1689 1596 2039 1671 Paroeciis
2075 1618 2464 1695 eorumque

344 1713 873 1789 inhaerentibus
926 1728 1143 1812 atque
1193 1727 1275 1789 ut
1360 1717 1578 1791 moris
1656 1728 1770 1790 est
1831 1715 2472 1790 concomitantibus

344 1833 779 1919 accessoriis,
812 1832 1137 1920 realibus,
1169 1834 1653 1930 personalibus
1681 1846 1755 1908 et
1794 1835 2039 1907 mixtis
2077 1860 2116 1908 e
2173 1836 2467 1932 vestigio

344 1952 421 2023 in
472 1951 829 2047 propriam
883 1964 957 2023 et
1006 1952 1413 2025 distinctam
1468 1951 1750 2026 noviter
1803 1954 2112 2049 erigendi
2166 1952 2462 2048 Episco-

342 2078 555 2165 patus
608 2066 1147 2145 Gonaivesensis
1203 2067 1602 2143 Dioecesim
1656 2070 1868 2142 simili
1909 2068 2304 2167 Apostolica
2335 2096 2465 2145 au-

342 2186 671 2259 ctoritate
725 2184 945 2258 etiam
1002 2199 1348 2281 perpetuo
1385 2185 1868 2281 praefinimus,
1909 2189 2330 2261 reservando
2367 2200 2470 2261 ta-

300 2289 511 2377 'men
564 2301 783 2379 Nobis
834 2316 1261 2400 sanctaeque
1318 2304 1764 2399 Apostolicae
1801 2304 2004 2379 Sedis
2064 2306 2461 2403 praedictae

344 2421 639 2495 liberam
674 2420 1093 2495 facultatem
1132 2420 1533 2498 Dioecesim
1573 2424 1829 2519 ipsam,
1863 2425 1920 2497 si
1949 2438 2024 2497 et
2059 2429 2340 2523 quando
2393 2426 2461 2498 id

340 2540 673 2635 expedire
710 2551 787 2612 et
820 2550 1146 2635 oportere
1200 2539 1617 2625 innotuerit,
1649 2539 2094 2637 aliquatenus
2121 2543 2469 2617 dismem-

346 2656 619 2745 brandi‚
658 2680 739 2731 ac
778 2658 1246 2753 impertiendo
1298 2658 1678 2731 dumtaxat
1727 2658 1966 2735 futuro
2003 2672 2078 2733 et
2114 2685 2241 2756 pro
2279 2674 2469 2733 tem-

346 2797 516 2871 pore
566 2774 903 2847 existenti
934 2772 1251 2847 Antistiti
1282 2772 1790 2847 Gonaivesensi
1845 2774 2284 2863 facultatem,
2325 2799 2466 2873 qua

348 2893 409 2966 si
458 2893 787 2988 deinceps
839 2903 1075 2965 ratum
1127 2890 1340 2965 fuerit
1391 2905 1746 2987 oportere,
1789 2904 1871 2966 ut
1919 2893 2075 2988 ejus
2127 2895 2466 2986 dioecesis

350 3006 725 3083 Paroeeiae
752 3031 879 3103 pro
906 3008 1157 3103 majori
1192 3008 1589 3080 animarum
1626 3009 2000 3082 commodo
2029 3010 2470 3103 aliquatenus

351 3123 937 3199 convicinioribus
985 3123 1239 3197 tinibus
1291 3134 1651 3219 aptentur,
1695 3123 1804 3197 vel
1843 3125 2058 3197 etiam
2097 3125 2271 3198 aliae
2311 3126 2470 3199 inde

348 3262 573 3315 novae
625 3240 1087 3313 instituantur
1124 3238 1523 3322 Paroeciae,
1555 3250 1725 3313 tunc
1762 3263 1972 3335 porro
2010 3241 2290 3335 negotia
2338 3241 2474 3315 hu-

342 3358 679 3456 jusmodi,
710 3356 1045 3432 adhibitis
1082 3380 1247 3431 cum
1284 3353 1642 3432 Gubernio
1677 3355 1980 3431 Haitano
2015 3358 2349 3444 consiliiS,
2382 3360 2468 3433 ad

348 3498 433 3551 ea
485 3476 729 3563 etiam,
780 3475 1036 3572 quibus
1089 3476 1423 3550 canonice
1476 3500 1655 3572 opus
1707 3488 1820 3549 est
1870 3499 1996 3571 pro
2051 3499 2470 3574 unaquaque

350 3592 735 3668 Parochiali
808 3592 1145 3699 Ecclesia.
1194 3606 1268 3668 et
1336 3595 1663 3691 congruis
1736 3593 2157 3690 praebendis
2229 3618 2474 3669 eorum

356 3712 776 3790 Rectoribus
830 3726 905 3787 et
954 3711 1431 3791 Parochorum
1474 3712 1765 3788 Vicariis
1801 3713 2322 3789 coadiutoribus
2358 3738 2476 3788 as-

350 3836 736 3933 signandis,
780 3834 996 3931 probe
1036 3847 1493 3932 pertractare,
1548 3850 1764 3934 atque
1803 3837 1986 3909 intra
2021 3837 2472 3911 dioecesanos

350 3954 615 4029 limites
665 3953 1046 4051 praeficere
1100 3954 1331 4029 valeat
1383 3968 1457 4029 et
1498 3968 1800 4051 satagat.

507 4071 605 4147 Et
628 4074 961 4171 quoniam
1014 4074 1317 4149 civicum
1354 4074 1692 4170 oppidum
1735 4074 1922 4172 quod
1964 4074 2314 4151 Gonaives
2347 4098 2476 4172 ap·
2509 4090 2519 4100 ·

348 4188 655 4285 pellatur
691 4242 711 4277 ,
794 4214 961 4286 prae
1024 4190 1277 4265 ceteris
1335 4190 1743 4286 perhibetur
1815 4194 2202 4288 potioribus
2265 4216 2474 4291 prae-
