3317 5267
869 402 1016 480 352

873 539 1050 615 grua
1105 515 1322 588 etiam
1387 511 1823 610 supellectile
1884 513 2303 599 instructae,
2359 523 2535 609 quot
2585 522 3018 585 censeantur

871 650 1027 711 tum
1079 656 1208 731 pro
1245 630 1574 728 Episcopi
1613 630 1993 704 residentia
2030 629 2323 726 ejusque
2364 627 2619 703 Vicat-ii
2656 629 3013 725 generalis

875 752 1344 840 habitatione,
1403 764 1554 825 tum
1609 774 1737 849 pro
1791 748 2003 823 Curia
2054 759 2131 823 et
2154 746 2586 822 Cancellaria
2638 748 3017 823 Ecclesia—

873 874 1055 947 stica
1089 880 1444 967 oportere,
1485 868 2065 943 commendantes
2106 878 2189 939 ut
2222 866 2640 964 Episcopale
2676 888 3015 962 praeser-

881 989 1012 1069 tim
1067 987 1416 1062 Palatium
1471 984 1872 1061 Cathedrali
1926 984 2285 1059 Ecclesiae
2321 985 2725 1079 proximum
2766 984 2888 1069 sit,
2926 1008 3013 1057 ac

877 1117 1304 1194 statuentes,
1360 1106 1548 1203 quod
1601 1104 1665 1178 si
1718 1104 1928 1178 aedes
1982 1103 2177 1198 ipsae
2240 1112 2599 1197 nequeant
2634 1099 2851 1187 illico,
2906 1104 3012 1175 uti

876 1224 1297 1321 praefertur,
1331 1224 1648 1310 attribui,
1686 1245 1769 1296 ac
1804 1224 1873 1297 in
1884 1222 2089 1295 terim
2120 1232 2445 1317 oporteat
2478 1220 2631 1293 illas
2657 1222 2731 1293 in
2756 1243 3011 1316 praee-

879 1343 1276 1430 nunciatoS,
1340 1364 1512 1415 usus
1571 1340 1947 1437 aliquando
2006 1337 2303 1413 conduci
2364 1338 2683 1432 ejusdem
2736 1338 3012 1411 condu-

880 1460 1136 1535 ctionis
1187 1460 1496 1555 pretium
1534 1458 1624 1531 ab
1649 1458 1901 1536 eodem
1938 1456 2298 1532 Gubernio
2336 1457 2623 1552 penitus
2672 1457 2807 1530 erit
2841 1478 3013 1551 pcr-

881 1578 1322 1655 solvendum.

1035 1692 1370 1768 Ceterum
1405 1716 1568 1767 cum
1609 1705 1893 1789 praesto
1922 1693 2219 1767 minime
2270 1694 2417 1767 sint
2452 1691 2745 1767 stabiles
2779 1692 3009 1781 fundi,

881 1834 972 1883 ex
1032 1836 1334 1909 quorum
1395 1810 1784 1886 redditibus
1837 1809 2095 1887 Portus
2150 1810 2353 1885 Pacis
2408 1808 2729 1885 Antistes
2780 1810 3016 1887 valeat

873 1941 960 2032 ct
1007 1927 1262 2003 debeat
1313 1952 1517 2003 suam
1569 1928 1903 2003 decenter
1956 1928 2141 2002 tueri
2193 1928 2617 2023 dignitatem
2670 1941 2747 2003 et
2798 1930 3013 2003 satis-

893 2042 1122 2119 facere
1179 2056 1286 2119 tot
1337 2045 1711 2143 impendiis
1764 2045 1850 2118 ad
1906 2044 2231 2139 ejusdem
2270 2043 2741 2139 Episcopatus
2778 2044 3011 2117 admi-

883 2164 1376 2239 nistrationem
1455 2164 1874 2237 necessariis
1904 2216 1925 2251 ,
1982 2176 2268 2260 praeter
2338 2175 2575 2257 cetera
2638 2184 2823 2257 quae
2878 2185 3011 2258 pro

888 2279 1142 2355 Vicarii
1195 2278 1554 2357 Generalis
1605 2280 1985 2355 honorario
2039 2304 2121 2355 ac
2174 2281 2759 2354 administrorum
2826 2278 3009 2353 illius

885 2402 1118 2477 curiae
1170 2413 1247 2475 et
1296 2402 1751 2477 cancellariae
1802 2404 2173 2498 stipendiis
2226 2424 2537 2499 congrue
2592 2401 2682 2475 ab
2710 2399 3014 2477 Haitano

889 2516 1244 2595 Gubernio
1271 2534 1440 2595 sunt
1473 2522 1835 2608 obeunda;
1872 2522 2035 2595 hinc
2072 2522 2242 2607 Nos,
2280 2521 2527 2596 habita
2552 2522 3010 2621 peculiarium

887 2638 1576 2713 circumstantiarum
1629 2639 1933 2735 benigna
1984 2643 2258 2716 ratione
2289 2694 2310 2729 ,
2365 2642 2555 2717 dicta
2614 2642 3015 2739 Apostolica

889 2760 1307 2834 auctoritate
1335 2759 1819 2855 indulgemus,
1846 2770 1929 2833 ut
1965 2783 2093 2856 pro
2126 2784 2436 2857 congrua
2471 2762 2689 2857 hujus
2718 2760 3019 2857 Episco-

889 2886 1098 2973 patus
1147 2900 1390 2951 mensa
1449 2898 1683 2949 annua
1746 2878 2225 2950 constituatur
2296 2900 2575 2951 summa
2647 2878 3017 2953 duodecim

891 2994 1194 3069 millium
1227 2992 1628 3068 francorum
1664 3004 2002 3069 monetae
2042 2994 2319 3069 illarum
2348 2996 2684 3093 partium,
2724 3018 2907 3093 quae
2944 2996 3017 3068 in

890 3111 1094 3187 binas
1147 3134 1408 3211 aequas
1461 3109 1876 3200 solutiones,
1934 3112 2232 3185 alteram
2271 3114 2599 3189 videlicet
2633 3114 2747 3188 die
2784 3115 3017 3209 prima

891 3233 1160 3307 mensis
1185 3230 1518 3317 Ianuarii,
1547 3230 1841 3305 alteram
1880 3242 2125 3307 autem
2168 3234 2283 3308 die
2320 3236 2547 3330 prima
2583 3234 2737 3308 lulii
2772 3234 3017 3330 cujus-

891 3350 1066 3423 libet
1115 3348 1281 3423 anni
1335 3371 1376 3422 e
1427 3347 1709 3445 publico
1757 3346 2039 3423 Haitani
2092 3348 2427 3426 Gubernii
2488 3352 2757 3427 aerario
2810 3374 3025 3425 accu-

896 3477 1051 3541 rate
1102 3466 1556 3563 rependatur,
1593 3465 1821 3540 donec
1872 3478 1983 3539 tot
2032 3466 2218 3541 bona
2262 3468 2543 3541 stabilia
2599 3492 2741 3542 non
2785 3468 3025 3543 mino-

896 3608 1048 3661 rem
1073 3584 1385 3681 nullique
1411 3584 1815 3661 deductioni
1844 3583 2231 3659 obnoxium
2256 3586 2611 3660 redditum
2640 3588 3025 3683 quotannis

897 3703 1218 3781 adlatura
1269 3700 1499 3775 eidem
1554 3722 1845 3775 mensae
1895 3701 2105 3797 pleno
2142 3712 2217 3775 et
2249 3700 2468 3777 libero
2504 3725 2669 3777 cum
2706 3702 3023 3777 dominio

891 3822 1192 3899 suffecta
1239 3820 1526 3896 fuerint.

1049 3938 1158 4017 Ad
1209 3938 1612 4037 Capitulum
1666 3936 2083 4015 Cathedrale
2121 3963 2291 4017 vero
2326 3940 2515 4039 quod
2552 3940 2839 4025 attinet,
2878 3936 3022 4013 Nos

891 4056 1138 4135 hahita
1187 4058 1460 4136 ratione
1512 4058 1851 4155 penuriae
1902 4081 2085 4155 quae
2138 4058 2275 4133 illic
2310 4060 2497 4133 inest
2557 4056 3024 4153 Presbytero-

893 4204 1083 4273 rum,
1103 4180 1376 4256 interea
1403 4177 1799 4277 Apostolica
1828 4179 2253 4257 auctoritate
2279 4178 2637 4274 praedicta
2656 4172 3019 4271 jubemus,
