3317 5267
2231 430 2378 503 443

251 551 515 623 scimus
566 547 645 619 in
700 544 823 619 illo
868 568 1003 643 per
1054 544 1297 619 omnia
1330 597 1351 632 ,
1406 547 1531 645 qui
1584 560 1682 619 est
1744 544 1973 647 Caput
2031 544 2386 632 Christus,

274 691 367 741 ex
418 688 555 765 quo
610 677 831 737 totum
882 686 1139 760 corpus
1188 675 1627 760 compactum
1683 679 1749 735 et
1799 686 2199 737 connexum
2251 688 2390 737 au-

256 798 621 881 9mentum
675 781 845 878 facit
900 780 981 851 in
1034 779 1629 877 aedificationem.
1666 778 2042 855 Doctrinae
2067 783 2398 869 demum,-

256 924 398 998 qua
448 902 800 975 retinetur
850 898 1011 973 fidei
1065 898 1467 992 depositum
1524 898 1872 972 illibatum
1905 950 1926 985 ,
1983 922 2120 997 qua
2199 898 2390 973 velut

258 1018 555 1093 Domini
609 1017 767 1091 luce
814 1016 1113 1115 perfusa
1159 1040 1294 1115 per
1370 1015 1607 1089 orbem
1661 1028 1882 1088 totum
1938 1016 2176 1090 radios
2227 1041 2392 1092 suos

253 1136 561 1237 por-riqiz
615 1132 969 1235 Ecclesia.
1028 1136 1305 1207 Scimus
1330 1134 1575 1231 utique
1614 1134 2036 1209 tristissimis
2061 1134 2204 1209 Nos
2232 1160 2396 1209 ver-

262 1257 399 1328 sari
457 1254 929 1350 temporibus,
988 1267 1063 1327 et
1116 1250 1313 1325 Petri
1376 1252 1631 1325 Sedem
1711 1253 2080 1349 potissime
2157 1254 2398 1350 impu-

263 1373 487 1471 gnari.
546 1372 683 1446 Sed
740 1373 889 1469 ipsa
943 1381 1143 1444 tanta
1196 1382 1309 1445 est
1346 1371 1684 1445 divinitus
1712 1372 2066 1445 soliditate
2092 1372 2394 1459 munita,

267 1502 343 1561 ut
380 1512 533 1563 eam
574 1512 801 1589 neque
829 1489 1185 1561 haeretica
1212 1510 1533 1588 unquam
1557 1470 2392 1587 corrumpere'pravitas,

263 1630 392 1681 nec
463 1629 750 1704 paqana
822 1604 1135 1703 poluerit
1189 1628 1535 1703 superare
1578 1604 1916 1703 perfidia.
1999 1606 2113 1680 Sic
2167 1606 2398 1679 incre-

264 1724 467 1799 dulae
544 1726 931 1820 impietatis
1010 1748 1225 1799 ausus
1278 1724 1443 1797 huie
1519 1725 1732 1820 lapidi
1810 1724 2208 1821 impingent
2245 1777 2267 1810 ,
2317 1733 2392 1797 et

260 1854 629 1940 tamquam
680 1843 958 1915 somnia
986 1857 1051 1914 et
1085 1841 1371 1940 fabulae
1402 1841 1663 1915 abolita
1699 1856 1764 1915 et
1799 1845 2174 1942 antiquata
2223 1862 2394 1914 eva-

261 1972 571 2032 nescent.
628 1957 817 2033 Haec
867 1960 1143 2033 discant
1194 1982 1232 2032 a
1289 1960 1488 2034 vobis
1569 1960 1642 2032 in
1721 1960 2042 2056 regiones
2115 1968 2388 2032 vestras

262 2078 565 2151 reversis
616 2078 855 2153 fideles
908 2079 1311 2176 vigilantiae
1370 2090 1643 2152 vestrae
1697 2078 2104 2164 concrediti,
2144 2088 2219 2151 et
2251 2098 2390 2151 ca*

268 2194 529 2271 tholico
579 2197 833 2291 spiritu
870 2220 1096 2293 usque
1132 2197 1359 2291 magis
1402 2194 1837 2281 imbuantur,
1875 2216 2088 2291 quem
2115 2194 2204 2268 de
2233 2194 2390 2289 ipso

264 2310 463 2387 fonte
514 2314 805 2387 unitatis
860 2338 985 2388 vos
1038 2313 1311 2409 plenius
1366 2314 1750 2387 hausistis:
1809 2314 2036 2386 sciant
2106 2313 2294 2387 rivos
2345 2334 2392 2383 a

266 2428 459 2527 fonte
503 2429 863 2528 praecisos
915 2452 1237 2504 arescere
1272 2460 1297 2521 ς,
1352 2429 1583 2503 sciant
1634 2451 1758 2502 eos
1809 2430 2123 2503 coronari
2165 2481 2186 2516 ,
2268 2430 2392 2525 qui

268 2548 583 2646 legitime
633 2549 1116 2637 certaverint3
1171 2548 1399 2622 sciant
1448 2544 1806 2621 Ecclesiae
1842 2547 2192 2621 unitatem
2243 2547 2392 2645 fir—

266 2669 482 2743 miter
532 2682 775 2742 tenere
825 2692 1091 2756 omneS,
1148 2682 1213 2741 et
1268 2666 1637 2741 vindicare
1689 2679 2040 2763 oportere.
2081 2666 2190 2740 lta
2227 2666 2397 2739 ani—

268 2810 389 2862 mo
442 2788 829 2884 comparati
882 2800 957 2861 et
1030 2786 1407 2862 Pastorum
1488 2798 1886 2861 vestrorum
1950 2785 2388 2859 aemulantes

270 2905 623 3001 exempla,
679 2929 808 3001 pro
858 2914 1053 2979 certo
1104 2903 1391 2991 habete,
1446 2900 1676 2976 Deum
1727 2902 2096 2997 Optimum
2169 2900 2398 2975 Maxi-

277 3009 481 3095 m'u'm
510 3023 647 3096 hoe
672 3022 965 3095 unitatis
998 3020 1351 3095 ,vinculum
1381 3019 1870 3093 benedictione
1907 3018 2190 3093 caelesti
2229 3040 2401 3092 eon-

272 3142 773 3230 firmaturum3
853 3142 1052 3216 cuius
1104 3140 1405 3217 solidum
1459 3142 1714 3236 pignus
1767 3152 1920 3215 esto
2003 3137 2402 3234 Apostoliea

280 3258 685 3335 Benedictio
722 3258 1003 3345 Nostra,
1043 3282 1257 3355 quam
1314 3258 1513 3331 vobis
1548 3256 1878 3331 omnibus
1915 3254 2402 3329 amantissime

275 3375 727 3471 impertimur
766 3400 791 3464 3
847 3400 975 3451 nec
1032 3375 1229 3450 vobis
1282 3375 1519 3460 mode,
1558 3375 1682 3447 sed
1737 3384 1812 3445 et
1863 3370 2180 3445 fidelibus
2237 3372 2406 3467 vigi-

278 3492 539 3567 lantiae
596 3508 869 3567 vestrae
924 3492 1349 3578 commissis,
1406 3490 1662 3587 quibus
1715 3490 1892 3563 hanc
1929 3489 2402 3585 praesentiam

279 3622 593 3683 vestram
648 3610 835 3706 apud
890 3607 1032 3683 Nos
1084 3608 1485 3704 spirituales
1534 3606 1806 3680 fructus
1843 3605 2212 3679 allaturam
2251 3626 2406 3700 spe-

276 3750 543 3802 ramus.
586 3727 834 3823 ltaque
891 3727 1175 3800 veniam
1228 3726 1531 3800 libenter
1582 3724 1962 3797 tribuimus
1991 3774 2012 3810 ,
2067 3732 2151 3795 ut
2199 3722 2312 3796 die
2365 3744 2408 3795 a

282 3845 565 3940 proprio
616 3844 955 3939 cuiusque
1006 3856 1323 3917 vestrum
1380 3841 1732 3937 Episcopo
1785 3839 2212 3936 designanda
2239 3837 2402 3933 qui-

277 3986 583 4061 cumque
634 3987 725 4037 ex
778 3964 1033 4037 vestris
1110 3960 1513 4057 regionibus
1566 3957 1864 4057 profecti
1942 3957 2058 4031 hic
2134 3956 2400 4031 adestis

284 4085 761 4182 Apostolicam
812 4085 1385 4159 Benedictionem
1436 4106 1599 4156 cum
1638 4080 2104 4177 applicatione
2144 4074 2400 4153 Plena-

280 4205 427 4283 riae
480 4203 960 4303 Indulgentiae
1015 4202 1369 4278 Fidelibus
1421 4198 1766 4301 spirituali
1831 4210 2115 4274 vestrae
2194 4220 2404 4275 curae
