3317 5267
978 556 1226 648 PIUS
1289 549 1893 645 EPISCOPUS
2368 445 2513 515 32⁵

1099 922 1314 971 SBBVUS
1353 922 1658 969 suvonnu
1698 921 1797 967 DE!

985 1178 1058 1223 ΔΙ)
1099 1174 1430 1223 rnatu!
1471 1175 1560 1221 1181
1603 1172 1911 1221 utimum

394 1420 854 1583 Catholicae
891 1508 1258 1583 Romanae
1283 1504 1641 1581 Ecclesiae
1668 1503 2033 1583 custodia
2090 1502 2513 1599 divinaeque

388 1625 752 1699 doctrinae
805 1626 1230 1721 integritatis
1283 1646 1414 1719 pro
1451 1618 1885 1697 ‘commissae
1934 1619 2155 1699 Nobis
2210 1620 2511 1700 caelitus

396 1742 840 1838 Apostolicae
893 1743 1264 1817 servitutis
1301 1762 1594 1815 munere
1631 1739 1853 1825 anxii,
1882 1760 1963 1813 ac
2002 1738 2191 1813 inter
2228 1750 2339 1813 tot
2370 1750 2517 1817 tan·

389 1874 670 1957 tasque,
709 1859 964 1957 quibus
991 1859 1306 1935 Ecclesia
1331 1858 1484 1955 ipsa
1513 1858 1648 1931 hoc
1682 1854 2303 1935 turbulentissimo
2328 1866 2517 1933 tem-

393 2000 562 2073 pore
619 1977 1076 2074 undequaque
1131 1974 1477 2072 premitur
1509 2026 1532 2060 ‚
1589 1973 1967 2069 angustias
1998 2023 2021 2058 ‚
2076 1972 2513 2067 gravissimis

389 2102 816 2194 pracsertim
871 2100 1130 2197 quibus
1183 2098 1422 2174 Nostri
1477 2108 1554 2173 ct
1603 2098 1681 2173 S.
1736 2097 1941 2171 Sedis
2004 2097 2217 2171 etiam
2282 2096 2517 2194 quoad

396 2218 810 2313 temporalia
865 2217 1131 2292 subditi
1187 2218 1590 2313 affliguntur
1627 2217 2149 2292 calamitatibus
2176 2231 2509 2315 paternae

387 2336 704 2409 caritatis
758 2334 1014 2411 affectu
1073 2337 1534 2411 vehementer
1585 2338 1931 2413 commoti
1968 2340 2057 2413 ad
2086 2336 2317 2412 Deum
2359 2349 2515 2413 tote

293 2550 302 2563 ·
391 2452 598 2525 corde
651 2451 954 2525 clamare
1005 2475 1146 2527 non
1201 2474 1564 2527 cessamus
1615 2474 1909 2527 omnem
1972 2478 2103 2551 pro
2164 2452 2515 2551 spirituali

329 2616 334 2620 -
395 2572 788 2645 animarum
827 2574 1138 2667 pretioso
1179 2571 1520 2669 unigeniti
1573 2574 1731 2648 cius
1770 2572 1923 2647 mlii
1955 2572 2241 2649 Domini
2276 2574 2515 2649 Nostri

393 2690 554 2764 lesu
606 2688 869 2765 Christi
921 2693 1262 2787 sanguine
1317 2694 1849 2789 redemptarum
1904 2693 2135 2767 salute
2194 2693 2515 2769 laborem

391 2808 716 2883 alacriter
764 2808 1000 2883 subire
1055 2811 1330 2905 parati,
1387 2811 1510 2883 sed
1564 2832 1789 2907 aeque
1840 2810 2136 2885 fidentes
2168 2864 2189 2901 ,
2244 2823 2327 2884 ut
2382 2812 2515 2909 qui

365 2926 798 2999 :consolatur
845 2925 988 3001 Nos
1040 2926 1110 2998 in
1171 2926 1526 2999 continuis
1591 2925 2163 3002 tribulationibus
2226 2926 2503 3001 Nostris

389 3051 471 3113 et
521 3042 1018 3117 dilectissimae
1083 3044 1401 3139 Sponsae
1471 3064 1644 3115 suae
1707 3040 1923 3115 Nobis
1996 3041 2369 3117 adfuturus
2440 3053 2516 3115 et

393 3159 862 3234 auxiliaturus
909 3162 1006 3234 sit
1039 3161 1208 3235 illud
1243 3160 1508 3257 jugiter
1561 3158 1885 3232 divinum
1922 3158 2313 3235 recolentes
2350 3180 2517 3256 pro-

395 3276 694 3351 missum
755 3302 788 3347 α
821 3276 916 3351 Et
966 3290 1216 3374 portae
1269 3276 1476 3351 inseri
1515 3299 1656 3349 non
1692 3276 2205 3370 praevalebunt
2248 3302 2315 3348 n.
2374 3276 2519 3351 Nec

389 3416 768 3489 supremus
821 3395 1456 3471 misericordiarum
1488 3391 1700 3465 Pater
1750 3389 2001 3479 defuit,
2041 3416 2210 3467 nam
2260 3395 2333 3467 in
2386 3395 2519 3469 hac

397 3512 782 3607 asperrima
863 3524 938 3588 et
1013 3514 1488 3589 moestissima
1553 3509 1993 3624 Christianae
2066 3510 2517 3608 Reipublicae

397 3628 796 3704 conditione
851 3628 942 3705 ab
996 3630 1418 3727 implacabili
1472 3627 1765 3703 humani
1820 3628 2102 3723 generis
2148 3628 2355 3703 hoste
2406 3654 2527 3703 exf-

395 3746 612 3820 citata
661 3770 806 3822 non
853 3747 994 3821 levi
1049 3749 1302 3843 gaudio
1350 3746 1498 3821 Nos
1547 3746 1981 3821 sustentavit
2045 3747 2533 3821 devotissimis

395 3864 989 3959 postulationibus
1018 3864 1448 3945 Dilectorum
1505 3864 1871 3953 Filiorum,
1899 3867 2037 3962 qui,
2058 3868 2131 3947 in
2172 3866 2527 3941 lndiarum

389 3982 930 4061 occidentalium
983 3985 1248 4061 ditione
1277 3987 1490 4083 vulgo
1542 3982 1733 4059 Haiti
1784 4006 2019 4057 rerum
2080 3984 2517 4080 publicarum

389 4122 716 4175 summas
767 4102 1110 4177 habentes
1163 4102 1757 4179 commendabilia
1798 4113 1965 4176 vota
2014 4124 2143 4175 sua
2178 4102 2519 4199 pandide-

397 4232 594 4306 runt,
637 4234 718 4293 ut
752 4244 892 4317 quo
955 4222 1180 4315 magis
1217 4242 1344 4316 per
1379 4244 1498 4295 eas
1537 4220 1702 4295 licet
1742 4219 2255 4295 remotissimas
2290 4222 2525 4317 regio-
