3317 5267
943 456 1085 525 164

1096 566 1441 643 Volumus
1494 580 1861 666 praeterea
1899 580 1981 644 ut
2015 569 2270 644 harum
2299 568 2730 643 Litterarum
2755 566 3054 643 Nostra-

939 706 1101 759 rum
1127 686 1619 782 transumptis,
1648 687 1866 759 etiam
1891 686 2282 781 impressis,
2313 708 2532 759 manu
2556 696 2798 757 tamen
2827 684 3060 761 alicu-

942 802 1053 877 ius
1104 800 1373 877 Notarii
1424 800 1688 898 publici
1721 798 2166 897 subscriptis,
2205 813 2281 877 et
2314 802 2544 898 sigillo
2577 822 2924 897 personae
2979 802 3056 875 in

939 919 1430 995 Ecclesiastica
1456 917 1802 1015 dignitate
1825 919 2254 996 constitutae
2281 919 2576 993 munitis
2601 918 2848 993 eadem
2877 942 3077 1015 pror-

937 1064 1059 1114 sus
1108 1039 1282 1115 fides
1329 1038 1746 1112 adhibeatur
1795 1036 2081 1134 ubique,
2120 1060 2302 1135 quae
2339 1039 2510 1134 ipsis
2561 1038 3058 1134 praesentibus

938 1158 1416 1245 adhiberetur,
1470 1158 1530 1231 si
1580 1156 1816 1234 forent
1865 1155 2222 1231 exhibitae
2275 1158 2387 1231 vel
2437 1166 2786 1233 ostensae.

1088 1274 1273 1350 Nulli
1324 1298 1493 1372 ergo
1526 1273 1818 1349 omnino
1852 1272 2226 1347 hominum
2258 1273 2468 1348 liceat
2500 1274 2684 1348 hanc
2718 1274 3058 1371 paginam

936 1393 1233 1468 Nostrae
1266 1392 1754 1479 absolutionis,
1803 1389 2476 1478 dismembrationis,
2503 1392 3054 1489 suppl-essionis,

933 1512 1337 1599 erectionis,
1390 1510 1947 1597 constitutionis,
1997 1510 2522 1607 assignationis,
2573 1510 2880 1599 unionis,
2937 1514 3058 1585 in-

939 1630 1362 1717 stitutionis,
1414 1628 1918 1717 concessionis,
1975 1628 2484 1717 attributionis,
2523 1628 2808 1717 indulti,
2843 1652 3058 1705 man-

936 1746 1111 1834 dati,
1168 1746 1552 1844 praecepti,
1590 1744 2102 1842 deputationis,
2135 1745 2430 1833 decreti,
2467 1745 2946 1841 derogationis
2982 1758 3055 1821 et

942 1862 1331 1937 voluntatis
1367 1858 1744 1957 infringere
1781 1861 1890 1935 vel
1927 1862 1994 1934 ei
2031 1882 2210 1936 ausu
2259 1859 2637 1935 temerario
2670 1861 3057 1949 contraire;

937 1984 999 2059 si
1050 1982 1211 2079 quis
1273 1990 1517 2053 autem
1576 1978 1714 2053 hoc
1775 1989 2130 2053 attentare
2179 1980 2738 2075 praesumpserit
2775 2032 2796 2067 ,
2851 1980 3057 2057 indi-

936 2098 1344 2197 gnationem
1398 2096 1910 2193 omnipotentis
1960 2093 2091 2170 Dei
2142 2118 2224 2171 ac
2289 2096 2676 2173 Beatorum
2728 2096 2926 2172 Petri
2981 2112 3056 2175 et

941 2215 1137 2290 Pauli
1176 2213 1678 2310 Apostolorum
1727 2212 1882 2309 ejus
1933 2236 2015 2287 se
2061 2212 2343 2288 noverit
2393 2214 2864 2287 incursurum.

1092 2330 1355 2404 Datum
1410 2332 1682 2406 Romae
1733 2332 1922 2428 apud
1971 2331 2314 2407 Sanctum
2366 2330 2660 2405 Petrum
2689 2330 2894 2408 Anno
2929 2332 3056 2409 In-

929 2452 1363 2527 ·carnationis
1412 2448 1822 2527 Dominicae
1859 2452 2238 2529 millesimo
2287 2453 2880 2549 octingentesimo
2929 2480 3056 2531 se-

940 2574 1331 2672 xagesimo,
1380 2573 1754 2673 undecimo
1803 2572 2149 2651 Kalendas
2184 2575 2380 2663 Maii,
2416 2572 2874 2651 Pontificatus
2909 2576 3062 2653 No-

940 2692 1070 2767 stri
1120 2714 1305 2767 anno
1356 2693 1631 2769 decimo
1668 2704 1945 2792 quarto.
