3317 5267
893 481 1036 551 688
2686 549 2693 552 ,

887 593 1176 668 modum
1227 593 1700 667 funestarunt.
1757 593 2097 685 Quocirca
2152 596 2363 670 iidem
2392 593 2820 670 Decessores
2870 593 3031 668 No—

885 710 1013 781 stri
1071 707 1467 805 Apostolica
1523 707 1934 786 fortitudine
1960 713 2409 788 continenter
2442 712 2883 789 obstiterunt
2904 733 3037 784 ne-

883 825 1077 900 fariis
1129 828 1530 925 iniquorum
1582 827 1956 903 hominum
2012 830 2527 916 molitionibuS,
2583 831 2705 926 qui
2769 830 3039 924 despu-

885 954 1164 1016 mantes
1219 955 1584 1041 tamquam
1635 943 1891 1019 fluctus
1930 945 2055 1020 feri
2086 949 2307 1020 maris
2344 945 2799 1022 confusiones
2834 967 3033 1029 suas»,

884 1083 965 1133 ac
1015 1059 1416 1134 libertatem
1468 1062 1973 1157 promittentes
2012 1115 2033 1150 ,
2104 1087 2267 1138 cum
2322 1062 2505 1138 servi
2560 1063 2705 1136 sint
2783 1086 3039 1136 corru-

883 1179 1170 1274 ptionis,
1228 1178 1592 1253 fallacibus
1647 1182 1796 1253 suis
1854 1181 2330 1278 opinionibus,
2396 1193 2471 1254 et
2502 1181 3040 1277 perniciosissi-

883 1296 1020 1368 mis
1111 1297 1392 1392 scriptis
1477 1297 1865 1372 catholicae
1921 1299 2274 1395 religionis
2326 1297 2691 1395 civilisque
2724 1297 3039 1372 societa-

884 1416 976 1486 tis
1031 1413 1496 1489 fundamenta
1547 1415 1973 1503 convellere,
2029 1439 2463 1513 omnemque
2550 1418 2889 1490 virtutem
2942 1439 3035 1489 ac

879 1533 1220 1606 iustitiam
1277 1536 1362 1607 de
1419 1536 1653 1609 medio
1697 1527 1969 1636 tollere,
2010 1536 2471 1633 omniumque
2522 1535 2799 1608 animos
2824 1555 3031 1606 men-

881 1667 1130 1746 tesque
1181 1652 1590 1748 depravare,
1630 1664 1705 1725 et
1742 1655 2062 1728 incautos
2105 1655 2651 1749 imperitamque
2696 1675 3025 1749 praeser-

885 1769 1510 1844 tim-iuventutem
1567 1795 1606 1844 a
1658 1781 1849 1842 recta
1905 1793 2183 1843 morum
2246 1768 2608 1866 disciplina
2664 1781 3019 1854 avertere,

879 1911 1174 1984 eamque
1229 1889 1719 1963 miserabiliter
1768 1909 2241 1984 corrumpere,
2303 1887 2373 1959 in
2432 1887 2690 1960 erroris
2726 1885 3025 1984 laqueos

879 2004 1232 2093 inducere,
1273 2029 1356 2084 ae
1383 2007 1666 2082 tandem
1697 2005 1786 2078 ab
1812 2003 2167 2082 Ecclesiae
2204 2003 2597 2082 catholicae
2624 2003 2788 2078 sinu
2822 2005 3023 2078 avel-

877 2123 1022 2198 lere
1072 2125 1304 2198 conati
1355 2137 1548 2202 sunt.

1031 2241 1181 2316 lam
1236 2265 1406 2318 vero
1443 2295 1464 2330 ,
1530 2242 1640 2316 uti
1690 2237 1937 2324 Vobis,
1996 2237 2449 2316 venerabiles
2500 2239 2817 2324 Fratres,
2890 2261 3021 2336 ap-

889 2360 1116 2455 prime
1164 2372 1417 2436 notum
1473 2367 1608 2447 es't,
1664 2357 1809 2434 Nos
1864 2358 1983 2432 vix
2018 2359 2189 2431 dum
2242 2379 2496 2436 arcano
2532 2357 2815 2434 divinae
2850 2380 3015 2454 pro-

879 2476 1230 2550 videntiae
1315 2478 1604 2554 consilio
1655 2476 1863 2553 nullis
1953 2487 2141 2550 certe
2226 2474 2497 2550 Nostris
2571 2476 2843 2551 meritis
2916 2475 3005 2548 ad

875 2587 1308 2686 hanc‚Petri
1359 2591 1786 2669 Cathedram
1848 2591 2075 2666 evecti
2128 2589 2391 2668 suimus
2440 2644 2460 2681 ‚
2516 2591 3003 2669 cum'videre-

875 2735 1036 2786 mus
1089 2733 1370 2788 summo
1421 2713 1636 2790 animi
1718 2709 1951 2787 Nostri
2020 2711 2258 2788 dolore
2346 2707 2757 2784 horribilem
2828 2731 3005 2784 sane

871 2829 1252 2929 procellam
1305 2842 1412 2905 tot
1463 2830 1699 2927 pravis
1748 2829 2199 2932 opinionibus
2247 2827 2658 2914 excitatam,
2714 2839 2789 2901 et
2856 2849 3009 2923 gra-

875 2945 1190 3035 vissima,
1244 2969 1326 3024 ac
1377 2969 1739 3044 nunquam
1796 2947 1971 3020 satis
2021 2945 2327 3042 lugenda
2358 2945 2642 3030 damna,
2696 2966 2883 3040 quae
2934 2944 3007 3016 in

874 3065 1339 3142 christianum
1381 3065 1734 3162 ‘populum
1815 3086 1899 3138 ex
1958 3071 2067 3138 tot
2142 3060 2492 3138 erroribus
2546 3055 2944 3135 redundant
2982 3113 3007 3147 ,

870 3207 1000 3280 pro
1053 3183 1433 3279 Apostolici
1485 3180 1723 3256 Nostri
1772 3179 2145 3259 ministerii
2179 3179 2411 3256 officio
2440 3179 2735 3254 illustria
2786 3177 3013 3254 Prae-

869 3302 1319 3376 decessorum
1341 3299 1758 3374 Nostrorum
1795 3298 2089 3393 vestigia
2116 3307 2473 3384 sectantes
2506 3295 2837 3372 Nostram
2871 3319 3008 3369 ex-

871 3417 1166 3494 tulimus
1217 3439 1492 3504 vceem,
1547 3439 1635 3488 ac
1680 3415 1995 3512 pluribus
2020 3415 2103 3490 iu
2132 3415 2383 3512 uulgus
2436 3416 2643 3490 editis
2692 3414 3009 3510 encycli-

869 3536 970 3609 cis
1021 3533 1356 3632 Epistolis
1407 3548 1482 3608 et
1535 3532 2087 3610 Allocutionibus
2124 3535 2197 3614 in
2236 3532 2671 3609 Consistorio
2707 3531 3003 3618 habitis,

873 3652 1164 3750 aliisque
1219 3649 1644 3750 apostolicis
1700 3649 1985 3728 Litteris
2064 3652 2477 3748 praecipuos
2554 3650 3009 3726 tristissimae

869 3784 1152 3848 nostrae
1203 3771 1462 3844 aetatis
1493 3794 1762 3844 errores
1798 3769 2315 3856 damnavimus,
2351 3769 2833 3866 eximiamque
2871 3791 3005 3840 ve—

869 3902 1092 3966 stram
1145 3889 1622 3986 episcopalcm.
1669 3889 2100 3986 vigilantiam
2152 3888 2647 3976 excitavimus,
2713 3899 2789 3960 et
2840 3887 3009 3960 uni-

863 4031 1104 4084 versos
1182 4008 1566 4082 catholicae
1617 4007 1973 4082 Ecclesiae
2054 4007 2281 4084 Nobis·
2332 4007 2737 4082 carissimos
2816 4003 3003 4080 filios

867 4127 1082 4204 etiam
1133 4140 1344 4228 atque
1395 4125 1612 4200 etiam
1668 4126 2069 4215 monuimus
2106 4137 2183 4200 et
2206 4125 2561 4202 exhortati
2596 4145 2873 4208 sumus,
2914 4131 3007 4198 ut
