<?xml version="1.0" encoding="UTF-8"?>
<!DOCTYPE html PUBLIC "-//W3C//DTD XHTML 1.0 Transitional//EN"
    "http://www.w3.org/TR/xhtml1/DTD/xhtml1-transitional.dtd">
<html xmlns="http://www.w3.org/1999/xhtml" xml:lang="en" lang="en">
 <head>
  <title>
</title>
<meta http-equiv="Content-Type" content="text/html;charset=utf-8" />
  <meta name='ocr-system' content='tesseract 3.04.00' />
  <meta name='ocr-capabilities' content='ocr_page ocr_carea ocr_par ocr_line ocrx_word'/>
</head>
<body>
  <div class='ocr_page' id='page_1' title='image "./piiixpontificis00ixgoog_0276.png"; bbox 0 0 3317 5267; ppageno 0'>
   <div class='ocr_carea' id='block_1_1' title="bbox 855 370 2503 663">
    <p class='ocr_par' dir='ltr' id='par_1_1' title="bbox 855 370 2503 663">
     <span class='ocr_line' id='line_1_1' title="bbox 855 370 1002 441; baseline -0.027 0"><span class='ocrx_word' id='word_1_1' title='bbox 855 370 1002 441; x_wconf 65' lang='lat'><strong>262</strong></span> 
     </span>
     <span class='ocr_line' id='line_1_2' title="bbox 1325 486 2503 539; baseline 0.002 -4"><span class='ocrx_word' id='word_1_2' title='bbox 1325 486 1561 537; x_wconf 67' lang='lat' dir='ltr'><strong>susem</strong></span> <span class='ocrx_word' id='word_1_3' title='bbox 1601 486 1745 537; x_wconf 71' lang='lat' dir='ltr'><strong>novi</strong></span> <span class='ocrx_word' id='word_1_4' title='bbox 1783 486 2155 539; x_wconf 72' lang='lat' dir='ltr'><strong>srnseernus</strong></span> <span class='ocrx_word' id='word_1_5' title='bbox 2193 488 2503 539; x_wconf 61' lang='lat' dir='ltr'><strong>woronna</strong></span> 
     </span>
     <span class='ocr_line' id='line_1_3' title="bbox 1549 612 2278 663; baseline 0.005 -6"><span class='ocrx_word' id='word_1_6' title='bbox 1549 613 1612 659; x_wconf 71' lang='lat' dir='ltr'><strong>m</strong></span> <span class='ocrx_word' id='word_1_7' title='bbox 1655 612 1849 663; x_wconf 70' lang='lat' dir='ltr'><strong>naono</strong></span> <span class='ocrx_word' id='word_1_8' title='bbox 1890 612 2278 663; x_wconf 58' lang='lat' dir='ltr'><strong>mannum!</strong></span> 
     </span>
    </p>
   </div>
   <div class='ocr_carea' id='block_1_2' title="bbox 1162 734 2689 787">
    <p class='ocr_par' dir='ltr' id='par_1_2' title="bbox 1162 734 2689 787">
     <span class='ocr_line' id='line_1_4' title="bbox 1162 734 2689 787; baseline -0.003 0"><span class='ocrx_word' id='word_1_9' title='bbox 1162 739 1410 787; x_wconf 70' lang='lat' dir='ltr'><strong>nuvu</strong></span> <span class='ocrx_word' id='word_1_10' title='bbox 1455 736 1951 785; x_wconf 72' lang='lat' dir='ltr'><strong>msunumuonss</strong></span> <span class='ocrx_word' id='word_1_11' title='bbox 1990 736 2423 785; x_wconf 64' lang='lat' dir='ltr'><strong>Romanum</strong></span> <span class='ocrx_word' id='word_1_12' title='bbox 2462 734 2689 784; x_wconf 64' lang='lat' dir='ltr'><strong>sumu}</strong></span> 
     </span>
    </p>
   </div>
   <div class='ocr_carea' id='block_1_3' title="bbox 1435 1046 2373 1191">
    <p class='ocr_par' dir='ltr' id='par_1_3' title="bbox 1435 1046 2373 1191">
     <span class='ocr_line' id='line_1_5' title="bbox 1435 1046 2373 1191; baseline -0.004 -51"><span class='ocrx_word' id='word_1_13' title='bbox 1435 1052 1689 1143; x_wconf 89' lang='lat' dir='ltr'>PIUS</span> <span class='ocrx_word' id='word_1_14' title='bbox 1755 1046 2373 1191; x_wconf 83' lang='lat' dir='ltr'>EPISCOPUS-</span> 
     </span>
    </p>
   </div>
   <div class='ocr_carea' id='block_1_4' title="bbox 1558 1419 2261 1471">
    <p class='ocr_par' dir='ltr' id='par_1_4' title="bbox 1558 1419 2261 1471">
     <span class='ocr_line' id='line_1_6' title="bbox 1558 1419 2261 1471; baseline -0.007 -1"><span class='ocrx_word' id='word_1_15' title='bbox 1558 1422 1776 1471; x_wconf 69' lang='lat' dir='ltr'><strong>atavus</strong></span> <span class='ocrx_word' id='word_1_16' title='bbox 1814 1419 2119 1467; x_wconf 70' lang='lat' dir='ltr'><strong>SERVORU!</strong></span> <span class='ocrx_word' id='word_1_17' title='bbox 2158 1421 2261 1467; x_wconf 68' lang='lat' dir='ltr'><strong>DE}</strong></span> 
     </span>
    </p>
   </div>
   <div class='ocr_carea' id='block_1_5' title="bbox 1444 1594 2377 1642">
    <p class='ocr_par' dir='ltr' id='par_1_5' title="bbox 1444 1594 2377 1642">
     <span class='ocr_line' id='line_1_7' title="bbox 1444 1594 2377 1642; baseline -0.001 -1"><span class='ocrx_word' id='word_1_18' title='bbox 1444 1596 1516 1641; x_wconf 69' lang='lat' dir='ltr'><strong>bn</strong></span> <span class='ocrx_word' id='word_1_19' title='bbox 1559 1594 1890 1642; x_wconf 65' lang='lat' dir='ltr'><strong>rasurum</strong></span> <span class='ocrx_word' id='word_1_20' title='bbox 1932 1594 2023 1640; x_wconf 73' lang='lat' dir='ltr'><strong>Rssl</strong></span> <span class='ocrx_word' id='word_1_21' title='bbox 2062 1594 2377 1641; x_wconf 62' lang='lat' dir='ltr'><strong>nmmum!</strong></span> 
     </span>
    </p>
   </div>
   <div class='ocr_carea' id='block_1_6' title="bbox 831 1818 3037 4241">
    <p class='ocr_par' dir='ltr' id='par_1_6' title="bbox 831 1818 3037 4241">
     <span class='ocr_line' id='line_1_8' title="bbox 843 1818 2989 1998; baseline -0.002 -20"><span class='ocrx_word' id='word_1_22' title='bbox 843 1818 957 1978; x_wconf 82' lang='lat' dir='ltr'><strong>ln</strong></span> <span class='ocrx_word' id='word_1_23' title='bbox 997 1903 1382 1977; x_wconf 84' lang='lat' dir='ltr'><strong>celsissima</strong></span> <span class='ocrx_word' id='word_1_24' title='bbox 1443 1903 1809 1978; x_wconf 78' lang='lat' dir='ltr'><strong>Militantis</strong></span> <span class='ocrx_word' id='word_1_25' title='bbox 1868 1901 2223 1977; x_wconf 77' lang='lat' dir='ltr'><strong>Ecclesiae</strong></span> <span class='ocrx_word' id='word_1_26' title='bbox 2282 1900 2571 1998; x_wconf 84' lang='lat' dir='ltr'><strong>specula</strong></span> <span class='ocrx_word' id='word_1_27' title='bbox 2606 1951 2634 1986; x_wconf 88' lang='lat'><strong>,</strong></span> <span class='ocrx_word' id='word_1_28' title='bbox 2696 1900 2817 1974; x_wconf 88' lang='lat' dir='ltr'><strong>illo</strong></span> <span class='ocrx_word' id='word_1_29' title='bbox 2872 1902 2989 1973; x_wconf 78' lang='lat' dir='ltr'><strong>sic</strong></span> 
     </span>
     <span class='ocr_line' id='line_1_9' title="bbox 844 2018 2982 2117; baseline -0.001 -24"><span class='ocrx_word' id='word_1_30' title='bbox 844 2022 1262 2117; x_wconf 75' lang='lat' dir='ltr'><strong>disponente</strong></span> <span class='ocrx_word' id='word_1_31' title='bbox 1317 2018 1646 2106; x_wconf 87' lang='lat' dir='ltr'><strong>Domine,</strong></span> <span class='ocrx_word' id='word_1_32' title='bbox 1702 2019 1825 2117; x_wconf 89' lang='lat' dir='ltr'><strong>qui</strong></span> <span class='ocrx_word' id='word_1_33' title='bbox 1879 2019 2091 2093; x_wconf 88' lang='lat' dir='ltr'><strong>rebus</strong></span> <span class='ocrx_word' id='word_1_34' title='bbox 2144 2019 2417 2091; x_wconf 83' lang='lat' dir='ltr'><strong>cunctis</strong></span> <span class='ocrx_word' id='word_1_35' title='bbox 2452 2019 2783 2113; x_wconf 85' lang='lat' dir='ltr'><strong>imperat,</strong></span> <span class='ocrx_word' id='word_1_36' title='bbox 2824 2018 2982 2091; x_wconf 72' lang='lat' dir='ltr'><strong>cui-</strong></span> 
     </span>
     <span class='ocr_line' id='line_1_10' title="bbox 843 2133 2981 2235; baseline -0.003 -22"><span class='ocrx_word' id='word_1_37' title='bbox 843 2162 984 2234; x_wconf 86' lang='lat' dir='ltr'><strong>que</strong></span> <span class='ocrx_word' id='word_1_38' title='bbox 1035 2141 1276 2213; x_wconf 87' lang='lat' dir='ltr'><strong>omnia</strong></span> <span class='ocrx_word' id='word_1_39' title='bbox 1337 2162 1620 2235; x_wconf 87' lang='lat' dir='ltr'><strong>semper</strong></span> <span class='ocrx_word' id='word_1_40' title='bbox 1699 2135 2039 2212; x_wconf 87' lang='lat' dir='ltr'><strong>obediunt</strong></span> <span class='ocrx_word' id='word_1_41' title='bbox 2078 2188 2097 2222; x_wconf 94' lang='lat'><strong>,</strong></span> <span class='ocrx_word' id='word_1_42' title='bbox 2178 2136 2388 2209; x_wconf 88' lang='lat' dir='ltr'><strong>nullis</strong></span> <span class='ocrx_word' id='word_1_43' title='bbox 2464 2135 2631 2209; x_wconf 85' lang='lat' dir='ltr'><strong>licet</strong></span> <span class='ocrx_word' id='word_1_44' title='bbox 2708 2133 2981 2209; x_wconf 83' lang='lat' dir='ltr'><strong>suffra-</strong></span> 
     </span>
     <span class='ocr_line' id='line_1_11' title="bbox 844 2252 2979 2349; baseline -0.002 -23"><span class='ocrx_word' id='word_1_45' title='bbox 844 2256 1174 2349; x_wconf 78' lang='lat' dir='ltr'><strong>gantihus</strong></span> <span class='ocrx_word' id='word_1_46' title='bbox 1228 2256 1500 2331; x_wconf 83' lang='lat' dir='ltr'><strong>Nostris</strong></span> <span class='ocrx_word' id='word_1_47' title='bbox 1551 2256 1831 2328; x_wconf 87' lang='lat' dir='ltr'><strong>meritis</strong></span> <span class='ocrx_word' id='word_1_48' title='bbox 1888 2254 2257 2329; x_wconf 77' lang='lat' dir='ltr'><strong>constituti</strong></span> <span class='ocrx_word' id='word_1_49' title='bbox 2296 2306 2319 2340; x_wconf 90' lang='lat'>‚</span> <span class='ocrx_word' id='word_1_50' title='bbox 2384 2276 2467 2327; x_wconf 81' lang='lat' dir='ltr'><strong>ac</strong></span> <span class='ocrx_word' id='word_1_51' title='bbox 2528 2252 2615 2325; x_wconf 91' lang='lat' dir='ltr'><strong>ad</strong></span> <span class='ocrx_word' id='word_1_52' title='bbox 2658 2253 2979 2333; x_wconf 76' lang='lat' dir='ltr'><strong>,univer-</strong></span> 
     </span>
     <span class='ocr_line' id='line_1_12' title="bbox 849 2368 2983 2446; baseline -0.001 -3"><span class='ocrx_word' id='word_1_53' title='bbox 849 2392 965 2443; x_wconf 89' lang='lat' dir='ltr'><strong>sas</strong></span> <span class='ocrx_word' id='word_1_54' title='bbox 1015 2371 1214 2445; x_wconf 84' lang='lat' dir='ltr'><strong>orbis</strong></span> <span class='ocrx_word' id='word_1_55' title='bbox 1255 2372 1607 2445; x_wconf 82' lang='lat' dir='ltr'><strong>Ecclesiae</strong></span> <span class='ocrx_word' id='word_1_56' title='bbox 1661 2372 1883 2444; x_wconf 89' lang='lat' dir='ltr'><strong>aciem</strong></span> <span class='ocrx_word' id='word_1_57' title='bbox 1930 2371 2231 2446; x_wconf 82' lang='lat' dir='ltr'><strong>Nostrae</strong></span> <span class='ocrx_word' id='word_1_58' title='bbox 2282 2370 2543 2443; x_wconf 87' lang='lat' dir='ltr'><strong>mentis</strong></span> <span class='ocrx_word' id='word_1_59' title='bbox 2596 2368 2983 2443; x_wconf 81' lang='lat' dir='ltr'><strong>intenden-</strong></span> 
     </span>
     <span class='ocr_line' id='line_1_13' title="bbox 846 2486 3037 2584; baseline -0.002 -23"><span class='ocrx_word' id='word_1_60' title='bbox 846 2498 984 2574; x_wconf 88' lang='lat' dir='ltr'><strong>tes,</strong></span> <span class='ocrx_word' id='word_1_61' title='bbox 1035 2488 1208 2584; x_wconf 85' lang='lat' dir='ltr'><strong>quid</strong></span> <span class='ocrx_word' id='word_1_62' title='bbox 1257 2488 1574 2563; x_wconf 86' lang='lat' dir='ltr'><strong>locorum</strong></span> <span class='ocrx_word' id='word_1_63' title='bbox 1627 2487 2009 2581; x_wconf 84' lang='lat' dir='ltr'><strong>splendori,</strong></span> <span class='ocrx_word' id='word_1_64' title='bbox 2060 2488 2231 2584; x_wconf 88' lang='lat' dir='ltr'><strong>quid</strong></span> <span class='ocrx_word' id='word_1_65' title='bbox 2285 2486 2707 2584; x_wconf 83' lang='lat' dir='ltr'><strong>populorum</strong></span> <span class='ocrx_word' id='word_1_66' title='bbox 2758 2506 2982 2559; x_wconf 87' lang='lat' dir='ltr'><strong>com-</strong></span> <span class='ocrx_word' id='word_1_67' title='bbox 3028 2560 3037 2567; x_wconf 61' lang='grc'><strong>,</strong></span> 
     </span>
     <span class='ocr_line' id='line_1_14' title="bbox 847 2602 2979 2701; baseline -0.001 -24"><span class='ocrx_word' id='word_1_68' title='bbox 847 2605 1172 2679; x_wconf 85' lang='lat' dir='ltr'><strong>meditati</strong></span> <span class='ocrx_word' id='word_1_69' title='bbox 1235 2615 1316 2679; x_wconf 88' lang='lat' dir='ltr'><strong>et</strong></span> <span class='ocrx_word' id='word_1_70' title='bbox 1377 2602 1568 2677; x_wconf 82' lang='lat' dir='ltr'><strong>felici</strong></span> <span class='ocrx_word' id='word_1_71' title='bbox 1639 2604 1857 2677; x_wconf 89' lang='lat' dir='ltr'><strong>statui</strong></span> <span class='ocrx_word' id='word_1_72' title='bbox 1898 2654 1919 2692; x_wconf 86' lang='lat'><strong>,</strong></span> <span class='ocrx_word' id='word_1_73' title='bbox 2002 2604 2315 2701; x_wconf 88' lang='lat' dir='ltr'><strong>quidque</strong></span> <span class='ocrx_word' id='word_1_74' title='bbox 2369 2624 2615 2677; x_wconf 74' lang='lat' dir='ltr'><strong>corum</strong></span> <span class='ocrx_word' id='word_1_75' title='bbox 2678 2602 2979 2675; x_wconf 85' lang='lat' dir='ltr'><strong>anima·-</strong></span> 
     </span>
     <span class='ocr_line' id='line_1_15' title="bbox 841 2718 2983 2818; baseline -0.003 -23"><span class='ocrx_word' id='word_1_76' title='bbox 841 2746 1002 2797; x_wconf 86' lang='lat' dir='ltr'><strong>rum</strong></span> <span class='ocrx_word' id='word_1_77' title='bbox 1053 2722 1242 2799; x_wconf 83' lang='lat' dir='ltr'><strong>bono</strong></span> <span class='ocrx_word' id='word_1_78' title='bbox 1291 2722 1519 2818; x_wconf 78' lang='lat' dir='ltr'><strong>magis</strong></span> <span class='ocrx_word' id='word_1_79' title='bbox 1581 2733 1952 2817; x_wconf 81' lang='lat' dir='ltr'><strong>congruat,</strong></span> <span class='ocrx_word' id='word_1_80' title='bbox 2006 2721 2466 2817; x_wconf 86' lang='lat' dir='ltr'><strong>potissimum</strong></span> <span class='ocrx_word' id='word_1_81' title='bbox 2528 2718 2983 2814; x_wconf 86' lang='lat' dir='ltr'><strong>contempla-</strong></span> 
     </span>
     <span class='ocr_line' id='line_1_16' title="bbox 841 2834 2981 2934; baseline -0.001 -22"><span class='ocrx_word' id='word_1_82' title='bbox 841 2862 1030 2927; x_wconf 87' lang='lat' dir='ltr'><strong>mur,</strong></span> <span class='ocrx_word' id='word_1_83' title='bbox 1067 2852 1150 2913; x_wconf 89' lang='lat' dir='ltr'><strong>ut</strong></span> <span class='ocrx_word' id='word_1_84' title='bbox 1201 2840 1272 2913; x_wconf 86' lang='lat' dir='ltr'><strong>in</strong></span> <span class='ocrx_word' id='word_1_85' title='bbox 1325 2838 1497 2913; x_wconf 87' lang='lat' dir='ltr'><strong>locis</strong></span> <span class='ocrx_word' id='word_1_86' title='bbox 1549 2838 1725 2934; x_wconf 84' lang='lat' dir='ltr'><strong>ipsis</strong></span> <span class='ocrx_word' id='word_1_87' title='bbox 1774 2860 1904 2911; x_wconf 90' lang='lat' dir='ltr'><strong>ceu</strong></span> <span class='ocrx_word' id='word_1_88' title='bbox 1956 2838 2341 2912; x_wconf 85' lang='lat' dir='ltr'><strong>necessitas</strong></span> <span class='ocrx_word' id='word_1_89' title='bbox 2376 2837 2721 2933; x_wconf 88' lang='lat' dir='ltr'><strong>postulat,</strong></span> <span class='ocrx_word' id='word_1_90' title='bbox 2762 2834 2981 2909; x_wconf 87' lang='lat' dir='ltr'><strong>Chri-</strong></span> 
     </span>
     <span class='ocr_line' id='line_1_17' title="bbox 842 2940 2973 3052; baseline -0.002 -21"><span class='ocrx_word' id='word_1_91' title='bbox 842 2958 1114 3031; x_wconf 87' lang='lat' dir='ltr'><strong>stianae</strong></span> <span class='ocrx_word' id='word_1_92' title='bbox 1167 2954 1388 3052; x_wconf 87' lang='lat' dir='ltr'><strong>plebis</strong></span> <span class='ocrx_word' id='word_1_93' title='bbox 1423 2954 1613 3029; x_wconf 88' lang='lat' dir='ltr'><strong>salus</strong></span> <span class='ocrx_word' id='word_1_94' title='bbox 1647 2954 1871 3050; x_wconf 76' lang='lat' dir='ltr'><strong>exigit</strong></span> <span class='ocrx_word' id='word_1_95' title='bbox 1904 2966 1978 3028; x_wconf 88' lang='lat' dir='ltr'><strong>et</strong></span> <span class='ocrx_word' id='word_1_96' title='bbox 2013 2940 2505 3049; x_wconf 83' lang='lat' dir='ltr'><strong>supremorum</strong></span> <span class='ocrx_word' id='word_1_97' title='bbox 2558 2952 2973 3049; x_wconf 75' lang='lat' dir='ltr'><strong>Principum</strong></span> 
     </span>
     <span class='ocr_line' id='line_1_18' title="bbox 839 3069 2979 3167; baseline -0.001 -22"><span class='ocrx_word' id='word_1_98' title='bbox 839 3074 928 3147; x_wconf 88' lang='lat' dir='ltr'><strong>de</strong></span> <span class='ocrx_word' id='word_1_99' title='bbox 969 3073 1364 3149; x_wconf 85' lang='lat' dir='ltr'><strong>orthodoxa</strong></span> <span class='ocrx_word' id='word_1_100' title='bbox 1390 3069 1753 3166; x_wconf 83' lang='lat' dir='ltr'><strong>Religione</strong></span> <span class='ocrx_word' id='word_1_101' title='bbox 1780 3071 2047 3167; x_wconf 86' lang='lat' dir='ltr'><strong>optime</strong></span> <span class='ocrx_word' id='word_1_102' title='bbox 2076 3071 2495 3145; x_wconf 85' lang='lat' dir='ltr'><strong>meritorum</strong></span> <span class='ocrx_word' id='word_1_103' title='bbox 2524 3069 2789 3143; x_wconf 81' lang='lat' dir='ltr'><strong>eximia</strong></span> <span class='ocrx_word' id='word_1_104' title='bbox 2816 3071 2979 3165; x_wconf 88' lang='lat' dir='ltr'><strong>pie-</strong></span> 
     </span>
     <span class='ocr_line' id='line_1_19' title="bbox 840 3186 2977 3285; baseline -0.002 -21"><span class='ocrx_word' id='word_1_105' title='bbox 840 3202 950 3265; x_wconf 89' lang='lat' dir='ltr'><strong>tas</strong></span> <span class='ocrx_word' id='word_1_106' title='bbox 1001 3202 1078 3265; x_wconf 88' lang='lat' dir='ltr'><strong>et</strong></span> <span class='ocrx_word' id='word_1_107' title='bbox 1112 3201 1278 3265; x_wconf 85' lang='lat' dir='ltr'><strong>vota</strong></span> <span class='ocrx_word' id='word_1_108' title='bbox 1313 3202 1711 3285; x_wconf 79' lang='lat' dir='ltr'><strong>exposcunt</strong></span> <span class='ocrx_word' id='word_1_109' title='bbox 1764 3210 1985 3263; x_wconf 87' lang='lat' dir='ltr'><strong>novas</strong></span> <span class='ocrx_word' id='word_1_110' title='bbox 2042 3187 2497 3283; x_wconf 85' lang='lat' dir='ltr'><strong>Episcopales</strong></span> <span class='ocrx_word' id='word_1_111' title='bbox 2532 3186 2765 3261; x_wconf 77' lang='lat' dir='ltr'><strong>Sedes</strong></span> <span class='ocrx_word' id='word_1_112' title='bbox 2806 3188 2977 3285; x_wconf 75' lang='lat' dir='ltr'><strong>iux-</strong></span> 
     </span>
     <span class='ocr_line' id='line_1_20' title="bbox 840 3305 2971 3401; baseline -0.001 -24"><span class='ocrx_word' id='word_1_113' title='bbox 840 3316 914 3377; x_wconf 89' lang='lat' dir='ltr'><strong>ta</strong></span> <span class='ocrx_word' id='word_1_114' title='bbox 947 3305 1638 3381; x_wconf 76' lang='lat' dir='ltr'><strong>circumstantiarum</strong></span> <span class='ocrx_word' id='word_1_115' title='bbox 1674 3305 2287 3401; x_wconf 80' lang='lat' dir='ltr'><strong>opportunitatem</strong></span> <span class='ocrx_word' id='word_1_116' title='bbox 2324 3306 2543 3377; x_wconf 86' lang='lat' dir='ltr'><strong>etiam</strong></span> <span class='ocrx_word' id='word_1_117' title='bbox 2596 3326 2725 3401; x_wconf 87' lang='lat' dir='ltr'><strong>per</strong></span> <span class='ocrx_word' id='word_1_118' title='bbox 2778 3305 2971 3375; x_wconf 86' lang='lat' dir='ltr'><strong>viam</strong></span> 
     </span>
     <span class='ocr_line' id='line_1_21' title="bbox 837 3422 2973 3519; baseline 0 -24"><span class='ocrx_word' id='word_1_119' title='bbox 837 3422 1133 3497; x_wconf 85' lang='lat' dir='ltr'><strong>aliarum</strong></span> <span class='ocrx_word' id='word_1_120' title='bbox 1183 3423 1829 3501; x_wconf 82' lang='lat' dir='ltr'><strong>dismembrationis</strong></span> <span class='ocrx_word' id='word_1_121' title='bbox 1884 3422 2262 3519; x_wconf 77' lang='lat' dir='ltr'><strong>erigamuS,</strong></span> <span class='ocrx_word' id='word_1_122' title='bbox 2316 3435 2400 3495; x_wconf 92' lang='lat' dir='ltr'><strong>ut</strong></span> <span class='ocrx_word' id='word_1_123' title='bbox 2434 3422 2534 3494; x_wconf 89' lang='lat' dir='ltr'><strong>ita</strong></span> <span class='ocrx_word' id='word_1_124' title='bbox 2568 3444 2696 3517; x_wconf 87' lang='lat' dir='ltr'><strong>per</strong></span> <span class='ocrx_word' id='word_1_125' title='bbox 2742 3444 2973 3495; x_wconf 82' lang='lat' dir='ltr'><strong>novas</strong></span> 
     </span>
     <span class='ocr_line' id='line_1_22' title="bbox 835 3540 2977 3638; baseline -0 -23"><span class='ocrx_word' id='word_1_126' title='bbox 835 3542 1226 3616; x_wconf 81' lang='lat' dir='ltr'><strong>erectiones</strong></span> <span class='ocrx_word' id='word_1_127' title='bbox 1279 3540 1709 3628; x_wconf 86' lang='lat' dir='ltr'><strong>huiusmodi,</strong></span> <span class='ocrx_word' id='word_1_128' title='bbox 1752 3564 1935 3615; x_wconf 86' lang='lat' dir='ltr'><strong>nova</strong></span> <span class='ocrx_word' id='word_1_129' title='bbox 1972 3542 2149 3614; x_wconf 88' lang='lat' dir='ltr'><strong>item</strong></span> <span class='ocrx_word' id='word_1_130' title='bbox 2184 3540 2608 3638; x_wconf 87' lang='lat' dir='ltr'><strong>populorum</strong></span> <span class='ocrx_word' id='word_1_131' title='bbox 2662 3542 2977 3617; x_wconf 82' lang='lat' dir='ltr'><strong>catholi-</strong></span> 
     </span>
     <span class='ocr_line' id='line_1_23' title="bbox 835 3657 2979 3756; baseline -0.001 -21"><span class='ocrx_word' id='word_1_132' title='bbox 835 3682 960 3737; x_wconf 86' lang='lat' dir='ltr'><strong>cae</strong></span> <span class='ocrx_word' id='word_1_133' title='bbox 1010 3657 1366 3733; x_wconf 88' lang='lat' dir='ltr'><strong>Ecclesiae</strong></span> <span class='ocrx_word' id='word_1_134' title='bbox 1419 3670 1761 3756; x_wconf 83' lang='lat' dir='ltr'><strong>augeatur</strong></span> <span class='ocrx_word' id='word_1_135' title='bbox 1812 3660 2169 3748; x_wconf 82' lang='lat' dir='ltr'><strong>adhaesio,</strong></span> <span class='ocrx_word' id='word_1_136' title='bbox 2236 3682 2318 3733; x_wconf 90' lang='lat' dir='ltr'><strong>ac</strong></span> <span class='ocrx_word' id='word_1_137' title='bbox 2368 3660 2528 3733; x_wconf 84' lang='lat' dir='ltr'><strong>fidei</strong></span> <span class='ocrx_word' id='word_1_138' title='bbox 2580 3658 2979 3733; x_wconf 82' lang='lat' dir='ltr'><strong>catholicae</strong></span> 
     </span>
     <span class='ocr_line' id='line_1_24' title="bbox 840 3776 2977 3876; baseline 0 -23"><span class='ocrx_word' id='word_1_139' title='bbox 840 3778 1180 3876; x_wconf 83' lang='lat' dir='ltr'><strong>professio</strong></span> <span class='ocrx_word' id='word_1_140' title='bbox 1233 3776 1405 3852; x_wconf 88' lang='lat' dir='ltr'><strong>inibi</strong></span> <span class='ocrx_word' id='word_1_141' title='bbox 1458 3777 1753 3854; x_wconf 86' lang='lat' dir='ltr'><strong>validius</strong></span> <span class='ocrx_word' id='word_1_142' title='bbox 1805 3778 2193 3853; x_wconf 84' lang='lat' dir='ltr'><strong>efflorescat</strong></span> <span class='ocrx_word' id='word_1_143' title='bbox 2220 3830 2241 3865; x_wconf 90' lang='lat'><strong>,</strong></span> <span class='ocrx_word' id='word_1_144' title='bbox 2300 3779 2795 3875; x_wconf 85' lang='lat' dir='ltr'><strong>dictorumque</strong></span> <span class='ocrx_word' id='word_1_145' title='bbox 2856 3780 2977 3853; x_wconf 92' lang='lat' dir='ltr'><strong>lo—</strong></span> 
     </span>
     <span class='ocr_line' id='line_1_25' title="bbox 833 3897 2967 3995; baseline 0 -23"><span class='ocrx_word' id='word_1_146' title='bbox 833 3920 1080 3974; x_wconf 84' lang='lat' dir='ltr'><strong>corum</strong></span> <span class='ocrx_word' id='word_1_147' title='bbox 1136 3898 1404 3973; x_wconf 86' lang='lat' dir='ltr'><strong>incolae</strong></span> <span class='ocrx_word' id='word_1_148' title='bbox 1457 3908 1533 3971; x_wconf 90' lang='lat' dir='ltr'><strong>et</strong></span> <span class='ocrx_word' id='word_1_149' title='bbox 1567 3918 1909 3994; x_wconf 84' lang='lat' dir='ltr'><strong>personae</strong></span> <span class='ocrx_word' id='word_1_150' title='bbox 1944 3897 2459 3974; x_wconf 86' lang='lat' dir='ltr'><strong>honorabilium</strong></span> <span class='ocrx_word' id='word_1_151' title='bbox 2502 3899 2967 3995; x_wconf 81' lang='lat' dir='ltr'><strong>vigiliumque</strong></span> 
     </span>
     <span class='ocr_line' id='line_1_26' title="bbox 840 4016 2973 4117; baseline 0.001 -24"><span class='ocrx_word' id='word_1_152' title='bbox 840 4016 1256 4095; x_wconf 86' lang='lat' dir='ltr'><strong>Praesulum</strong></span> <span class='ocrx_word' id='word_1_153' title='bbox 1281 4018 2137 4107; x_wconf 84' lang='lat' dir='ltr'><strong>assistentia‚doctrina,et</strong></span> <span class='ocrx_word' id='word_1_154' title='bbox 2160 4022 2499 4117; x_wconf 78' lang='lat' dir='ltr'><strong>regimine</strong></span> <span class='ocrx_word' id='word_1_155' title='bbox 2524 4020 2791 4097; x_wconf 78' lang='lat' dir='ltr'><strong>suffulti</strong></span> <span class='ocrx_word' id='word_1_156' title='bbox 2809 4044 2973 4117; x_wconf 91' lang='lat' dir='ltr'><strong>pro-</strong></span> 
     </span>
     <span class='ocr_line' id='line_1_27' title="bbox 831 4138 2959 4241; baseline 0.001 -28"><span class='ocrx_word' id='word_1_157' title='bbox 831 4138 1072 4225; x_wconf 73' lang='lat' dir='ltr'><strong>ficiant</strong></span> <span class='ocrx_word' id='word_1_158' title='bbox 1095 4162 1380 4236; x_wconf 87' lang='lat' dir='ltr'><strong>semper</strong></span> <span class='ocrx_word' id='word_1_159' title='bbox 1415 4140 1486 4212; x_wconf 87' lang='lat' dir='ltr'><strong>in</strong></span> <span class='ocrx_word' id='word_1_160' title='bbox 1522 4140 1658 4213; x_wconf 83' lang='lat' dir='ltr'><strong>fide</strong></span> <span class='ocrx_word' id='word_1_161' title='bbox 1694 4162 1859 4215; x_wconf 87' lang='lat' dir='ltr'><strong>cum</strong></span> <span class='ocrx_word' id='word_1_162' title='bbox 1894 4142 2115 4215; x_wconf 86' lang='lat' dir='ltr'><strong>divini</strong></span> <span class='ocrx_word' id='word_1_163' title='bbox 2152 4143 2383 4219; x_wconf 90' lang='lat' dir='ltr'><strong>cultus</strong></span> <span class='ocrx_word' id='word_1_164' title='bbox 2416 4144 2959 4241; x_wconf 77' lang='lat' dir='ltr'><strong>propagatione,</strong></span> 
     </span>
    </p>
   </div>
   <div class='ocr_carea' id='block_1_7' title="bbox 3276 4514 3281 5058">
    <p class='ocr_par' dir='ltr' id='par_1_7' title="bbox 3276 4514 3281 5058">
     <span class='ocr_line' id='line_1_28' title="bbox 3276 4514 3281 5058; baseline 0 0"><span class='ocrx_word' id='word_1_165' title='bbox 3276 4514 3281 5058; x_wconf 95' lang='lat' dir='ltr'><strong> </strong></span> 
     </span>
    </p>
   </div>
  </div>
 </body>
</html>
