3317 5267
2364 419 2498 496 661

545 531 732 614 Nihil
789 558 955 612 vero
1006 535 1440 626 dubitamus„
1478 539 1646 636 quin
1702 533 1888 612 idem
1943 536 2253 613 Dilectus
2290 539 2507 614 Filius

389 647 647 730 Paulus
704 655 1078 730 Rzewuski
1129 657 1238 732 sui
1291 656 1494 731 officii
1525 653 1745 752 probe
1795 677 2069 730 memor
2102 656 2505 732 huiusmodi

391 770 668 846 Russici
721 771 1054 846 Gubernii
1103 772 1439 848 mandato
1491 774 1784 846 minime
1812 771 2208 869 obsequens
2260 787 2510 870 pergat

388 880 644 960 Vicarii
681 885 1038 963 Generalis
1092 911 1384 963 munere
1419 887 1616 985 fungi
1668 889 1799 962 sibi
1852 891 2233 964 commisso
2286 912 2329 961 a
2368 885 2509 962 Ve-

387 1001 678 1076 nerabili
719 1004 963 1079 Fratre
989 1003 1436 1103 sigismundo
1475 1002 2017 1102 Arcbiepiscopo
2074 1005 2513 1081 Varsaviensi

383 1143 516 1196 suo
553 1123 868 1218 legitimo
923 1125 1282 1214 Antistite,
1361 1127 1566 1224 eique
1616 1128 1689 1198 in
1742 1126 2071 1200 omnibus
2120 1127 2511 1224 diligentis-

387 1239 568 1314 sime
619 1239 930 1316 obedire.

545 1359 692 1435 lam
747 1383 938 1449 vero,
997 1363 1454 1438 venerabiles
1509 1362 1815 1449 FratreS,
1872 1365 2045 1438 dum
2098 1363 2375 1436 caelum
2430 1387 2511 1438 ac

387 1490 652 1552 terram
707 1493 932 1556 testes
989 1485 1411 1570 invocando,
1463 1484 1552 1557 de
1603 1481 1960 1569 omnibus,
2016 1503 2197 1580 quae
2249 1483 2325 1554 in
2374 1481 2515 1558 Po.-

387 1595 616 1671 loniae
693 1621 912 1694 regno
941 1651 960 1686 ,
1018 1601 1312 1698 aliisque
1393 1600 1673 1674 Russici
1751 1600 2039 1697 Imperii
2116 1599 2517 1692 regionibus

383 1727 634 1788 contra
689 1711 1112 1790 catholicam
1150 1715 1568 1804 Ecclesiam,
1607 1717 1901 1814 eiusque
1953 1737 2315 1792 sacrorum
2376 1715 2519 1788 An-

391 1831 680 1916 tistites,
739 1832 1100 1908 ministros
1130 1883 1151 1919 ‚
1207 1835 1358 1907 iura
1391 1886 1412 1920 ,
1472 1833 1985 1930 patrimonium
2013 1885 2037 1918 ,
2093 1857 2177 1906 ac
2224 1832 2518 1908 dilectos

387 1951 610 2046 ipsius
661 1950 1014 2026 Ecclesiae
1065 1952 1243 2028 filios
1295 1965 1494 2050 gesta
1547 1966 1723 2026 sunt
1756 1964 1833 2026 et
1883 1965 2255 2047 geruntur,
2296 1951 2517 2025 vehe-

384 2083 668 2144 menter
719 2074 1278 2168 expostulamus,
1333 2085 1410 2148 et
1460 2074 1680 2145 etiam
1736 2083 1953 2168 atque
2004 2072 2223 2146 etiam
2278 2072 2519 2167 queri·-

393 2209 556 2260 mur
589 2190 1176 2282 persecutionem,
1217 2211 1432 2285 quam
1473 2187 1849 2262 Russicum
1889 2187 2321 2262 Gubernium
2350 2211 2523 2262 con-

395 2314 506 2374 tra
548 2302 936 2376 Ecclesiam
973 2327 1216 2400 gerere
1245 2327 1388 2379 non
1421 2304 1709 2391 desinit,
1739 2303 1952 2391 absit,
1990 2315 2071 2378 ut
2124 2303 2264 2379 ullo
2311 2304 2525 2379 modo

395 2419 694 2517 probare
757 2421 1055 2496 velimus
1135 2421 1318 2494 male
1371 2421 1731 2496 consultos
1811 2434 2057 2496 motus
2110 2422 2181 2494 in
2237 2418 2525 2496 Polonia

397 2537 658 2610 misere
709 2536 1080 2612 excitatos.
1123 2537 1388 2610 Omnes
1425 2538 1620 2610 enim
1677 2549 1941 2611 norunt
1970 2549 2239 2634 quanto
2290 2539 2525 2612 studio

392 2654 740 2729 catholica
793 2655 1108 2730 Ecclesia
1162 2676 1446 2751 semper
1499 2655 1980 2742 inculcaverit,
2036 2677 2117 2728 ac
2178 2657 2521 2741 docuerit,

395 2787 684 2845 omnem
738 2774 1048 2844 animam
1099 2773 1460 2848 subditam
1515 2795 1671 2847 esse
1725 2773 2225 2868 potestatibus
2288 2773 2528 2846 subli-

397 2877 770 2975 mioribus,
827 2911 1214 2986 omnesque
1249 2892 1436 2965 civili
1489 2893 1892 2966 auctoritati
1930 2889 2286 2967 subiectos
2339 2911 2521 2978 esse,

397 3001 850 3101 debitamque
901 3004 1372 3080 obedientiam
1423 3019 1785 3102 praestare
1823 3006 2117 3080 omnino
2169 3003 2425 3080 debere
2454 3003 2525 3079 in

405 3123 492 3196 iis
544 3117 880 3196 omnibus
909 3173 932 3208 ,
984 3122 1164 3218 q'uae
1217 3118 1396 3209 Dei,
1453 3125 1743 3220 eiusque
1822 3118 2179 3196 Ecclesiae
2253 3121 2523 3219 legibus

401 3262 544 3316 non
597 3242 1086 3316 adversantur.
1143 3239 1490 3339 Equidem
1561 3263 2013 3338 summopere
2090 3242 2469 3316 dolendum
2501 3293 2523 3329 ,

399 3358 885 3434 huiuscemodi
921 3371 1158 3434 motus
1212 3356 1510 3436 Russico
1548 3358 1903 3434 Gubernio
1956 3380 2202 3434 ansam
2249 3361 2525 3434 dedisse

403 3479 489 3551 ad
527 3479 945 3554 catholicam
998 3481 1312 3577 quotidie
1347 3483 1572 3577 magis
1623 3480 2121 3565 divexandam,
2162 3493 2237 3554 et
2288 3486 2531 3577 oppri-

405 3595 740 3670 mendam
801 3595 1220 3671 Ecclesiam.

574 3710 760 3788 Dum
789 3703 1049 3788 'autem
1104 3715 1448 3789 eiusmodi
1499 3714 1949 3801 christianae,
2004 3715 2329 3812 civilique
2390 3715 2531 3788 rei-

407 3827 724 3926 publicae
775 3829 1296 3906 funestissimos
1334 3842 1571 3906 motus
1607 3831 2067 3928 reprobamus
2105 3855 2187 3906 ac
2238 3835 2536 3907 damna-

407 3967 596 4034 mus,
652 3948 841 4023 haud
893 3969 1299 4045 possumus,
1353 3951 1526 4046 quin
1576 3948 1906 4026 omnibus
1944 3953 2243 4026 summis
2304 3973 2536 4047 popu-

406 4063 634 4138 lorum
689 4061 1131 4163 Principibus
1171 4065 1634 4140 vehementer
1688 4065 2152 4154 inculcemus,
2191 4077 2273 4139 ut
2326 4089 2542 4162 quan-

407 4191 562 4253 tum
623 4181 693 4254 in
747 4181 918 4277 ipsis
971 4195 1108 4270 est,
1163 4183 1402 4258 omnia
1477 4195 1825 4258 conentur
1855 4235 1876 4270 ,
1933 4207 2023 4258 ne
2076 4181 2147 4258 in
2198 4205 2319 4260 eos
2362 4207 2538 4282 gra·-
