3317 5267
332 547 574 620 voluta
624 556 1069 642 permanent,
1125 546 1463 642 quamdiu
1514 547 1585 617 in
1622 545 1756 619 hae
1811 511 2090 621 mortali
2143 541 2304 622 'vita
2327 437 2478 644 ἒξ

330 663 775 758 regrinamur
822 685 865 736 a
918 661 1225 738 Domino
1276 659 1410 760 (l).

484 779 599 854 Ex
651 783 764 856 his
816 781 1145 856 omnihus
1198 792 1397 877 patet
1435 833 1457 867 ,
1514 780 1818 854 alienam
1873 784 2160 856 omnino
2215 805 2372 856 esse
2425 805 2468 856 a

330 896 722 972 eutholieae
771 897 1129 974 Ecclesiae
1178 898 1499 973 doctrina
1550 899 1980 973 sententiam
2015 952 2036 987 ,
2090 924 2231 997 qua
2283 902 2470 975 idem

328 1013 927 1092 Frohsehammer
962 1039 1277 1092 asserere
1310 1039 1457 1092 non
1492 1013 1814 1117 dubitat„
1853 1017 2090 1091 omnia
2145 1020 2472 1094 indiscri-

331 1135 657 1209 minatim
695 1135 1124 1211 christianae
1163 1137 1523 1234 religionis
1549 1138 1888 1234 dogmata
1923 1159 2080 1210 esse
2107 1139 2468 1234 obiectum

330 1251 675 1326 naturalis
726 1254 1121 1339 scientiae,
1178 1275 1307 1327 seu
1358 1251 1899 1350 philosophiae,
1955 1264 2032 1327 et
2083 1255 2469 1331 humanam

332 1369 682 1442 rationem
717 1369 1053 1446 historice
1082 1380 1365 1444 tantum
1402 1370 1788 1456 excultam,
1831 1371 2043 1445 modo
2107 1369 2282 1445 haee
2343 1373 2478 1448 do-

335 1495 577 1582 gmata
628 1486 762 1582 ipsi
814 1485 1071 1560 rationi
1130 1497 1497 1582 tamquam
1538 1483 1897 1581 objectum
1929 1451 2290 1600 proposita
2315 1487 2478 1562 fue-

328 1599 500 1688 rint,
552 1621 763 1704 posse
816 1623 907 1674 ex
958 1602 1135 1675 suis
1172 1601 1611 1676 naturalibus
1677 1599 1942 1675 viribus
1999 1615 2076 1675 et
2127 1602 2474 1698 principio

330 1713 419 1790 ad
459 1737 700 1790 veram
752 1716 843 1790 de
895 1717 1231 1824 omnihus
1264 1718 1480 1793 etiam
1536 1718 2120 1792 reconditioribus
2172 1720 2472 1816 dogma·-

331 1831 527 1908 tibus
574 1835 945 1912 seientiam
998 1836 1397 1934 pervenire.
1494 1865 1499 1872 ·
1815 1895 1822 1903 .

482 1948 683 2026 Nune
736 1975 907 2028 vero
958 1955 1031 2026 in
1084 1953 1497 2028 memoratis
1536 1954 1856 2049 ejusdem
1919 1952 2244 2029 Auctoris
2277 1955 2476 2028 seri*-

334 2069 483 2166 ptis
518 2067 653 2144 alia
679 2072 1087 2146 dominatur
1114 2073 1497 2158 sententia,
1528 2094 1712 2169 quae
1761 2073 2162 2148 catholicae
2199 2070 2506 2156 Eccle-⁴

336 2185 485 2260 siae
532 2188 925 2277 doctrinae,
988 2211 1071 2262 ae
1144 2189 1379 2262 sensui
1434 2189 1644 2284 plane
1695 2189 2136 2264 adversatur.
2175 2181 2466 2261 Etenim

332 2323 491 2376 eam
544 2305 1029 2402 philosophiae
1064 2303 1315 2379 tribuit
1366 2304 1796 2393 libertatem,
1837 2326 2017 2404 quae
2064 2329 2206 2380 non
2243 2307 2466 2380 scien-

192 2413 197 2416 ’
331 2420 844 2509 tiaelihertas,
898 2423 1023 2496 sed
1076 2423 1367 2497 omnino
1404 2421 1842 2516 reprobanda
1894 2435 1970 2495 et
2022 2420 2460 2498 intoleranda

332 2537 815 2635 philosophiae
864 2539 1147 2614 lieentia
1200 2540 1295 2612 sit
1356 2537 1799 2635 appellanda.
1867 2538 2186 2629 Quadam
2237 2541 2460 2614 -enim

334 2653 787 2730 distinetione
839 2657 1025 2730 inter
1069 2655 1569 2754 philosophum
1604 2669 1684 2730 et
1715 2655 2236 2754 philosophiam
2272 2657 2464 2733 saeta

330 2771 587 2848 tribuit·
616 2773 1037 2872 philosopho
1066 2777 1181 2872 jus
1218 2787 1295 2854 et
1328 2775 1633 2852 officium
1697 2797 1780 2852 se
1827 2775 2295 2851 submittendi
2333 2799 2464 2850 au-

334 2893 673 2981 etoritati,
728 2915 943 2992 quam
984 2915 1223 2968 reram
1262 2895 1415 2990 ipse
1446 2893 1880 2989 probaverit,
1921 2895 2042 2968 sed
2081 2905 2468 2991 utrumque

330 3007 819 3106 philosophiae
852 3013 951 3084 ita
988 3011 1315 3106 denegat,
1356 3022 1439 3084 ut
1472 3009 1664 3082 nulla
1683 3011 2058 3084 doetrinae
2112 3011 2466 3084 revelatae

333 3125 609 3202 ratione
654 3127 928 3216 habita,
992 3136 1287 3212 asserat,
1326 3126 1557 3221 ipsam
1588 3145 1988 3222 numquam
2041 3126 2328 3212 dehere,
2379 3148 2462 3199 ae

330 3263 549 3340 posse
596 3247 998 3320 auctoritati
1052 3267 1132 3319 se
1182 3244 1631 3319 submittere.
1673 3241 1874 3332 Quod
1911 3255 2104 3321 esset
2155 3242 2468 3318 toleran-

332 3362 505 3438 dum
558 3375 635 3438 et
684 3363 871 3440 forte
920 3365 1442 3440 admittendum
1481 3415 1504 3449 ,
1574 3366 1635 3436 ei
1691 3363 1869 3438 haee
1924 3363 2328 3454 dicerentur
2373 3364 2466 3438 de

326 3481 485 3578 jure
540 3496 847 3574 tantum,
884 3486 1075 3583 quod
1128 3484 1345 3560 hahet
1378 3483 1820 3580 philosophia
1875 3483 2024 3557 suis
2074 3482 2462 3579 principiiS,

392 3762 397 3768 '
493 3753 821 3837 (1)s.1o.
873 3751 1981 3838 Chrys.Homil.7.t9)in1.C01-.

497 3848 557 3913 8.
605 3843 809 3913 Ambr.
858 3848 937 3914 de
976 3849 1119 3916 Fide
1156 3851 1233 3915 ad
1262 3852 1435 3916 Grat.
1478 3851 1538 3914 1.
1583 3849 1686 3914 19.

349 3989 361 4000 .
500 3943 563 4008 8.
607 3945 727 4010 Leo
770 3942 850 4008 de
892 3944 1094 4016 Nativ.
1140 3945 1374 4014 Domini
1416 3945 1543 4010 Ser.
1592 3946 1653 4009 9.

382 4099 387 4102 ,
456 4037 559 4102 ,8.
602 4037 786 4121 Cyl-il.
832 4038 1003 4106 Alex.
1046 4046 1255 4104 eontra
1296 4039 1463 4104 Nest.
1510 4039 1615 4102 lib.
1663 4037 1732 4108 3.
1771 4036 1946 4104 initio
1987 4036 2048 4102 in
2089 3980 2281 4108 loan.
2303 4037 2362 4102 1.
2395 4037 2452 4101 9.

496 4132 559 4197 8.
604 4131 771 4197 ioan.
818 4129 988 4199 Dam.
1034 4131 1111 4198 de
1150 4131 1295 4198 Fide
1336 4143 1487 4199 orat.
1534 4133 1608 4199 ll.
1655 4133 1716 4200 1.
1767 4135 1826 4198 Ξ.
1875 4133 1936 4198 ἱιι
1976 4132 2040 4199 1.
2079 4129 2222 4198 Cor.
2267 4150 2322 4198 o.
2361 4133 2420 4194 2.

496 4225 559 4290 S.
604 4225 852 4292 Hieron.
900 4225 962 4290 in
1006 4225 1140 4291 Gal.
1186 4225 1287 4291 lll.
1333 4227 1393 4290 2.
