3317 5267
2319 462 2402 531 91

280 574 549 651 Mariae
600 575 837 671 plures
892 572 1149 647 abhinc
1202 596 1427 647 annos
1474 574 1549 647 in
1602 576 1734 650 hac
1785 574 1972 649 alma
1997 573 2214 648 Urbe
2266 573 2414 650 No-

278 705 432 766 stra
486 693 959 767 Seminarium
1014 690 1359 765 Gallicum
1428 693 1734 789 propriis
1811 690 2216 788 sumptibus
2255 744 2276 780 ,
2333 715 2418 765 ac

276 821 530 885 nostra
566 811 783 883 etiam
820 833 954 905 ope
990 810 1415 907 auxilioque,
1458 812 1529 882 in
1566 809 1856 885 aedibus
1893 810 2194 885 Sanctae
2249 809 2416 883 Cla-

276 952 403 1003 rae
456 929 545 1004 ad
600 930 949 1003 Thermas
1027 928 1377 1025 Agrippae
1428 930 1501 1002 in
1570 932 1857 1027 regione
1907 954 2094 1004 nona
2123 982 2145 1017 ,
2203 932 2415 1028 vulgo

278 1044 549 1145 Piyna,
590 1069 674 1119 ea
710 1068 880 1119 sane
932 1057 1175 1120 mente
1212 1056 1557 1134 erectum,
1588 1056 1670 1119 ut
1705 1070 1848 1121 non
1883 1048 2112 1123 solum
2165 1046 2417 1122 Clerici

278 1188 375 1238 ex
426 1163 689 1237 Galliae
743 1160 1195 1241 Dioecesihus
1232 1163 1537 1239 Romam
1566 1166 1958 1252 venientes,
1989 1188 2070 1239 ac
2095 1167 2412 1241 nondum

277 1286 773 1361 ecclesiasticis
822 1286 1205 1383 disciplinis
1252 1287 1563 1361 instituti
1596 1287 2143 1384 philosophiam,
2201 1290 2410 1363 theo-

280 1404 555 1501 logiam
610 1415 765 1478 tum
817 1404 1318 1501 dogmaticam,
1374 1414 1531 1477 tum
1580 1405 1952 1492 moralem,
2005 1428 2090 1479 ac
2137 1405 2412 1481 divinas

280 1520 563 1595 litteras
602 1574 625 1609 ,
680 1520 1227 1595 ecclesiasticam
1280 1520 1653 1595 historiam
1694 1573 1716 1609 ,
1764 1521 1882 1617 jus
1933 1524 2348 1597 canonicum
2388 1576 2410 1611 ,

282 1658 663 1735 sacrosque
698 1639 903 1725 ritus,
944 1639 1449 1725 caeremonias,
1490 1648 1704 1735 atque
1741 1639 2116 1716 orientales
2139 1640 2414 1739 linguas

280 1778 371 1829 ex
428 1754 793 1829 Romanae
842 1755 1197 1831 Ecclesiae
1250 1758 1570 1831 omnium
1631 1756 2107 1833 Ecclesiarum
2161 1760 2412 1833 matris

280 1884 361 1945 et
410 1876 789 1970 magistrae
843 1896 1047 1959 more
1092 1875 1579 1971 institutisque
1630 1876 2044 1951 condiscant
2084 1929 2102 1963 ,
2161 1897 2410 1951 verum

274 1994 498 2067 ctiam
546 2004 629 2067 ut
658 1994 973 2091 juniores
1008 1994 1428 2090 praesertim
1492 1990 1756 2068 Galliae
1793 1996 2234 2083 Sacerdotes,
2295 1999 2404 2072 vel

284 2106 563 2198 Clerici,
618 2110 741 2207 qui
792 2111 865 2182 in
919 2112 1069 2184 suis
1116 2112 1500 2206 provinciis
1552 2122 1976 2184 consuetum
2013 2113 2407 2203 studiorum

274 2223 642 2299 confecere
692 2226 1147 2315 curriculum,
1174 2227 1249 2299 in
1301 2226 1810 2301 ecclesiasticas
1846 2227 2246 2324 disciplinas
2281 2232 2410 2303 ad-

275 2344 647 2420 discendas
696 2344 959 2418 diutius
992 2342 1427 2431 incumbere,
1457 2366 1541 2419 ac
1576 2365 1819 2417 veram
1855 2366 2406 2444 germanamque

280 2460 715 2549 divinarum,
769 2484 1265 2559 sacrarumque
1302 2484 1543 2536 rerum
1577 2463 2052 2559 cognitionem
2079 2474 2154 2539 et
2187 2468 2410 2540 scien-

275 2579 456 2651 tiam
510 2602 601 2652 ex
648 2580 803 2675 ipso
853 2577 1051 2653 fonte
1102 2578 1447 2675 maiorem
1500 2579 1573 2653 in
1626 2580 1919 2654 modum
1997 2581 2278 2655 haurire
2330 2594 2406 2658 et

274 2697 617 2793 consequi
670 2697 973 2793 possint,
1011 2718 1153 2794 quo
1181 2698 1317 2793 ipsi
1350 2696 1731 2793 religionis,
1769 2700 2196 2797 pietatisque
2247 2712 2406 2776 stu-

274 2814 395 2890 dio
424 2866 447 2901 ‚
504 2826 583 2887 et
630 2837 801 2889 vero
854 2814 1328 2889 ecclesiastico
1376 2816 1629 2912 spiritu
1679 2818 1997 2905 incensi,
2053 2842 2134 2893 ac
2169 2842 2340 2893 sana
2379 2874 2400 2909 ,

276 2932 643 3029 solidaque
677 2934 997 3007 doctrina
1032 2934 1359 3007 instructi
1397 2934 1469 3006 in
1508 2932 1808 3007 Galliam
1843 2936 2246 3025 redeuntes,
2301 2939 2402 3013 rei

275 3049 697 3144 praesertim
750 3072 989 3123 sacrae
1026 3048 1186 3125 usui
1222 3061 1297 3123 et
1330 3064 1752 3125 ornamento
1785 3074 1970 3141 esse,
2010 3064 2224 3150 atque
2277 3078 2408 3129 au-

276 3164 631 3241 xiliariam'
682 3168 983 3263 propriis
1018 3186 1377 3241 sacrorum
1414 3165 1868 3241 Antistitibus
1903 3171 1975 3241 in
2013 3171 2218 3244 vinea
2257 3168 2403 3247 Do—

274 3286 457 3359 mini
511 3286 917 3375 excolenda,
974 3298 1049 3361 et
1100 3288 1531 3383 sempiterna
1564 3286 1936 3362 hominum
1975 3290 2200 3363 salute
2236 3313 2404 3386 pro—

200 3416 205 3421 “
274 3405 590 3479 curanda
642 3426 931 3500 operam
982 3426 1243 3476 navare
1288 3414 1576 3500 queant.

434 3525 598 3599 Jam
650 3549 819 3601 vero
850 3580 871 3615 ,
934 3523 1172 3603 dilecti
1222 3524 1347 3599 filii
1398 3524 1709 3623 Ignatius
1771 3525 2406 3604 Schwindenham-

272 3664 439 3717 mer
488 3666 865 3741 supremus
914 3654 1514 3720 commemoratae
1592 3642 2170 3743 Congregationis
2243 3648 2402 3725 Μο-

274 3762 589 3851 deratolj,
646 3776 722 3834 et
766 3762 1103 3836 Melchior
1153 3760 1379 3858 Freyd
1433 3761 1751 3857 ejusdem
1831 3762 2075 3838 Gallici
2135 3765 2250 3839 hic
2325 3768 2416 3839 in·

278 3880 475 3954 Urbe
528 3880 900 3954 Seminarii
954 3880 1217 3956 Rector
1250 3879 1457 3957 enixe
1493 3904 1534 3953 a
1570 3882 1774 3957 nobis
1809 3882 2398 3981 efflagitaverunt,

274 4008 364 4071 ut
414 4018 744 4093 suprema
792 3994 1048 4071 Nostra
1126 3996 1545 4070 auctoritate
1606 3999 1794 4072 idem
1845 4000 2316 4073 Seminarium
2371 4009 2434 4090 ,'

276 4114 581 4211 ejusque
626 4113 905 4209 regulas
954 4136 1135 4210 quas
1186 4112 1321 4184 viri
1390 4110 1820 4211 integritate,
1865 4128 1952 4190 et
2009 4118 2402 4193 eruditione

278 4240 730 4335 praestantes
782 4230 1025 4305 sedulo
1060 4244 1646 4327 mcognoverunt,
1685 4234 2073 4333 approbare
2107 4246 2184 4311 et
2231 4258 2402 4309 san-
