3317 5267
874 451 1189 663 gzguam
1240 565 1587 650 animum,
1643 561 1895 637 Dilecti
1953 561 2112 637 Filii
2175 561 2414 638 Nostri
2476 587 2560 638 ac
2619 562 3012 640 Venerabi-

869 681 975 756 les
1024 681 1334 769 Fratres,
1392 703 1557 756 cum
1619 707 1653 751 «
1699 681 2076 756 consilium
2129 691 2490 768 nostrum,
2545 695 2622 755 et
2672 680 3012 756 fortitudo

880 823 917 868 i>
975 800 1074 873 sit
1120 798 1494 886 Christus,
1555 823 1637 874 ac
1703 799 1858 873 sine
1939 804 2109 896 quo'
2155 797 2328 870 nihil
2395 821 2776 896 possumus
2807 853 2832 886 ‚
2895 821 3020 896 per

878 939 913 986 ι)
972 917 1207 1012 ipsum
1260 916 1936 1012 cunctapossimus
1975 968 2005 1003 .,
2061 917 2186 1014 qui
2240 915 2666 991 confirmans
2719 915 3018 1013 praecli-

880 1061 917 1106 ⁴»
974 1047 1248 1124 catores
1292 1035 1674 1133 Evangelii
1705 1085 1727 1123 ‚
1781 1039 1858 1108 et
1905 1035 2530 1111 Sacramentorum
2581 1034 2958 1110 ministros
2987 1085 3009 1122 ‚

878 1179 917 1225 n
964 1177 1139 1228 ecce
1190 1157 1349 1252 e'go‚'
1402 1154 1657 1251 inquit,
1702 1153 2084 1228 vobiscum
2137 1175 2302 1228 sum
2353 1152 2682 1227 omnihus
2743 1151 3012 1227 ‹liebus›

880 1296 914 1341 »
974 1272 1337 1371 usquead
1388 1271 2080 1347 consummationem
2131 1269 2398 1346 saeculi
2435 1267 2538 1368 (1)
2597 1295 2668 1356 n,
2705 1282 2786 1346 et
2837 1291 3008 1344 mm

872 1397 1068 1464 certo
1116 1390 1450 1478 sciam-12³,
1504 1385 1714 1461 inferi
1761 1399 2022 1486 portas·
2065 1409 2433 1486 nunquam
2473 1409 2652 1462 esse
2701 1409 3010 1482 praevale

874 1506 1121 1581 lituras
1173 1507 1510 1581 adversus
1560 1505 1982 1591 Ecclesiam,
2044 1527 2240 1602 quae
2267 1524 2552 1602 semper
2583 1505 2818 1592 stetit,
2855 1515 3012 1578 sta-

871 1623 1116 1721 bitque
1170 1624 1492 1712 immota,
1547 1623 1838 1698 custode
1890 1635 1996 1696 et:
2019 1623 2316 1696 vindice.
2351 1620 2638 1700 Christo
2677 1621 2832 1696 lesu
2857 1619 3007 1697 Do-

872 1742 1067 1816 mino
1118 1741 1403 1830 Nostro,
1458 1743 1580 1839 qui
1632 1761 1796 1814 eam
1845 1737 2265 1828 aedificavit,
2321 1754 2404 1814 et
2455 1741 2591 1838 qui·
2631 1740 2772 1817 fuit
2813 1739 3006 1827 liert}

867 1875 939 1935 et
982 1861 1223 1952 hodie,
1279 1864 1429 1962 ipse
1482 1859 1547 1935 et
1602 1861 1682 1934 in
1736 1856 2028 1934 saecula·
2096 1858 2240 1959 (2).-
2311 1903 2338 1914 ··

1026 1979 1157 2055 Ne·
1179 1981 1589 2056 desinamus
1642 1989 1914 2065 autem,
1968 1975 2228 2052 Dilecti
2255 1977 2426 2050 Filii
2463 1976 2705 2053 Nostri
2747 2001 2836 2053 ae
2871 1977 3013 2052 Ve-

870 2095 1219 2172 nerabiles
1270 2095 1580 2183 Fratres,
1635 2095 2047 2169 ardentiore.
2071 2110 2312 2191 ’usque
2363 2095 2602 2170 studio
2639 2095 2734 2168 in.
2767 2095 3010 2169 humi·-

865 2214 1068 2289 litate
1120 2211 1349 2290 cordis
1401 2213 1627 2288 nostri
1699 2211 2058 2288 orationes
2127 2222 2208 2284 et
2274 2211 2794 2307 postulationes
2859 2211 3004 2287 Deo

850 2356 979 2430 per
1028 2331 1266 2406 lesum
1319 2329 1684 2405 Christum
1737 2328 1918 2404 dies³
1941 2335 2356 2424 noctesque·
2383 2327 2666 2415 offerre,
2721 2341 2830 2417 ut,
2869 2330 2998 2404 hac

868 2448 1477 2525 turbulentissima
1512 2446 2297 2544 tempestatedepulsa,
2333 2445 2656 2522 Ecclesia
2681 2466 2815 2524 sua
2849 2469 3000 2526 sam

866 2577 987 2640 cta
1036 2585 1079 2638 a
1132 2565 1353 2638 tantis
1400 2562 1924 2639 calamitatibus
1974 2563 2305 2660 respiret,
2361 2573 2436 2638 et
2470 2563 2738 2662 ubique
2777 2577 3005 2640 terra-

798 2715 807 2722 ·
866 2703 1028 2758 rum
1080 2684 1525 2782 optatissima
1576 2705 1749 2780 pace
1804 2706 1886 2758 ac
1936 2681 2266 2756 libertate
2319 2681 2620 2773 fruatur,
2667 2697 2746 2760 et
2779 2709 3002 2760 novos

867 2822 951 2874 ac
1000 2799 1509 2898 splendidiores
1557 2799 1645 2874 de
1695 2801 1845 2873 suis
1917 2799 2222 2874 inimicis
2297 2809 2460 2895 agat
2533 2801 2934 2898 triumphos
2975 2852 3000 2888 ,

864 2930 1087 3017 utque
1138 2941 1389 2993 omnes
1443 2929 1760 2993 errantes
1812 2917 2094 2992 divinae
2143 2939 2316 2992 suae
2383 2917 2666 3012 gratiae
2695 2979 2703 2986 .
2731 2918 3003 2992 lumine

750 3088 753 3091 -
862 3035 1129 3126 perfusi
1180 3034 1281 3109 ab·
1326 3035 1583 3108 erroris
1638 3035 1752 3108 via
1803 3034 1891 3108 ad
1946 3033 2293 3121 veritatis,
2355 3034 2818 3132 iustitiaeque
2869 3035 3006 3110 iter

863 3166 1339 3240 revertantur,
1392 3179 1477 3228 ac
1527 3155 1820 3252 dignum
1860 3153 2340 3251 poenitentiae
2379 3151 2694 3229 fructum
2735 3155 3002 3230 facien-

868 3287 977 3348 tes
1030 3284 1453 3371 perpetuum
1506 3275 1736 3348 sancti
1787 3275 1898 3351 sui
1949 3273 2264 3349 nominis
2315 3295 2634 3348 amorem
2673 3286 2748 3349 et
2783 3276 3002 3350 timo-

862 3415 1014 3467 rem
1068 3392 1401 3466 habeant.
1458 3391 1557 3467 Ut
1607 3393 2100 3469 autemdives
2151 3394 2227 3465 in
2281 3392 2762 3468 misericordia
2799 3393 2994 3469 Deus

863 3509 1405 3585 ferventissimis
1457 3513 1722 3587 nostris
1779 3511 2111 3608 precibus
2145 3507 2420 3584 facilius
2457 3521 2752 3599 annuat,
2793 3512 3002 3588 invo-

861 3649 1105 3701 cemus
1157 3629 1736 3724 potentissimum
1787 3629 2288 3705 immaculatae
2355 3629 3000 3728 Sanctissimaeque

862 3741 991 3816 Dei
1046 3739 1419 3818 Genitricis
1476 3742 1785 3843 Virginis
1839 3745 2100 3820 Mariae
2153 3746 2654 3841 patrocinium,
2707 3770 2793 3820 ac
2845 3745 3000 3821 suf-

860 3858 1095 3958 fragia·
1118 3871 1449 3956 petamus
1470 3861 1906 3937 Sanctorum
1945 3861 2446 3959 Apostolorum
2473 3861 2668 3938 Petri
2691 3871 2769 3938 et
2794 3861 3000 3939 Paul»-

856 3977 933 4065 li,
990 3979 1450 4078 omniumque
1502 3981 1887 4057 Beatorum
1942 3981 2294 4056 Caelitum
2333 4035 2355 4070 ‚
2411 3995 2492 4058 ut
2545 3983 2792 4058 validis
2837 3983 2996 4058 suis

1020 4179 1113 4262 (1)
1153 4180 1215 4244 S.
1261 4181 1381 4248 Leo
1422 4156 1616 4266 Enist.
1662 4131 1803 4250 167.
1850 4185 1925 4250 ad
1969 4183 2200 4250 Rustic.
2245 4184 2511 4250 Narbon.
2557 4183 2840 4268 Episcop.

1020 4273 1108 4356 (Ξ)
1153 4273 1213 4338 S.
1264 4275 1431 4341 Paul.
1477 4277 1666 4359 Epist.
1716 4277 1790 4344 ad
1835 4277 2016 4342 Hebr.
2065 4295 2120 4340 o.
2167 4277 2264 4356 13,
2307 4297 2372 4344 v.
2419 4277 2476 4342 8.
2695 4327 2698 4330 .
