3317 5267
815 380 964 450 466

809 494 907 570 Et
963 493 1300 592 quoniam
1353 493 1652 570 miseros
1682 493 1877 570 ,facit
1924 497 2253 596 populos.
2313 507 2689 594 peccatum
2732 547 2754 584 ,
2842 518 2943 571 o-

811 633 1058 684 mnem
1110 611 1584 708 episcopalem
1637 624 1953 688 vestram
2006 615 2557 691 sollicitudinem
2592 625 2671 688 et
2704 612 2947 687 zelum
2976 663 3003 674 -

813 730 886 802 in
969 728 1162 802 vitiis
1237 728 1665 827 flagitiisque
1740 730 2081 808 radicitus
2156 733 2593 830 extirpandis
2664 734 2959 828 impen-

814 847 962 922 dite
995 900 1016 935 ,
1097 858 1174 922 et
1251 870 1616 945 nunquam
1700 851 2155 926 intermittite
2206 849 2663 950 {singularem
2742 849 2951 924 adbi-

817 966 984 1042 bere
1041 967 1506 1064 vigilantiam,
1561 980 1646 1042 ut
1694 969 1937 1045 fideles
1988 969 2211 1047 Vobis
2263 970 2647 1046 concrediti
2700 969 2949 1066 quoti-

815 1085 928 1159 die
981 1087 1207 1181 magis
1259 1086 1554 1159 enutriti
1606 1087 1843 1161 verbis
1894 1087 2052 1163 fidei
2094 1139 2117 1177 ,
2198 1102 2275 1164 et
2352 1110 2483 1184 per
2560 1088 2955 1184 gratiarum

818 1201 1254 1276 charismata
1307 1202 1700 1278 confirmati
1763 1205 2099 1279 recedant
2174 1227 2217 1278 a
2266 1204 2458 1280 malo
2536 1215 2613 1277 et
2687 1203 2959 1276 faciant

821 1319 1119 1406 bonum,
1175 1333 1254 1396 et
1305 1323 1623 1397 alacriori
1676 1345 1903 1423 usque
1954 1325 2133 1420 pede
2185 1325 2680 1420 incedantper
2728 1321 2959 1395 semi-

819 1449 930 1510 tas
983 1436 1296 1528 Domini,
1351 1453 1426 1514 et
1479 1442 1717 1516 omnia
1773 1440 1932 1532 Dei,
1986 1445 2282 1543 eiusque
2334 1455 2625 1519 sanctae
2702 1439 2959 1514 Eccle-

819 1554 965 1628 siae
1017 1557 1348 1630 mandata
1399 1557 1923 1655 religiosissime
1974 1560 2361 1637 observent
2416 1560 2644 1656 iisque
2714 1556 2958 1632 omni-

820 1673 956 1748 bus
1007 1675 1276 1749 instent
1333 1678 1690 1773 operibus,
1746 1703 1929 1777 quae
1980 1683 2351 1756 caritatem
2404 1680 2521 1753 vel
2572 1680 2650 1752 in
2692 1675 2957 1760 Deum,

820 1793 934 1866 vel
985 1793 1060 1866 in
1112 1795 1516 1891 proximum
1571 1797 2073 1893 praeseferant.
2134 1799 2496 1889 Quantum
2550 1807 2791 1872 autem
2844 1796 2962 1867 in-

825 1909 1124 1995 dustria,
1179 1913 1502 2001 consilio,
1557 1917 1981 1988 auctoritate
2034 1916 2208 1989 eniti
2262 1927 2337 1988 et
2396 1913 2669 1988 efficere
2746 1923 2964 2010 pote-

823 2027 980 2114 stis,
1037 2029 1212 2101 nihil
1269 2053 1582 2128 unquam
1639 2033 2075 2106 intentatum
2124 2033 2529 2130 relinquite,
2586 2041 2670 2104 ut
2736 2031 2961 2105 mise-

829 2171 948 2222 ros
1001 2159 1319 2222 errantes
1374 2151 1460 2222 ad
1498 2149 1747 2223 salutis
1786 2152 2151 2224 tramitem
2206 2151 2567 2237 reducere,
2626 2159 2703 2222 et
2752 2145 2964 2220 Chri-

825 2277 940 2340 sto
989 2263 1400 2342 lucrii-'acere
1458 2267 1775 2342 valeatis.
1836 2267 1935 2342 Ac
1988 2266 2469 2343 Parecborum
2540 2265 2966 2364 praesertim

829 2383 1056 2457 zelum
1111 2385 1592 2460 indesinenter
1644 2388 1963 2461 excitate
2012 2397 2089 2461 et
2141 2387 2605 2474 inflammate,
2658 2397 2749 2458 ut
2798 2405 2969 2479 pro-

829 2505 984 2599 prio
1037 2527 1331 2578 munere
1381 2505 1921 2600 diligentissime
1976 2505 2357 2604 fungentes
2408 2527 2777 2603 nunquam
2804 2527 2970 2580 ces-

829 2632 992 2693 sent
1042 2619 1504 2694 christianam
1556 2621 1839 2718 plebem
1898 2620 2033 2696 sibi
2086 2624 2544 2700 commissam
2598 2622 2691 2696 ab
2742 2643 2969 2695 vene-

827 2739 1018 2812 natis
1045 2739 1320 2835 pascuis
1379 2751 1728 2828 avertere,
1770 2752 1987 2837 atque
2020 2740 2108 2815 ad
2180 2741 2516 2816 salutaria
2584 2737 2961 2824 deducere,

829 2878 1129 2954 eamque
1181 2856 1628 2930 continenter
1678 2876 1969 2954 pascere
2020 2857 2241 2932 divini
2295 2857 2495 2934 verbi
2546 2857 2955 2955 praeconio,

831 2989 908 3052 et
958 2975 1609 3062 Sar-ramentorum,
1661 2998 1746 3048 ac
1798 2973 2259 3050 multiformis
2314 2977 2581 3072 gratiae
2633 2973 2763 3050 Dei
2842 2975 2971 3049 di-

833 3097 1314 3192 spensatione,
1369 3102 1446 3166 et
1497 3113 1863 3189 nunquam
1914 3114 2037 3166 eos
2088 3094 2329 3190 pigeat
2396 3102 2729 3189 aegrotos
2808 3091 2973 3166 visi-

839 3227 1017 3300 tare,
1073 3211 1368 3308 illosque
1421 3212 1622 3285 omni
1674 3231 2035 3285 sacrorum
2090 3233 2225 3309 ope
2278 3211 2521 3286 sedulo
2557 3211 2829 3300 iuvare,
2892 3221 2973 3285 et

837 3351 1089 3406 omnes
1139 3351 1314 3402 sana
1365 3328 1686 3404 doctrina
1738 3329 2044 3418 erudire3
2098 3341 2175 3404 et
2204 3331 2417 3428 quod
2450 3338 2669 3425 caput
2714 3340 2857 3418 est,
2886 3349 2973 3404 ac

839 3447 954 3522 vel
1007 3449 1320 3523 maxime
1371 3449 1697 3537 interest,
1760 3449 2187 3524 documenta
2261 3448 2449 3536 fidei,
2540 3467 2969 3544 mor-umque

841 3568 1284 3666 disciplinam
1335 3565 1592 3642 leniter
1643 3567 2029 3642 admodum
2076 3567 2577 3664 patienterque
2602 3564 2963 3661 puerulos,

844 3690 1194 3785 rudesque
1219 3686 1546 3763 homines
1569 3688 1851 3779 docere,
1880 3709 1971 3762 ne
1997 3685 2365 3784 quandoin
2392 3687 2585 3783 ipsos
2612 3679 2975 3760 Paret-‚hos

847 3808 1264 3910 exprobatio
1317 3806 1436 3880 illa
1483 3807 1718 3884 cadat:
1778 3803 2083 3881 Parvuli
2130 3805 2498 3906 petierunt
2544 3825 2837 3903 panem,
2906 3815 2979 3874 et

847 3951 989 4002 non
1043 3937 1199 4000 erat
1248 3922 1376 4025 qui
1424 3923 1795 4021 franycret
1846 3923 1949 3998 eis
2002 3921 2133 4022 (1).
2190 3922 2375 4000 Cum
2428 3934 2671 3998 autem
2694 3921 2786 3996 ad
2816 3915 2979 4018 spi·-

1009 4173 1100 4255 (1)
1135 4171 1354 4236 Ierem.
1401 4167 1548 4234 Thr.
1595 4165 1675 4234 IV
1736 4183 1799 4231 v.
1848 4167 1902 4256 a)
