3317 5267
2265 464 2408 535 107

1188 694 1361 767 Αιιτ.
1418 694 1507 767 Π.

446 929 1031 1028 Archiepiscopus
1083 941 1467 1028 antequam
1522 928 1878 1008 Ecclesiae
1931 958 2100 1009 suae
2151 934 2413 1033 guber-

291 1045 543 1119 nacula
604 1047 945 1143 suscipiet
972 1098 995 1135 ‚
1048 1068 1291 1123 coram
1358 1047 1579 1146 Regia
1661 1047 2093 1125 Celsitudine
2171 1050 2412 1127 fideli-

291 1166 461 1239 tatis
540 1164 1027 1241 Iuramentum
1107 1166 1395 1241 emittet
1444 1166 1906 1265 sequentibus
1968 1167 2206 1243 verbis
2273 1193 2408 1243 ex-

290 1302 617 1378 pressum
652 1306 671 1353 :
1512 1299 1528 1309 ’

446 1426 481 1471 α
541 1399 697 1497 Ego
748 1402 903 1476 iuro
952 1411 1029 1475 et
1078 1401 1422 1498 promitto
1472 1402 1563 1477 ad
1613 1416 1860 1477 sancta
1910 1399 2040 1477 Dei
2073 1400 2408 1501 Evange-

280 1516 403 1606 lia,
458 1519 647 1593 sicut
692 1521 898 1594 decet
946 1518 1407 1618 Episcopum,
1462 1521 1940 1597 obedientiam
1978 1533 2054 1596 et
2101 1521 2408 1598 fidelita-

292 1644 439 1709 tem
493 1636 755 1735 Regiae
810 1638 1223 1714 Celsitudini
1276 1650 1351 1714 et
1404 1638 1946 1714 Successoribus
1997 1638 2202 1727 suis3
2253 1640 2410 1715 iuro

286 1750 463 1825 item
514 1766 593 1827 et
641 1756 1007 1851 promitto,
1046 1778 1163 1829 me
1216 1754 1485 1829 nullam
1522 1754 2242 1830 communicationem
2276 1755 2410 1827 ha-

282 1864 629 1959 biturum,
682 1872 996 1970 nullique
1046 1874 1343 1949 consilio
1384 1872 1919 1961 interfuturum,
1957 1871 2150 1969 quod
2203 1884 2408 1947 trun-

284 1987 617 2084 quillitati
650 1990 971 2087 publicae
1008 2003 1285 2081 noceat,
1316 1994 1726 2089 nullamque
1753 2002 2164 2089 suspectam
2199 1992 2410 2066 unio-

284 2128 457 2179 nem
492 2132 723 2207 neque
760 2110 945 2184 intra
980 2132 1213 2209 neque
1252 2123 1457 2185 extra
1500 2103 1740 2208 Magni
1773 2110 2092 2185 Ducatus
2144 2110 2408 2185 limites

279 2234 871 2300 conservam-'mn
900 2277 925 2315 ‚
980 2238 1195 2326 atque
1246 2228 1309 2302 si
1358 2227 1721 2324 publicum
1769 2226 2052 2323 aliquod
2127 2224 2410 2321 pericu·-

282 2338 437 2413 lum
490 2342 861 2418 imminere
914 2344 1351 2432 resciret-im,
1405 2363 1525 2419 me
1576 2344 1665 2418 ad
1719 2342 1888 2417 illud
1941 2342 2410 2419 avertendum

284 2456 465 2533 nihil
516 2460 943 2535 omissurum
978 2486 1013 2531 υ
1028 2514 1044 2531 .

1160 2694 1337 2769 Aur.
1397 2694 1517 2768 111.

440 2926 675 3027 Magni
704 2928 917 3005 Ducis
946 2928 1413 3018 Gubernium,
1444 2950 1609 3005 cum
1646 2930 1959 3026 primum
1997 2872 2404 3027 temporum

284 3046 473 3122 ratio
522 3050 955 3145 permiserit,
1007 3045 1310 3136 curabit,
1365 3059 1449 3122 ut
1502 3046 2166 3147 Archiepiscopatus
2201 3072 2404 3123 suam

280 3162 528 3239 dotem
582 3162 843 3238 habeat
890 3166 963 3237 in
1016 3162 1220 3239 bonis
1270 3160 1668 3238 stabilibus.

1161 3395 1335 3470 Aur.
1394 3394 1514 3469 IV.

442 3632 577 3709 Pro
628 3634 966 3731 regimine
1020 3630 1573 3707 Archidioecesis
1628 3652 1798 3705 suae
1855 3628 2402 3730 Archiepiscopo

280 3772 499 3828 omne
552 3751 617 3826 id
672 3774 1001 3826 exercere
1050 3750 1351 3827 liberum
1403 3750 1565 3837 erit,
1602 3749 1794 3847 quod
1829 3749 1902 3821 in
1955 3747 2103 3821 vim
2155 3758 2402 3845 pasto-

276 3868 449 3942 ralis
482 3868 633 3943 eius
668 3868 1067 3957 ministerii,
1096 3870 1247 3943 sive
1272 3890 1364 3943 ex
1398 3866 1896 3953 declaratione,
1933 3864 2090 3939 sive
2125 3886 2220 3939 ex
2251 3862 2401 3937 dis-

278 3987 633 4086 positione
685 3986 1059 4061 Sacrorum
1112 3983 1481 4061 Canonum
1532 3986 1733 4058 iuxta
1767 3992 2249 4080 praesentem,
2323 3991 2398 4055 et

276 4129 321 4178 a
374 4102 635 4180 Sancta
654 4094 851 4181 'Sede
888 4104 1350 4201 adprobatam
1386 4102 1744 4179 Ecclesiae
1777 4100 2222 4197 disciplinam
2263 4098 2402 4196 ipsi

279 4222 653 4319 competit,
709 4233 785 4295 et
852 4220 1315 4317 praesertim:
