3317 5267
844 428 1013 614 {gis
1073 534 1365 609 Litteris
1430 530 1708 605 Annulo
1769 526 2150 602 Piscatoris
2215 527 2632 625 obsignatiS‚
2707 544 2785 607 et
2853 528 3000 605 Vn

843 655 1012 731 Idus
1063 652 1373 759 proximi
1423 648 1696 723 mensis
1748 645 2053 719 Ianuarii
2082 644 2292 718 editis
2345 644 2574 743 magis
2611 648 3004 745 magisque

846 774 1235 870 intelligere
1274 769 1634 867 potuistis,
1667 788 1885 863 quam
1915 763 2381 837 vehementer
2405 764 2622 839 Nobis
2657 768 2850 842 cordi
2895 767 3003 840 sit

844 893 1143 966 istarum
1200 884 1666 962 Orientalium
1719 880 2070 955 Ecclesnar
2073 902 2194 953 um
2249 878 2548 969 bonum,
2587 882 2862 955 utilitas
2907 906 3004 956 ac

845 1007 1303 1106 prosperitas.
1360 1002 1684 1097 Namque
1735 999 1990 1073 ilsdem
2042 994 2332 1070 Litteris
2393 998 2827 1093 peculiarem
2895 1022 3004 1075 ex

844 1124 1403 1221 Congregatione
1456 1116 1650 1193 Fidei
1705 1115 2199 1213 propagandae
2235 1114 2616 1189 conflatam
2653 1113 2994 1213 Congre-

848 1242 1207 1338 gationem
1273 1235 1803 1320 constituimus,
1833 1250 1842 1257 ·
1877 1254 2060 1329 quae
2130 1230 2362 1303 eidem
2435 1228 3004 1329 congregationi

844 1359 1041 1433 Fidei
1102 1352 1595 1453 propagandae
1661 1360 1769 1424 tot
1827 1349 2132 1423 assiduis
2197 1347 2780 1445 gravissimisque
2847 1372 3004 1424 00—

842 1470 1341 1571 cupationibus
1392 1489 1575 1565 pene
1626 1465 1922 1540 obrutae
1977 1464 2228 1539 maiori
2279 1464 2376 1536 sit
2427 1466 2718 1551 auxilio,
2753 1488 3002 1563 quae-

841 1616 983 1690 que
1039 1610 1327 1687 operam
1382 1586 1471 1659 ab
1532 1586 1684 1682 ipsa
1750 1584 1944 1657 Fidei
2007 1584 2500 1679 propagandae
2563 1582 3000 1683 congrega-

849 1712 1043 1785 tione
1095 1709 1435 1793 hactenus
1488 1704 1688 1778 omni
1738 1702 2000 1789 studio,
2055 1724 2138 1775 ac
2199 1722 2484 1776 summa
2547 1725 2714 1777 cum
2775 1702 2996 1779 laude

850 1830 1264 1926 praestitam
1320 1826 1421 1899 ita
1471 1835 1826 1909 exerceat,
1883 1835 1968 1895 ut
2019 1823 2256 1895 omnia
2308 1821 2774 1897 Orientalium
2839 1822 2996 1899 Ec-

845 1948 1223 2023 clesiarum
1276 1943 1559 2041 negotia
1610 1942 1817 2015 unice
1854 1939 2226 2013 tractanda
2263 1953 2340 2013 et
2373 1941 2820 2037 expedienda
2857 1966 2994 2017 cu-

848 2075 986 2139 ret.
1039 2060 1145 2136 Ea
1195 2060 1513 2159 profecto
1560 2081 1688 2154 spe
1723 2066 2216 2131 sustentamur
2251 2055 2426 2143 fore,
2465 2070 2573 2144 ut,
2615 2055 2765 2132 Deo
2799 2058 2992 2135 hene

852 2186 1167 2269 iuvante,
1224 2206 1313 2255 ex
1366 2179 1772 2255 huiusmodi
1827 2176 2086 2251 Nostro
2145 2176 2440 2251 consilio
2499 2190 2576 2250 et
2635 2178 2986 2273 sollicitu-

852 2302 1015 2376 dine
1068 2301 1137 2374 in
1192 2321 1439 2373 omnes
1490 2295 1884 2371 Orientales
1937 2295 2260 2367 nationes
2297 2295 2678 2390 spiritualis
2713 2296 2988 2373 utilitas

708 2402 715 2409 ⁸
849 2416 1167 2515 quotidie
1218 2414 1447 2511 magis
1498 2413 1869 2485 redundet.
1927 2409 2217 2483 Etenim
2273 2411 2482 2507 plane
2531 2412 2981 2505 confidimus,

854 2536 1035 2609 hanc
1088 2554 1349 2608 novam
1402 2530 1778 2627 specialem
1829 2526 2462 2626 Congregationem
2497 2554 2726 2628 nuper
2759 2556 2802 2605 a
2837 2532 2989 2610 No-

856 2654 967 2728 bis
1018 2651 1421 2726 institutam
1476 2647 1649 2721 nihil
1703 2670 2016 2745 unquam
2071 2650 2270 2721 iuxta
2323 2648 2580 2725 Nostra
2641 2651 2988 2725 desideria

858 2775 1289 2847 intentatum
1350 2791 1511 2843 esse
1571 2768 2002 2853 relicturam,
2079 2770 2270 2865 quod
2341 2768 2414 2842 iu
2493 2769 2750 2843 vestris
2821 2782 2987 2843 tra-

854 2891 1129 2967 ctandis
1188 2888 1490 2985 negotiis
1552 2888 1641 2959 ad
1703 2884 2126 2959 catholicam
2199 2886 2538 2961 unionem
2609 2886 2840 2982 magis
2909 2888 2986 2959 in

852 3011 1003 3084 dies
1055 3006 1639 3105 promovendam,
1697 3006 1784 3077 ad
1840 3016 2236 3077 vestrarum
2291 3002 2772 3078 Ecclesiarum
2823 3002 2988 3077 feli-

856 3129 1149 3202 citatem
1212 3126 1634 3222 augendam,
1701 3145 1782 3196 ac
1847 3133 2254 3196 vestrorum
2317 3122 2800 3219 legitimorum
2869 3124 2986 3196 ri·-

860 3258 1063 3319 tuum
1117 3241 1599 3337 integritatem
1650 3240 2016 3327 tuendam,
2073 3250 2294 3336 atque
2345 3240 2436 3313 ad
2495 3240 2838 3315 maiorem
2895 3240 2990 3315 fi-.

858 3362 1119 3438 delium
1181 3358 1619 3457 spiritualem
1687 3358 2070 3431 utilitatem
2113 3360 2658 3555 ‘procurandam
2727 3360 2984 3456 quovis

858 3480 1068 3557 modo
1116 3479 1343 3576 possit
1393 3477 1775 3574 pertinere.

1010 3596 1275 3671 Verum
1330 3609 1417 3669 ut
1466 3595 1643 3669 haec
1697 3594 2164 3693 Congregatio
2211 3594 2406 3669 omni
2459 3618 2632 3669 cura
2663 3606 2744 3669 et
2771 3594 2982 3669 indu-

858 3718 1027 3793 stria
1100 3716 1605 3791 demandatum
1677 3713 1810 3788 sibi
1885 3738 1924 3787 a
1995 3714 2212 3789 Nobis
2283 3736 2546 3787 munus
2622 3736 2976 3800 exercere,

852 3860 1159 3933 suosque
1205 3833 1479 3907 labores
1532 3847 1605 3906 et
1654 3834 1892 3908 studia
1942 3834 2016 3907 in
2068 3834 2414 3908 maiorem
2465 3833 2766 3907 istarum
2837 3831 2982 3908 Ec-

858 3953 1235 4027 clesiarum
1267 3950 1812 4047 prosperitatem
1849 3948 2164 4025 conferre
2201 3950 2452 4046 possit,
2483 3972 2662 4047 opus
2685 3951 2978 4025 omnino

862 4082 1000 4158 est,
1066 4081 1149 4143 ut
1208 4068 1476 4165 optime
1542 4078 1792 4141 noscat
1850 4067 2249 4165 spirituales
2319 4066 2783 4143 Orientalium
2833 4090 2982 4142 na—

860 4190 1133 4262 tionum
1190 4170 1637 4281 indigentias,
1695 4186 1952 4283 quibus
1999 4198 2393 4285 opportune
2437 4208 2520 4261 ac
2555 4187 2844 4283 provide
2879 4188 2975 4261 sit
