3317 5267
846 436 993 508 438

856 550 1043 627 bello
1094 548 1494 636 divexatur‚
1550 560 1625 621 et
1658 546 1835 623 haec
1871 560 2116 623 sancta
2171 546 2361 623 Petri
2415 548 2632 623 Sedes
2688 560 2796 624 tot
2845 574 2988 647 op-

844 680 1203 767 pugnatur
1252 668 1525 764 injuriis
1565 719 1585 754 ‚
1648 666 1726 739 hi
1782 666 2028 763 viginti
2083 688 2211 740 sex
2264 665 2634 741 fortissimi
2685 681 2982 744 nostrae

847 785 1201 882 religionis
1230 798 1786 883 propugnatores
1815 785 1884 857 in
1926 784 2346 859 Sanctorum
2387 785 2624 860 album
2663 785 2982 859 referan-

850 916 1003 990 tur,
1061 926 1143 977 ac
1192 874 1487 978 Nostrae
1506 954 1525 991 ,
1583 912 1856 976 vestrae
1888 954 1908 987 ‚
1967 903 2431 998 omniumque
2481 902 2796 977 fidelium
2850 926 2984 999 po-

848 1019 1177 1117 pulorum
1212 1019 1586 1099 imitationi
1622 1030 2111 1113 proponantur
2165 1018 2251 1091 ad
2303 1018 2616 1091 divinam
2655 1030 2976 1093 nostram

850 1136 1063 1209 fidem
1116 1132 1431 1209 strenue*
1458 1134 1922 1232 profitendam
1977 1157 2059 1208 ac
2113 1135 2452 1208 tuendam
2493 1187 2513 1223 ‚
2595 1149 2810 1233 atque
2891 1139 2984 1211 ad

852 1276 1099 1350 aspera
1136 1275 1456 1350 quaeque
1504 1262 1914 1326 constanter
1951 1250 2314 1325 toleranda
2367 1275 2494 1348 pro
2546 1253 2768 1348 ipsius
2821 1253 2986 1329 fidei

852 1370 1287 1445 defensione.
1345 1370 1591 1467 ltaque
1646 1370 1735 1443 de
1785 1368 1918 1443 hac
1989 1368 2404 1463 gravissima
2457 1392 2531 1443 re
2574 1421 2595 1457 ‚
2648 1372 2818 1445 dum
2871 1372 2988 1445 di-

850 1490 996 1561 vini
1051 1490 1337 1563 luminis
1390 1511 1599 1585 opem
1654 1487 2050 1561 humillime
2115 1486 2576 1582 imploramus
2615 1540 2637 1576 ‚
2703 1502 2984 1563 vestras

853 1629 1135 1704 quoque
1213 1605 1603 1682 sententias
1683 1628 1772 1679 ex
1857 1602 2480 1678 praedecessorum
2561 1605 2982 1682 Nostrorum

860 1748 1059 1801 more
1112 1734 1187 1799 et
1238 1726 1565 1799 instituto
1618 1744 1832 1821 quam
1887 1722 2352 1797 libentissime
2406 1725 2873 1822 exquirimus,

1016 1958 1363 2034 Omnibus
1414 1958 1685 2035 auditis
1737 1960 2136 2047 sententiis,
2177 1956 2534 2032 Sanctitas
2591 1958 2740 2035 Sua
2797 1962 2987 2035 hisce

856 2076 1083 2152 verbis
1136 2076 1637 2152 allocutionem
1693 2072 2035 2149 absolvit:

1023 2315 1471 2389 Venerabiles
1529 2313 1838 2399 FratreS‚
1893 2332 2178 2385 summo
2209 2308 2518 2405 'quidem
2569 2314 2826 2408 gaudio
2877 2314 2986 2388 af-

855 2434 1161 2519 ficimur,
1198 2454 1357 2506 cum
1402 2442 1636 2505 vestra
1673 2428 2000 2527 suffragia
2036 2429 2466 2501 unanimiter
2500 2430 2574 2501 in
2611 2452 2774 2506 eum
2814 2457 2986 2509 con-

858 2553 1149 2627 veniant
1198 2570 1487 2623 sensum
1541 2548 1664 2644 qui
1719 2546 1973 2622 Noster
2024 2558 2136 2621 est
2169 2597 2190 2633 ,
2243 2546 2512 2621 scilicet
2562 2548 2818 2623 horum
2873 2553 2980 2625 vi·—

858 2670 1035 2767 ginti
1116 2690 1243 2739 sex
1320 2665 1706 2738 Beatorum
1795 2660 2422 2738 Canonizationem
2501 2664 2570 2735 in
2653 2687 2981 2763 magnam

854 2783 1363 2881 omnipotentis
1416 2780 1545 2853 Dei
1598 2780 1919 2877 gloriam,
1961 2779 2253 2877 ejusque
2287 2791 2574 2856 sanctae
2629 2783 2982 2861 Ecclesiae

858 2901 1073 2977 decus
1122 2911 1198 2973 et
1248 2898 1678 2995 praesidium
1719 2918 1876 2971 esse
1919 2916 2303 2970 cessuram.
2346 2897 2553 2971 Brevi
2591 2910 2832 2973 autem
2873 2903 2986 2975 in-

856 3020 1173 3094 dicemus
1224 3017 1411 3089 diem
1455 3068 1478 3101 ‚
1561 3038 1706 3112 quo
1761 3015 1954 3087 illam
2008 3013 2308 3088 solemni
2359 3015 2504 3089 ritu
2566 3016 2986 3096 celebraturi

856 3160 1131 3224 sumus,
1185 3146 1569 3232 postquam
1625 3135 1699 3206 in
1751 3132 1990 3207 futuro
2043 3130 2477 3207 Consistorio
2533 3149 2806 3209 vestras
2857 3162 2986 3213 ex·-

856 3257 1257 3351 ceperimus
1309 3253 1708 3327 sententias
1761 3253 1848 3326 de
1901 3251 2038 3326 alio
2089 3248 2310 3325 Beato
2371 3250 2792 3327 Sanctorum
2856 3280 2985 3330 or·—

854 3374 1003 3449 dini
1040 3371 1525 3447 adscribendo.
1565 3370 1864 3443 Interim
1903 3392 2070 3443 vero
2108 3389 2482 3463 pergamus
2518 3372 2978 3465 orationibuS‚

855 3490 1169 3587 jejuniis,
1224 3488 1519 3585 aliisque
1570 3488 1706 3584 piis
1760 3486 2088 3583 operibus
2124 3482 2352 3559 Deum
2407 3486 2770 3562 humiliter
2819 3514 2987 3569 exo-

859 3632 1018 3685 rare
1049 3661 1070 3696 ‚
1126 3617 1211 3682 ut
1257 3606 1329 3679 in
1386 3607 1567 3680 tanti
1624 3606 1972 3681 momenti
2025 3605 2309 3701 negotio
2361 3606 2690 3703 dignetur
2741 3622 2985 3686 osten-

858 3729 1029 3804 dere
1074 3726 1261 3825 quod
1314 3737 1389 3801 et
1440 3725 1647 3823 quale
1699 3725 1795 3799 sit
1844 3724 2122 3799 divinae
2175 3746 2346 3799 suae
2397 3725 2802 3821 Sapientiae
2853 3731 2987 3806 be-

857 3843 1321 3943 neplacitum.
