3317 5267
1065 526 1710 621 ALLOGUTIO
2297 420 2435 491 28,

362 914 582 961 nunu
630 914 690 961 ΙΝ
734 912 1106 962 consmromo
1149 908 1398 958 ssscnnro
1437 910 1536 957 ΜΕ
1577 910 1693 956 XXX
1735 908 2073 957 sumnus
2118 908 2425 958 nnccctxl.

1023 1204 1430 1251 nunnitus
1479 1202 1721 1249 nanus

311 1478 711 1642 Meminit
743 1566 1227 1662 unusquisque
1264 1573 1606 1650 vestrum,
1641 1559 2093 1638 venerabiles
2124 1562 2435 1651 Fratres,

306 1694 576 1778 quanto
627 1681 845 1756 animi
899 1680 1137 1756 Nostri
1185 1677 1424 1754 dolore
1475 1679 1551 1750 in
1603 1677 1741 1753 hoc
1802 1679 2242 1776 amplissimo
2310 1702 2439 1754 ve-

305 1812 458 1875 stro
493 1824 832 1877 consessu
867 1800 1278 1897 saepissime
1322 1798 1693 1871 lamentati
1742 1798 1969 1873 simus
2020 1800 2435 1897 gravissima

299 1927 380 1991 et
432 1942 798 2016 nunquam
848 1920 1026 1993 satis
1074 1916 1502 2015 deploranda
1537 1917 1801 1990 damna
1852 1917 2241 1993 catholicae
2295 1916 2438 1993 Ee—

299 2036 586 2125 clesiae,
639 2038 803 2112 huic
860 2036 1306 2134 Apostolicae
1385 2032 1578 2122 Sedi,
1634 2034 1994 2134 Nobisque
2047 2059 2211 2111 cum
2266 2060 2435 2111 ma·-

297 2152 500 2227 ximo
535 2155 755 2251 ipsius
783 2138 1020 2229 civilis
1044 2154 1404 2229 societatis
1437 2140 1867 2228 detrimento
1911 2153 2101 2229 illata
2138 2178 2179 2229 a
2250 2154 2438 2230 Sub—

294 2268 540 2365 alpino
600 2268 962 2346 Gubernio
1002 2323 1021 2358 ‚
1087 2282 1302 2367 atque
1354 2292 1395 2342 a
1447 2268 1979 2344 funestissimae
2028 2271 2431 2347 rebellionis

295 2387 706 2461 auctoribus
760 2400 835 2462 et
885 2385 1280 2463 fautoribus
1336 2388 1409 2459 in
1461 2386 1741 2461 miseris
1803 2390 2225 2483 pracsertim
2287 2389 2433 2463 lta-

291 2502 434 2577 liae
485 2504 916 2601 regionibus,
960 2528 1138 2602 quas
1171 2504 1358 2579 idem
1416 2501 1856 2579 Gubernium
1910 2506 2174 2581 iniuste
2206 2530 2431 2604 aeque

291 2644 382 2696 ac
437 2624 780 2698 violenter
829 2622 1228 2721 usurpavit.
1283 2620 1496 2696 Nunc
1557 2644 1729 2699 vero
1783 2623 1971 2697 inter
2030 2624 2167 2698 alia
2220 2626 2433 2698 innu-

288 2760 492 2813 mera
547 2753 622 2814 et
673 2762 960 2837 semper
1011 2740 1332 2837 graviora
1395 2738 1693 2813 vulnera
1754 2742 2247 2816 sanctissimae
2298 2764 2433 2818 no-

289 2866 486 2930 strae
538 2856 858 2954 religioni
899 2844 1180 2952 abipso
1217 2852 1604 2943 Gubernio,
1659 2867 1737 2929 et
1786 2856 2093 2931 nefariae
2144 2858 2432 2953 conspi-

293 2976 594 3049 rationis
648 2972 1062 3050 hominibus
1115 2973 1596 3047 indesinenter
1646 2972 1911 3049 inflicta
1961 2976 2199 3051 dolere
2251 2976 2436 3072 cogi·-

285 3111 484 3178 mur‚
525 3088 880 3166 Dilectum
917 3089 1178 3164 Filium
1215 3088 1552 3164 Nostrum
1589 3088 2066 3164 clarissimum
2108 3100 2427 3165 vestrum

287 3206 680 3306 collegam,
718 3231 800 3283 ac
837 3206 1462 3305 vigilantissimum
1511 3202 2019 3302 Neapolitanae
2070 3207 2429 3285 Ecclesiae

281 3326 910 3425 Archiepiseopum
951 3327 1222 3423 pietate
1258 3348 1340 3399 ac
1381 3326 1646 3400 virtute
1684 3326 2171 3424 conspicuum,
2212 3344 2425 3425 quem

277 3443 406 3519 hic
458 3457 904 3542 praesentem
949 3444 1355 3529 intuemini,
1395 3442 1681 3515 militari
1720 3465 1937 3518 manu
1972 3443 2191 3519 fuisse
2226 3465 2427 3519 com-

279 3561 749 3658 prehensum,
803 3572 878 3636 et
937 3584 982 3635 a
1043 3561 1329 3658 proprio
1381 3582 1590 3657 grege
1648 3584 1815 3636 eum
1870 3563 2145 3659 ingenti
2200 3560 2430 3667 bono<

277 3702 447 3755 rum
505 3683 828 3755 omnium
877 3682 1074 3755 luctu
1126 3680 1475 3758 avulsum.
1535 3680 1803 3757 Omnes
1858 3695 2103 3755 autem
2153 3692 2427 3757 norunt

275 3801 650 3896 quomodo
699 3800 1014 3875 eiusdem
1074 3797 1412 3875 Gubernii
1481 3809 1558 3873 et
1619 3782 2024 3873 rebellionis
2084 3798 2424 3893 satellites

277 3918 486 3991 omni
535 3918 700 3993 dolo
753 3929 832 3992 et
881 3917 1152 3992 fallacia
1189 3917 1404 4014 pleni,
1443 3932 1657 4015 atque
1710 3915 2221 3993 abominabiles
2254 3914 2423 3991 facti

267 4034 353 4107 in
409 4034 547 4110 viis
599 4036 754 4111 suis
805 4046 1132 4113 veterum
1171 4034 1687 4111 haereticorum
1725 4036 2127 4110 molitiones
2179 4045 2255 4108 et
2306 4032 2421 4108 fu-

277 4176 494 4227 rores
547 4166 1004 4240 renovantes,
1041 4163 1118 4227 et
1151 4164 1395 4227 contra
1441 4174 1636 4229 sacra
1686 4152 1927 4228 omnia
1977 4148 2423 4244 debaechan-
