3317 5267
823 433 970 503 320

826 546 994 620 Viro
1043 543 1382 617 hodierno
1433 562 1564 613 nee
1617 562 1758 615 non
1812 560 1943 633 pro
1986 550 2313 636 tempore.
2336 543 2673 618 existenti
2712 545 2942 641 ipsius

823 660 1104 735 Haitani
1143 656 1496 733 -Gubetnii
1536 655 1874 741 Praesidi,
1912 668 1993 729 ut
2026 655 2089 729 is
2142 668 2287 729 tam
2328 658 2461 733 hae
2496 662 2727 757 prima
2757 664 2947 748 viee,

789 790 1036 877 ,qmm
1087 777 1164 851 in
1211 775 1504 872 singulis
1553 774 2097 870 subseq-intutis
2160 773 2624 873 Episcopatus
2703 778 2945 877 Caye-

825 896 1054 971 sensis
1107 891 1588 967 vacationibus
1626 892 1813 964 intra
1857 902 2141 985 tempus
2176 914 2309 987 per
2330 892 2583 971 Sacros
2618 893 2951 973 Canenes

825 1011 1275 1109 praefinitum
1345 1010 1673 1087 idoneam
1739 1006 2177 1103 probamque
2238 1023 2614 1105 personam
2704 1011 2947 1110 Caye-

829 1130 1018 1206 sensi
1072 1126 1476 1203 Cathedrali
1530 1148 1663 1222 per
1714 1124 1859 1199 Nos
1912 1147 2039 1203 seu
2124 1123 2523 1199 Romanum
2578 1151 2706 1223 pro
2762 1139 2951 1201 tem-

828 1270 1000 1342 pore
1047 1243 1468 1320 'Pontificem
1519 1241 2059 1338 praeficiendam
2112 1243 2299 1337 apud
2351 1241 2534 1317 hane
2588 1246 2951 1339 Apostoli-

827 1381 986 1438 eam
1039 1361 1298 1438 Sedem
1349 1360 1717 1435 nominare
1770 1378 1895 1431 seu
1950 1368 2399 1452 praesenzano
2456 1359 2689 1433 valeat
2714 1412 2739 1446 ‚
2792 1384 2951 1435 ser-

835 1480 1020 1555 vatis
1073 1491 1318 1553 tamen
1369 1495 1550 1573 quae
1603 1474 2014 1571 ceteroquin
2070 1474 2159 1547 de
2204 1474 2363 1569 jure
2407 1497 2741 1572 moreque
2794 1502 2955 1553 ser-

832 1597 1062 1674 vanda
1113 1605 1281 1671 sunt
1337 1590 1737 1687 Apostoliea
1784 1591 2203 1665 auctoritate
2240 1592 2547 1685 praefata
2607 1605 2949 1689 perpetuo

829 1716 1156 1795 similiter
1207 1712 1680 1808 indulgemus.
2482 1724 2485 1727 ·

987 1818 1410 1923 Praesentes
1432 1850 1718 1925 quoque
1740 1825 2044 1900 Litteras
2070 1826 2159 1899 de
2189 1826 2675 1922 subreptionis«
2692 1828 2803 1901 vel
2830 1828 2955 1903 ob-

831 1950 1180 2047 reptionis
1231 1961 1354 2023 aut
1405 1947 1751 2024 nullitatis
1805 1946 2031 2020 aliove
2094 1968 2543 2042 quocumque
2598 1947 2769 2023 vitio
2822 1972 2951 2023 seu

833 2070 1246 2147 intentionis
1301 2068 1596 2146 Nostrae
1649 2078 1773 2141 aut
1823 2066 2143 2162 quolibet
2192 2067 2330 2141 alio
2382 2066 2665 2147 defectu
2720 2092 2951 2165 quan-

839 2189 1104 2263 tumvis
1135 2186 1436 2284 jus-idion
1463 2194 1538 2260 et
1567 2183 2017 2261 substantiali
2054 2185 2271 2257 etiam
2310 2208 2403 2257 ex
2430 2208 2544 2269 eo,
2574 2186 2763 2282 quod
2790 2189 2962 2283 qui-

832 2327 1136 2403 euntque
1172 2308 1250 2379 in
1281 2306 1695 2403 praemissis
1746 2302 2083 2379 omnibus
2116 2295 2191 2375 dt
2226 2306 2519 2403 singulis
2558 2308 2961 2403 quomodo-

831 2424 1006 2497 libet
1035 2426 1382 2499 interesse
1415 2423 1796 2508 hahentes,
1826 2422 1935 2497 vel
1972 2420 2237 2496 habere
2266 2435 2605 2517 putantes
2642 2438 2719 2499 et
2744 2448 2961 2519 prae-

837 2542 1207 2617 tendentes
1259 2542 1778 2637 cujuscumque
1831 2540 2192 2636 qualitatis
2224 2592 2251 2626 ,
2304 2553 2535 2617 status
2562 2595 2589 2629 ,
2638 2544 2899 2637 gradus
2928 2592 2965 2631 ,·

835 2660 1261 2736 conditionis
1283 2671 1358 2732 et
1387 2659 1757 2753 dignitatis
1794 2657 2141 2742 existant,
2164 2659 2249 2731 ad
2290 2654 2367 2731 id'
2390 2660 2620 2733 vocati
2654 2660 2850 2733 citati
2878 2676 2959 2735 et

839 2779 1058 2853 auditi
1111 2801 1256 2850 non
1308 2776 1602 2862 fuerint,
1635 2799 1716 2849 ae
1758 2776 2007 2849 iisdem
2064 2776 2553 2871 praesentibus
2604 2800 2739 2849 non
2776 2800 2963 2851 eon-

839 2898 1219 2984 senserint,
1271 2920 1355 2971 ae
1405 2918 1663 2971 causae
1708 2908 1999 2992 propter
2052 2919 2228 2992 quas
2276 2898 2663 2992 praemissa
2714 2897 2957 2972 omnia

839 3027 912 3087 et
965 3012 1236 3107 singula
1289 3012 1779 3084 emanaverint
1832 3012 2128 3084 minime
2182 3012 2293 3084 vel
2344 3014 2582 3085 minus
2610 3014 2959 3089 sufficien-

843 3150 951 3207 ter
1003 3134 1454 3207 examinatae
1501 3130 1794 3229 fuerint,
1830 3144 1905 3205 et
1942 3155 2029 3207 ex
2088 3154 2539 3228 quacumque
2572 3134 2705 3209 alia
2742 3156 2953 3208 causa

839 3250 1298 3347 quantumvis
1321 3250 1843 3346 legittima,pia‚
1878 3250 2349 3345 privilegiata,
2364 3272 2449 3322 ao
2472 3250 2757 3345 speciali
2786 3262 2961 3325 nota

841 3371 1052 3465 digna
1105 3370 1535 3466 impugnari,
1567 3369 1957 3453 retardari,
2013 3368 2409 3453 invalidari,
2464 3367 2778 3465 infringi,
2834 3380 2963 3443 aut

841 3488 1098 3562 irritari
1149 3510 1276 3563 seu
1327 3487 1420 3562 ad
1476 3488 1668 3561 viam
1700 3498 1775 3562 et
1810 3487 2157 3562 terminos
2187 3488 2365 3583 juris
2403 3486 2673 3574 reduci,
2706 3510 2793 3561 ac
2826 3488 2959 3563 ad-

845 3628 1092 3683 versus
1143 3604 1294 3679 illas
1351 3604 1494 3682 oris
1545 3606 2041 3701 aperitionem,
2070 3616 2199 3677 aut
2235 3604 2421 3679 aliud
2460 3606 2959 3702 quodcumque

834 3723 1018 3820 juris
1072 3723 1182 3795 vel
1233 3720 1401 3795 faeti
1456 3722 1853 3797 remedium
1898 3722 2124 3797 {etiam
2178 3744 2267 3795 ex
2332 3722 2565 3818 eapite
2627 3722 2961 3799 laesionis

843 3840 1330 3939 quamtumvis
1365 3839 1676 3914 enormis
1730 3850 1805 3913 et
1856 3839 2405 3914 enormissimae
2428 3840 2539 3915 vel
2566 3842 2965 3936 cujuscum-

841 3974 982 4058 que
1033 3957 1439 4056 praejudicii
1452 4032 1460 4042 ,
1493 3956 1859 4053 impetrari
1912 3980 1997 4031 ae
2034 3959 2254 4031 etiam
2280 3958 2601 4045 seientia,
2642 3970 2843 4032 motu
2878 3970 2959 4031 et

733 4160 740 4167 ,
841 4079 1220 4178 potestatis
1269 4076 1717 4175 plenitudine
1764 4076 2055 4172 paribus
2108 4100 2237 4172 per
2285 4099 2770 4174 quoscumque
2810 4075 2961 4151 Ro-

845 4210 1102 4273 manos
1151 4192 1535 4286 Pontifices
1569 4190 2155 4269 Praedeeessores
2190 4194 2483 4270 Nostros
2518 4192 2965 4289 quomodoli-

842 4314 966 4389 bet
1017 4328 1262 4389 eoutra
1318 4313 1703 4409 praemissa
1756 4337 2167 4389 eoncessum
2225 4314 2573 4410 acceptari
2612 4336 2693 4386 ae
2730 4314 2801 4385 in
2835 4314 2959 4409 ju—
