3317 5267
106 540 117 551 “
232 546 247 572 ¹
385 543 606 610 dalium
646 546 791 612 Ord.
835 547 897 610 S.
941 547 1234 613 Francisci
1277 565 1348 612 ac
1389 549 1566 613 trium
1609 567 1645 615 e
1686 550 1983 615 Societate
2024 551 2158 618 lesu
2200 551 2261 616 in
2284 443 2429 514 72⁷

387 641 631 724 laponia
669 653 1017 728 martyrum.
1129 693 1144 708 .
1315 695 1328 708 .
1498 695 1512 708 .
1623 685 1628 692 -
1867 696 1881 711 .
2052 696 2067 711 .
2232 672 2265 709 s
2310 650 2421 714 437

309 739 526 804 Similis
563 741 664 806 die
701 742 781 806 24
823 743 1036 808 maii·
1076 743 1222 808 Cum
1264 745 1521 809 eximias
1559 779 1602 794 -
1640 745 1778 827 Agit
1816 746 1895 809 de
1936 745 2267 810 canoniza-

45 837 47 841 ’
148 835 247 876 ἱ·
385 833 550 901 tione
590 835 896 904 Michaelis
935 838 1022 904 De
1045 840 1276 905 Sanctis
1318 839 1462 905 ord.
1507 841 1610 906 SS.
1655 841 1965 906 Trinitatis
2006 839 2112 904 FF.
2160 841 2265 905 Di·-

387 933 815 1000 scalceatorum
855 937 1124 1021 captivis
1161 939 1548 1006 redimendis.
1679 987 1693 999 .
2050 987 2065 1001 .
2233 961 2264 998 ιι
2308 938 2423 1004 ⁴39

308 1029 598 1098 allocutio
639 1034 840 1101 habita
881 1037 942 1102 in
986 1038 1262 1121 Xystino-
1276 1039 1506 1103 Sacello
1565 1039 1665 1103 die
1706 1040 1742 1103 6
1801 1037 2026 1103 lunii·
2067 1035 2269 1101 Mira-

383 1131 504 1195 bile
539 1136 900 1217 quoddam-
923 1137 998 1202 ad
1031 1139 1418 1222 presbyteros
1455 1139 1785 1203 catholicos
1824 1139 1923 1220 qui
1988 1137 2067 1202 ob
2116 1135 2270 1202 sole-

384 1251 580 1299 mnem
623 1236 737 1301 BB.
783 1239 1110 1324 Martyrum
1141 1241 1578 1324 laponensinm‚
1613 1249 1675 1304 et
1715 1241 1781 1304 B.
1830 1239 2139 1305 Michaelis
2178 1238 2267 1304 De

383 1331 616 1397 Sanctis
642 1335 1000 1402 confessoris
1019 1339 1534 1404 canonizationem
1565 1339 1813 1404 Romam
1832 1344 2267 1402 convenerunt.

381 1430 772 1498 Commendat
811 1455 1014 1501 eorum
1059 1438 1475 1519 frequentiam,
1521 1455 1590 1501 ac
1629 1436 1915 1500 salutaria
1957 1436 2046 1500 eis
2088 1451 2257 1517 prae-

381 1523 484 1589 bet
523 1525 897 1592 documenta.
943 1531 1096 1613 ipsis
1139 1539 1334 1597 autem
1376 1532 1616 1596 veniam
1659 1529 1869 1594 tribuit
1922 1529 2271 1612 impertien-

379 1621 442 1686 di
483 1622 758 1690 fidelibus
799 1644 1003 1692 eornm
1048 1629 1345 1714 spirituali
1389 1645 1568 1693 curae
1607 1626 1969 1693 concreditis
2009 1630 2269 1710 Aposto-

379 1717 558 1782 licam
617 1719 1102 1786 benedictionem
1173 1740 1308 1787 cum
1348 1721 1781 1805 -applicatiene
1848 1718 2262 1802 indulgentiae

379 1818 964 1900 plenariae..
1313 1871 1332 1888 .
1869 1871 1885 1888 .
2234 1853 2265 1884 ι
2310 1822 2429 1887 442

301 1917 554 1985 Romilia
579 1921 820 1988 habita
805 1941 864 1988 ιιι
881 1924 1131 1988 Basilica
1153 1923 1494 1992 Vaticana·
1519 1923 1787 1990 Exultat
1810 1941 1914 1987 cor
1940 1929 2267 1990 nostrum-

375 2020 478 2086 die
515 2023 554 2086 8
593 2023 769 2099 lunii,
813 2024 1200 2089 Pentecostes
1241 2024 1606 2088 solemnitati
1645 2039 1844 2100 sacro,
1876 2023 2035 2088 inter
2062 2024 2269 2089 Missa·

377 2139 508 2186 rum
549 2123 840 2188 solemnia
881 2124 942 2186 in
983 2123 1442 2188 canonizatione
1482 2124 1586 2190 SS.
1629 2123 1847 2206 viginti
1899 2141 2007 2188 sex
2046 2121 2269 2205 Marty-

377 2237 504 2286 rum
551 2224 608 2287 in
651 2223 921 2307 laponia‚
967 2235 1028 2291 et
1071 2225 1380 2292 Michaelis
1421 2225 1511 2291 De
1552 2225 1792 2292 Sanctis
1830 2225 2084 2289 confess.
2234 2245 2267 2284 s
2311 2221 2426 2286 uli

293 2323 590 2389 allocutio
621 2323 824 2390 habita
867 2329 924 2390 in
969 2327 1339 2392 Consistorio
1382 2325 1480 2391 die
1523 2327 1560 2391 9
1589 2325 1805 2392 lunii-
1828 2325 2113 2389 Maxima
2140 2325 2268 2408 qui-

377 2423 510 2487 dem
539 2423 821 2489 !aemia-
835 2425 1208 2490 adstantibus
1239 2425 1415 2491 etiam
1446 2443 1751 2490 sacrorum
1768 2425 1981 2489 Antisti
1990 2424 2145 2489 tibus
2160 2442 2261 2488 so-

377 2523 587 2587 lemnis
615 2527 1089 2592 canonizationis
1111 2543 1292 2590 causa
1307 2525 1536 2590 Romae
1575 2523 1978 2605 congregatis.
2022 2523 2263 2605 Raptim

373 2623 728 2705 praecipuos
769 2635 1008 2689 nostrae
1051 2625 1268 2689 aetatis
1310 2631 1585 2688 recenset
1629 2639 1701 2686 ac
1730 2622 1973 2687 damnat
2003 2638 2265 2694 errores,

371 2723 588 2804 quibus
631 2721 736 2788 Dei
778 2723 1200 2810 bominumque
1241 2724 1442 2788 hostes
1483 2741 1607 2788 rem
1666 2739 1899 2788 sacram
1944 2729 2006 2785 et
2067 2719 2262 2804 publi·

373 2835 505 2883 cam
545 2821 886 2885 convellere
937 2822 1256 2898 nituntur;
1301 2828 1673 2904 quapropter
1732 2819 1897 2901 ipsos
1952 2835 2254 2882 sacrorum

370 2915 683 2980 antistites
744 2918 964 2980 excitat
997 2967 1012 2990 ,
1075 2926 1143 2981 ut
1185 2917 1372 2996 magis
1416 2917 1723 2998 magisque
1764 2934 1881 2998 qua
1928 2933 2075 2980 voce
2143 2933 2260 2998 qua

371 3012 610 3098 scriptis
653 3023 742 3080 tot
781 3015 1128 3098 opinionum
1171 3025 1435 3080 monstra
1477 3013 1773 3079 refellant.
1854 3063 1869 3077 .
2038 3063 2051 3076 .
2221 3038 2251 3075 s
2301 3015 2412 3079 ⁴51

293 3115 554 3182 Litterae
595 3114 1024 3198 Apostolicae-
1050 3113 1416 3195 Pontificiae
1455 3113 1782 3182 Nostrae·
1835 3113 1933 3178 die
1998 3113 2033 3177 9
2096 3113 2261 3177 iunii.

373 3215 663 3280 Omnibus
704 3233 1004 3280 sacrorum
1051 3213 1433 3279 Antistitibns
1466 3265 1481 3291 ‚
1528 3215 1628 3298 qui
1674 3230 1748 3279 ex
1790 3213 2048 3279 diversis
2104 3212 2267 3278 orbis

369 3313 646 3398 partibus
688 3315 934 3379 Romam
977 3314 1408 3380 convenientes
1450 3314 1508 3378 in
1549 3313 1806 3378 Basilica
1834 3313 2123 3378 Vaticana
2164 3312 2267 3378 ad-

369 3413 651 3478 stiterunt
691 3430 862 3478 sacno
905 3411 1378 3478 canonizationis
1407 3411 1566 3489 ritui,
1599 3411 2082 3476 benedictionem
2112 3426 2261 3493 apo·

369 3509 661 3588 stolicam‚
707 3519 950 3594 praeter
989 3509 1324 3575 ordinarias
1363 3509 1528 3575 vices
1591 3509 1971 3593 impertiendi
2016 3507 2257 3574 veniam

370 3610 768 3677 tribuit..
937 3658 952 3674 .
1305 3657 1320 3672 .
1489 3656 1506 3673 .
1860 3655 1873 3670 .
2044 3655 2059 3672 .
2228 3629 2259 3668 s
2305 3608 2421 3672 462

284 3707 560 3788 Epistola
605 3707 678 3772 ad
719 3708 1096 3774 Cardinalem
1137 3706 1542 3772 Patriarcham
1565 3656 2012 3784 Lisbonensem,
2046 3706 2122 3772 ad
2148 3707 2260 3771 Ar·

367 3806 786 3890 cbiepiscopos
829 3809 1254 3874 Bracarensem
1325 3821 1390 3872 et
1453 3807 1583 3872 Ebo
1599 3825 1879 3883 rensem,
1938 3823 2265 3918 eorumque

367 3903 787 3986 Suffraganeos
830 3905 890 3970 in
931 3905 1240 3970 Lusitania
1282 3903 1612 3987 Episcopos
1651 3939 1683 3953 -
1726 3903 1855 3982 Quo
1897 3905 2187 3988 praviora
2224 3937 2265 3952 -

367 4003 520 4068 die8
551 4005 706 4070 iulii.
749 4005 872 4070 Eos
912 4006 1136 4072 excitat
1175 4014 1240 4072 et
1279 4007 1570 4079 bortatur,
1599 4013 1666 4070 ut
1704 4003 1913 4087 gravia
1942 4005 2267 4088 episcopa-

365 4105 440 4171 lis
479 4105 910 4172 sollicitudinis
953 4125 1200 4173 munera
1267 4107 1478 4174 sedulo
1547 4107 1863 4190 impleant.
1931 4105 2109 4173 Dolet
2158 4123 2265 4171 au·

365 4217 504 4283 tem,
549 4207 848 4275 neminem
891 4227 1098 4275 eorum
1141 4208 1504 4276 convenisse
1537 4209 1612 4275 ad
1645 4207 1971 4274 solemnem
2004 4207 2263 4289 plurium
2312 4199 2336 4227 ²
