3317 5267
862 575 943 625 ac
996 542 1386 645 perspecta
1420 568 1668 623 eorum
1701 542 2014 642 pietate,
2069 542 2420 639 sapientia
2453 592 2476 629 ‚
2533 562 2616 615 ac
2669 538 3024 638 pastorali

864 666 1335 741 sollicitudine
1388 677 1694 761 pergant
1743 663 2059 762 quotidie
2085 662 2314 757 magis
2353 680 2716 735 sacrarum
2768 660 3016 755 potis—

868 786 1131 859 simum
1180 780 1715 878 disciplinarum
1768 782 1999 855 studia
2051 779 2236 853 tueri
2267 830 2288 866 ,
2343 774 2588 852 fovere
2617 828 2640 865 ‚
2695 798 3014 872 suosque

866 900 1173 973 Clericos
1226 900 1317 973 ad
1372 900 1564 973 idem
1618 899 2098 974 Seminarium
2124 898 2439 983 mittere,
2493 906 2709 992 atque
2743 894 3020 969 arctio-

866 1020 1063 1095 ribus
1138 1043 1368 1117 usque
1425 1020 1583 1095 fidei
1621 1072 1642 1109 ,
1703 1021 1965 1094 amoris
2017 1031 2094 1093 et
2145 1016 2636 1093 observantiae
2711 1014 3020 1089 vinculis

864 1139 1081 1214 Nobis
1118 1149 1195 1213 et
1230 1120 1397 1213 huie
1431 1138 1627 1213 Petri
1667 1137 2060 1213 Cathedrae
2099 1136 2488 1211 catholicae
2516 1134 2816 1209 unitatis
2849 1154 3022 1207 cen-

867 1272 981 1334 tro
1030 1259 1331 1333 firmiter
1368 1271 1926 1356 constanterque
1961 1248 2374 1344 adhaerere,'
2405 1252 3015 1351 quemadmodum

866 1399 1150 1473 semper
1200 1398 1367 1450 cum
1418 1398 1703 1451 summa
1755 1398 2002 1451 eorum
2061 1374 2368 1448 nominis
2419 1371 2625 1444 laude
2673 1369 2788 1443 vel
2841 1392 3020 1443 ma·-

866 1494 1059 1568 xime
1110 1491 1395 1589 gloriati
1448 1505 1647 1568 sunt.

1022 1608 1213 1683 Haec
1266 1610 1505 1685 omnia
1560 1607 1964 1706 Apostolica
2017 1606 2278 1681 Nostra
2347 1606 2776 1681 auctoritate
2827 1626 3024 1679 con-

870 1732 1237 1806 stituimus
1266 1784 1289 1821 ‚
1346 1733 1704 1806 sancimus
1736 1782 1757 1819 ,
1815 1730 2280 1803 decernentes
2332 1728 2624 1825 insuper
2674 1727 2807 1801 bas
2859 1725 3022 1799 Lit-

870 1860 1061 1921 teras
1110 1848 1353 1923 firmas
1393 1900 1413 1937 ,
1471 1847 1740 1921 validas
1795 1857 1870 1920 et
1920 1844 2242 1919 efficaces
2305 1846 2612 1919 existere
2666 1854 2744 1917 et
2795 1842 2950 1918 fore
2991 1894 3016 1929 ‚

870 1990 1179 2064 suosque
1218 1968 1573 2063 plenarios
1626 1979 1703 2041 et
1754 1967 2069 2062 integros
2121 1960 2414 2039 effectus
2449 1964 2718 2051 sortiri,
2757 1972 2836 2036 et
2885 1960 3022 2036 ob-
3139 1975 3154 1995 ⁸

873 2085 1127 2172 tinere,
1183 2095 1259 2158 et
1308 2106 1559 2159 eorum
1610 2106 1824 2159 causa
1867 2134 1888 2171 ,
1945 2104 2126 2180 quae
2177 2104 2520 2178 expressa
2573 2093 2744 2154 sunt
2771 2132 2796 2167 ‚
2851 2078 3020 2166 hoe,

872 2202 1272 2300 futurisque
1326 2201 1774 2300 temporibus
1827 2202 2236 2299 plenissime
2287 2198 2656 2297 suffragari
2697 2250 2719 2285 ‚
2777 2199 3026 2294 sicque

872 2320 947 2391 in
998 2320 1407 2416 praemissis
1442 2344 1575 2417 per
1624 2342 2110 2419 quoscumque
2162 2318 2428 2393 iudices
2481 2314 2904 2403 ordinat-ine,
2945 2324 3028 2387 et

871 2436 1233 2533 delegatos
1263 2489 1285 2523 ‚
1340 2438 1561 2511 etiam
1613 2459 1990 2511 causarum
2045 2434 2294 2509 Palatii
2350 2433 2734 2530 Apostolici
2801 2431 3026 2505 Audi-

879 2565 1098 2641 ἴοι-οε,
1132 2577 1215 2627 ac
1252 2565 1542 2629 sanctae
1572 2554 1936 2629 Romanae
1971 2552 2332 2627 Ecclesiae
2371 2550 2808 2637 Cardinaloe,
2847 2548 3030 2622 sub-

874 2668 1020 2743 lata
1070 2671 1175 2745 eis
1212 2722 1233 2759 ,
1288 2685 1363 2773 et
1412 2692 1659 2746 eorum
1738 2671 2028 2745 cuilibet
2099 2669 2350 2767 quavis
2405 2666 2614 2741 aliter
2665 2662 3023 2740 iudicandi

874 2795 953 2858 et
1000 2786 1511 2883 interpretandi
1544 2788 1888 2863 facultate
1941 2796 2018 2861 et
2069 2786 2526 2871 auctoritate,
2565 2776 2884 2870 iudicari,
2937 2804 3026 2856 ac

876 2901 1147 2977 definiri
1171 2904 1459 2992 debere,
1490 2928 1574 2978 ac
1601 2906 1912 2992 irritum,
1943 2904 2285 2990 etimne,
2321 2904 2386 2976 si
2421 2922 2628 2975 secus
2663 2922 2882 2995 super
2905 2898 3022 2971 his

884 3042 927 3092 a
963 3044 1325 3119 quoquam
1356 3022 1606 3120 quavis
1635 3014 2058 3097 auctoritate
2093 3022 2427 3107 scienter,
2467 3019 2586 3093 vel
2611 3019 3024 3114 ignoranter

882 3138 1261 3235 contigerit
1296 3140 1657 3212 attentari.
1702 3139 1859 3214 Non
1895 3136 2344 3212 obstantibus
2385 3132 3019 3210 constitutionibus

886 3263 964 3327 et
986 3254 1469 3329 sanctionibus
1491 3254 1916 3352 Apostolieis
1943 3254 2162 3327 etiam
2187 3254 2620 3338 iuramento,
2649 3250 3024 3325 conflrma-

888 3370 1081 3446 tione
1108 3370 1536 3468 Apostolica,
1562 3374 1678 3447 vel
1704 3372 1959 3470 quavis
1983 3371 2321 3443 firmitate
2347 3370 2482 3442 alia
2502 3368 3028 3457 roboratis,sta-

888 3489 1067 3561 tutis
1092 3500 1171 3563 et
1194 3490 1846 3577 consuetudinibus,
1881 3486 2136 3587 quibus
2164 3486 2496 3562 omnibus
2521 3498 2596 3561 et
2621 3485 2918 3582 singulis
2939 3486 3020 3557 il-

882 3604 1118 3681 lorum
1164 3617 1449 3682 tenores
1498 3608 1990 3704 praesentibus
2023 3630 2154 3703 pro
2207 3607 2414 3702 plene
2461 3616 2540 3679 et
2577 3602 3020 3679 sufficienter

898 3724 1282 3822 expressis,
1336 3746 1419 3797 ac
1480 3724 1570 3797 de
1607 3722 1824 3799 verbo
1862 3724 1950 3797 ad
1989 3724 2283 3797 verbum
2321 3716 2604 3797 insertis
2641 3722 3014 3808 babenteS‚

886 3839 1025 3913 illis
1076 3842 1251 3915 alias
1303 3838 1376 3914 in
1430 3866 1561 3915 suo
1612 3840 1866 3916 robore
1936 3840 2419 3937 permansuris
2459 3892 2480 3928 ,
2529 3840 2620 3913 ad
2672 3839 3022 3936 praemis-

892 3980 1133 4032 sorum
1189 3958 1525 4033 effectum
1576 3958 1712 4032 hac
1747 3961 1902 4033 vice
1931 3960 2308 4034 dumtaxat
2343 3958 2742 4056 specialiter
2774 3968 2854 4031 et
2887 3980 3022 4030 ex-

888 4096 1133 4171 presse
1180 4076 1625 4173 derogamus„
1679 4077 2076 4173 ceterisque
2125 4078 2344 4150 etiam
2399 4066 2757 4150 individua
2807 4096 3018 4147 men-

890 4190 1083 4267 tione
1133 4214 1217 4268 ac
1267 4193 1716 4290 derogatione
1753 4194 1984 4290 dignis
2020 4193 2390 4269 contrariis
2425 4190 3012 4290 quibuscumque.
