3317 5267
813 417 960 489 322

812 540 1244 626 opportunas
1302 525 1390 601 Ei
1441 526 1917 623 impertiendo
1961 522 2360 615 facultates,
2424 526 2680 626 quibus
2740 530 2936 605 is‘ad-

810 647 881 721 id
951 645 1214 741 negotii
1253 643 1554 717 alteram
1606 643 1931 717 idoneam
1967 644 2401 744 probamque
2436 668 2815 742 personam
2852 646 2933 721 in

817 762 1162 857 dignitate
1211 758 1705 834 Ecclesiastica
1756 759 2218 835 constitutam
2278 759 2733 860 subdelegato
2786 786 2937 837 va-

814 877 1098 965 leatrita
1127 888 1374 951 tamen
1397 886 1482 949 ut
1504 876 1690 950 idem
1720 874 2007 949 Praesul
2036 876 2371 953 Martialis
2384 878 2605 953 Maria
2632 880 2745 955 vel
2770 879 2937 975 ejus

777 994 1324 1092 ‘Subdelegatus
1374 1018 1460 1067 ea
1511 1004 1775 1069 cuncta
1824 996 2053 1091 possit
2100 1007 2177 1071 et
2238 1008 2516 1094 satagat
2572 997 2936 1073 declarare

817 1120 1066 1189 curare
1118 1138 1200 1188 ac
1247 1114 1462 1187 etiam
1514 1112 1901 1200 definitive,
1940 1114 2141 1187 omni
2194 1114 2661 1211 appellatione
2712 1138 2929 1210 super

813 1252 1263 1329 quacumque
1303 1229 1913 1305 animadversione
1948 1229 2483 1327 quomodolibet
2516 1228 2759 1307 for-sau-
2780 1231 2929 1306 ori-

813 1358 974 1423 tura
1023 1348 1310 1444 penitus
1347 1358 1645 1435 remota,
1688 1348 2063 1423 decernere
2114 1370 2307 1445 quae
2354 1349 2799 1444 opor-tuerint
2834 1350 2926 1425 ad

810 1466 1200 1561 praemissa
1249 1466 1489 1539 omnia
1537 1464 1757 1560 probe
1810 1464 2245 1562 feliciterque
2284 1464 2736 1560 perficienda«

965 1582 1121 1659 Non
1153 1582 1552 1659 ostantibus
1579 1582 1853 1657 Nostris
1879 1595 1953 1657 st
1982 1580 2455 1657 Cancellariae
2484 1582 2937 1680 Apostolicae

811 1701 1069 1797 regulis
1095 1702 1324 1774 etiam-
1341 1700 1571 1796 quoad
1597 1702 2027 1796 gratias-,non
2052 1701 2533 1777 concedendas
2558 1702 2646 1774 ad
2672 1702 2935 1789 instar,-

812 1842 894 1894 ac
929 1819 1294 1916 quibusvis
1347 1818 1566 1893 etiam
1623 1818 1697 1891 in
1748 1818 2199 1915 synodalibus
2238 1868 2271 1905 y
2318 1818 2861 1915 provincialibus
2902 1870 2933 1905 ,

813 1938 1250 2037 generalibus
1293 1948 1366 2011 et
1404 1934 1921 2011 universalibus
1948 1932 2277 2013 Conciliis
2310 1935 2518 2011 editis
2558 1936 2668 2009 vel
2708 1936 2935 2011 eden-

811 2056 924 2131 dis
971 2056 1394 2153 specialibus
1440 2054 1551 2128 vel
1631 2052 2085 2149 generalibus
2162 2050 2801 2129 constitutionibus
2852 2066 2937 2127 et

809 2172 1382 2251 Ordinationibus
1413 2171 1869 2269 Apostolicis,
1892 2171 2276 2267 privilegiis
2312 2194 2592 2267 quoque
2627 2169 2933 2247 Indultis

810 2303 885 2365 et
911 2290 1196 2366 Litteris
1234 2289 1656 2387 Apostolicis
1692 2290 2061 2387 quibusvis
2095 2287 2597 2385 superioribu8‚
2652 2300 2729 2361 et
2760 2310 2929 2383 per-

815 2392 1008 2485 sonis
1064 2409 1133 2481 in
1187 2432 1446 2505 genere
1485 2407 1596 2481 vel
1635 2408 1709 2479 in
1746 2408 1979 2503 specie
2014 2409 2227 2481 ctiam
2278 2406 2411 2481 sub
2462 2405 2937 2503 quibuscum-

823 2548 964 2623 que
1020 2524 1382 2599 tenoribus
1457 2536 1535 2595 et
1601 2522 1854 2626 *formis
1906 2543 1989 2597 ac
2046 2544 2211 2597 cum
2262 2502 2631 2618 quibusvis
2708 2522 2929 2595 etiam

811 2642 1416 2738 derogator-iarum
1465 2638 1927 2735 derogatoriis
2004 2637 2295 2735 aliisque
2349 2638 2854 2713 efficacioribus
2898 2690 2935 2726 ,

807 2771 881 2832 et
907 2758 1404 2833 efficacissimis
1439 2780 1520 2831 ac
1557 2756 1859 2831 insolitis
1884 2753 2217 2831 clausulis
2244 2754 2819 2851 irritantibusqme
2844 2766 2923 2828 et

810 2878 964 2952 aliis
1018 2875 1332 2953 Decretis
1385 2878 1609 2951 etiam
1645 2887 1883 2963 motu,
1916 2874 2211 2949 scientia
2250 2886 2327 2950 et
2362 2875 2736 2969 potestatis
2769 2875 2929 2971 ple-

809 2998 1144 3073 nitudine
1193 2996 1538 3071 similibus
1575 3018 1656 3069 ac
1692 2995 1909 3069 etiam
1948 2992 2526 3067 consistorialiter
2577 3014 2705 3066 seu
2756 2993 2931 3067 alias

815 3114 888 3186 in
973 3113 1405 3190 contrarium
1458 3108 2003 3208 praemissorum
2082 3108 2611 3215 quomodolibet
2690 3108 2937 3185 forsan

809 3234 1188 3320 concessis,
1217 3230 1652 3328 approbatis,
1682 3228 2143 3315 confirmatis,
2174 3239 2249 3299 et
2274 3228 2653 3315 innovatis,
2668 3228 2939 3325 quibus

755 3344 758 3347 ’
803 3351 1134 3427 omnibus
1187 3362 1264 3425 et
1314 3350 1606 3447 singulis
1659 3350 1943 3423 etiamsi
2020 3370 2149 3442 pro
2220 3346 2505 3432 illorum
2556 3346 2937 3429 sufficienti

801 3470 1253 3566 derogatione
1305 3471 1393 3543 de
1449 3469 1588 3542 illis
1641 3488 2035 3563 eorumque
2092 3478 2165 3541 to
2178 3466 2267 3542 tis
2347 3464 2711 3540 tenoribus
2762 3488 2932 3562 spe-

801 3586 998 3659 cialis
1044 3586 1369 3682 specifica
1421 3605 1761 3679 expressa
1796 3595 1873 3655 et
1907 3582 2273 3657 individua
2332 3604 2475 3657 non
2524 3592 2765 3671 autem
2801 3604 2929 3677 per

800 3704 1148 3783 clausulas
1181 3701 1550 3799 generales
1578 3702 1769 3775 idem
1796 3700 2268 3797 importantes
2288 3700 2559 3773 mentio
2578 3720 2705 3778 seu
2718 3720 2937 3795 quae·.

796 3821 906 3895 vis
967 3821 1102 3903 alia
1151 3820 1524 3915 expressio·
1554 3816 1881 3891 habenda
1920 3830 2046 3891 aut
2098 3815 2238 3915 aliq
2251 3838 2347 3889 ua
2390 3816 2525 3889 alia
2576 3815 2931 3911 exquisita

805 3940 1028 4015 forma
1087 3939 1178 4015 ad
1233 3939 1369 4013 hoc
1421 3936 1767 4011 servanda
1820 3934 2003 4011 foret
2048 3946 2329 4011 tenores
2390 3934 2793 4031 hujusmodi
2842 3956 2933 4009 ac

801 4057 860 4128 si
920 4057 1012 4132 de
1055 4054 1278 4137 verbo
1325 4056 1412 4129 ad
1469 4052 1763 4129 verbum
1799 4052 1897 4125 nil
1934 4054 2219 4149 penitus
2253 4054 2519 4128 omisso
2569 4064 2645 4125 et
2702 4050 2935 4126 forma

800 4175 874 4255 in
937 4175 1072 4249 illis
1133 4176 1386 4256 tradita
1443 4174 1821 4249 observata
1860 4174 2104 4248 inserti
2142 4172 2376 4249 forent
2410 4172 2679 4247 eisdem
2720 4193 2937 4267 prae·-
