3317 5267
2320 430 2464 504 527

354 547 546 644 lippo
599 566 642 617 a
693 541 866 617 «10011
896 581 938 598 -
963 539 1396 616 Gundisalvo
1445 537 1697 617 Gal-zia
1754 539 2111 637 Seraphici
2150 539 2461 631 Ordinis,

358 662 576 737 Paulo
627 656 798 736 Miki
829 699 876 714 -
909 657 1180 734 Joanne
1215 657 1404 733 Soan
1453 681 1580 732 seu
1607 659 1699 732 de
1738 655 1921 735 Goto
1946 697 1987 714 -·
2024 657 2307 745 Didaco.
2338 683 2469 734 seu
2534 647 2541 652 ’

356 779 398 852 J
401 779 620 854 acobo
671 777 856 850 Kisai
909 799 950 849 e
1003 775 1353 850 Societate
1390 773 1431 847 J
1435 773 1839 851 esu-Paulo
1902 775 2211 873 Suzuqui
2248 816 2291 831 -
2324 775 2471 850 Ga-

355 896 574 969 briele
629 915 672 966 a
722 890 980 966 0010οο
1012 931 1054 948 -
1087 889 1360 966 Ioanne
1412 889 1731 989 Quizuya
1765 929 1805 946 -
1839 891 2117 966 Thoma
2194 890 2465 968 Danchi

354 1007 736 1084 Francisco
785 1005 1132 1081 Meacensi
1202 1045 1244 1062 -
1315 1007 1372 1080 T
1377 1007 1590 1081 homa
1629 1005 1967 1104 ‚Cosaqui
2037 1047 2078 1062 -
2139 1008 2461 1084 Joachim

353 1127 678 1226 Saquijor
695 1167 728 1182 -
755 1125 1249 1200 Bonaventura
1277 1137 1402 1198 aut
1428 1122 1743 1198 Ventura
1770 1124 2154 1220 Japonensi
2176 1168 2207 1182 -
2231 1125 2467 1201 Leone

351 1241 736 1318 Carazuma
763 1281 814 1294 -—
847 1239 1115 1313 Mathia
1176 1238 1640 1337 ,1011000001-
1702 1239 2011 1316 Antonio
2082 1239 2463 1337 Japonensi

299 1418 308 1426 .
353 1357 706 1434 Ludovico
737 1353 1012 1428 lbarchi
1049 1395 1086 1410 -
1125 1353 1354 1430 Paulo
1382 1353 1733 1452 Yuaniqui
1761 1355 2035 1432 lbarchi
2058 1397 2103 1412 ·-
2122 1356 2461 1433 Michaele

351 1473 658 1572 Gozaqui
679 1513 710 1530 ··
745 1472 958 1548 Petro
985 1473 1396 1569 Seqnexein
1423 1513 1464 1528 -
1488 1472 1747 1547 Cosma
1800 1474 2115 1572 Raquisa
2148 1515 2188 1530 -
2234 1475 2461 1550 Fran-

349 1592 536 1666 cisco
589 1589 996 1676 Fabelante,
1073 1590 1198 1686 qui
1259 1609 1510 1663 omnes
1559 1590 1931 1687 seraphico
1992 1590 2203 1666 Patre
2281 1593 2459 1669 duce

351 1707 778 1794 militabant,
845 1707 920 1779 in
953 1706 1374 1782 Sanctorum
1427 1705 1915 1784 confessorum
1968 1733 2109 1784 non
2165 1709 2460 1786 Pontifi-

349 1847 514 1900 cum
567 1846 942 1899 numerum
993 1820 1439 1899 referremus.
1498 1822 1821 1922 Cumque
1876 1826 2137 1902 iterum
2174 1848 2257 1902 ac
2312 1840 2460 1902 ter-

350 1945 452 2018 tio
505 1942 692 2017 idem
767 1933 1134 2016 cardinalis
1185 1965 1312 2038 per
1399 1955 1873 2019 memoratum
1950 1947 2455 2022 consistorialis

349 2061 550 2134 aulae
599 2060 1018 2134 advocatum
1069 2057 1216 2134 Nos
1269 2057 1711 2134 obsecrasset
1738 2111 1759 2148 ,
1842 2075 1925 2134 ut
1974 2085 2017 2135 a
2074 2063 2459 2138 christiano

345 2179 514 2255 orbe
568 2189 882 2276 optatam
911 2178 1342 2252 sententiam
1405 2179 2033 2272 pronunciaremus
2066 2232 2087 2269 ,
2142 2183 2453 2278 primum

345 2297 716 2370 universae
767 2293 1088 2367 caelestis
1141 2291 1340 2370 aulae
1393 2294 1849 2388 praesidium,
1911 2308 2063 2370 tum
2142 2320 2183 2369 a
2238 2295 2457 2370 Para-

347 2413 516 2488 clito
567 2411 838 2509 Spiritu
889 2410 1278 2507 sapientiae
1329 2433 1497 2484 suae
1552 2413 1797 2486 vivum
1835 2425 2049 2511 atque
2084 2416 2451 2512 copiosum

345 2532 585 2606 lumen
635 2530 1192 2628 imploravimus.
1249 2525 1520 2618 Quibus
1571 2533 1877 2627 peractis
1944 2534 2031 2608 ad
2112 2536 2457 2609 honorem

345 2659 630 2723 sanctae
681 2659 756 2720 et
805 2645 1205 2720 individuae
1255 2645 1651 2734 Trinitatis,
1710 2649 1797 2722 ad
1848 2651 2235 2726 catholicae
2296 2650 2459 2726 fidei

347 2765 864 2840 incrementum
913 2773 991 2836 et
1039 2762 1280 2847 decus,
1361 2763 1785 2838 auctoritate
1867 2765 2153 2838 Domini
2232 2767 2458 2842 nostri

347 2882 518 2957 «10011
571 2879 857 2967 Christi,
913 2891 1316 2956 sanctorum
1371 2879 1870 2976 Apostolorum
1907 2882 2102 2956 Petri
2131 2893 2207 2956 et
2256 2880 2457 2958 Pauli

347 3021 430 3072 ac
455 2997 733 3086 Nostra,
791 3009 1068 3070 matura
1106 2993 1611 3070 deliberatione
1647 3008 1725 3069 et
1760 3020 1923 3070 ven.
1964 2995 2294 3072 Fratrum
2325 2999 2459 3074 No-

347 3129 659 3192 strorum
713 3126 998 3190 sanctae
1027 3137 1358 3189 romanae
1395 3111 1752 3198 Ecclesiae
1789 3112 2291 3205 Cardinalium,
2331 3141 2461 3214 pa·-

343 3233 836 3318 triarcharum,
891 3231 1573 3326 archiepiscoporum
1627 3242 1703 3303 et
1754 3232 2245 3328 episcoporum
2272 3257 2461 3310 con—-

345 3351 526 3436 silio,
581 3349 1016 3444 praedictum
1069 3345 1481 3420 Michaelem
1535 3369 1679 3420 una
1711 3369 1877 3422 cum
1914 3371 2129 3444 supra
2158 3371 2459 3426 memo-

345 3468 518 3542 ratis
569 3463 990 3562 Martyribus
1039 3462 1080 3535 J
1087 3462 1558 3558 aponensibus
1594 3461 1807 3540 Petro
1840 3465 2163 3562 Baptista
2214 3477 2289 3540 et
2339 3492 2460 3543 so-

347 3587 500 3668 ciis,
553 3586 816 3658 virtute
853 3605 934 3656 ac
984 3581 1318 3678 prodigiis
1345 3581 1695 3677 insignem
1750 3583 1935 3656 inter
1968 3593 2242 3658 ceteros
2298 3586 2459 3659 uni-

351 3725 584 3776 versae
619 3699 972 3773 Ecclesiae
1009 3697 1304 3772 3000ωο
1359 3696 1656 3770 solemni
1712 3698 1851 3772 ritu
1912 3699 2457 3775 adnumeratum

346 3819 724 3894 voluimus.
782 3811 1238 3887 Deci-evimus
1291 3813 1580 3908 insuper
1628 3815 1855 3888 sancti
1906 3815 2265 3891 Michaelis
2301 3837 2459 3905 me-

343 3936 638 4012 moriam
692 3929 1069 4029 quotannis
1122 3927 1608 4004 celebrandam
1666 3930 1763 4007 111
1814 3955 2036 4007 nonas
2084 3932 2268 4029 julii,
2326 3955 2459 4006 na..

345 4051 702 4146 talemque
753 4045 906 4144 ejus
939 4046 1129 4119 diem
1181 4045 1253 4116 in
1289 4065 1665 4122 romanum
1702 4047 2287 4146 martyrologium
2322 4072 2445 4126 re-

339 4168 730 4244 ferendum.
787 4160 1393 4251 christifidelibus,
1448 4164 1570 4260 qui
1621 4164 1805 4242 illius
1856 4167 2261 4264 sepulcrum
2320 4189 2445 4244 ve-

1832 4285 1925 4357 34
