3317 5267
831 435 874 501 8

995 527 1466 603 venumunvs'
1501 552 1809 603 num
1846 552 2313 603 Ammrtscoris
2352 556 2421 601 m·
2461 554 2747 601 srnscorxs

966 652 1238 707 Auisovs
1279 652 1552 702 tocoavu
1593 651 1919 699 canusinus
1959 651 2285 707 vmvsovss
2328 650 2570 697 sicima
2614 652 2806 698 asom.

1518 832 1767 925 PIUS
1828 832 1994 921 PP.
2060 830 2212 920 lX.

1521 1082 1919 1129 vum-:Multas
1971 1079 2214 1129 vanans

1199 1176 1458 1225 SALUTB!
1498 1178 1568 1224 8⁸1·
1606 1178 1995 1225 apostoticam
2036 1176 2523 1224 nnunmcruounu.

819 1262 1062 1426 Cum
1113 1372 1340 1447 nuper
1374 1370 1607 1423 annua
1641 1347 1899 1423 festiva
1932 1348 2343 1425 celebritate
2392 1349 2935 1437 sacratissimae,

818 1477 894 1540 et
941 1466 1031 1540 ad
1083 1467 1644 1542 recordationem
1696 1466 1927 1541 multo
1963 1466 2511 1541 iucundissimus
2548 1466 2699 1541 dies
2750 1466 2940 1540 redi-

817 1594 954 1673 ret,
1007 1608 1150 1681 quo
1201 1582 1621 1681 Vnigenitus
1659 1582 1789 1657 Dei
1828 1584 2049 1658 Filius
2100 1596 2391 1681 propter
2424 1580 2769 1671 nimiam,
2798 1605 2941 1680 qua

815 1700 961 1779 Nos
1011 1702 1284 1791 dilexit,
1339 1704 1719 1779 caritatem
1768 1702 1857 1777 de
1910 1703 2197 1777 caelesti
2250 1703 2417 1777 sede
2450 1701 2885 1777 descendens
2914 1752 2937 1789 ,

819 1833 896 1896 et
947 1846 986 1895 a
1039 1834 1334 1920 paterna
1388 1820 1608 1919 gloria
1665 1846 1806 1897 non
1856 1823 2220 1910 recedens,
2284 1823 2357 1895 in
2411 1822 2944 1897 similitudinem

819 1940 1190 2015 hominum
1244 1939 1501 2030 factus,
1530 1963 1620 2015 ex
1659 1941 2114 2016 immaculata
2166 1938 2714 2037 beatissimeque
2766 1938 2946 2013 Vir-

819 2057 982 2156 gine
1043 2058 1262 2133 Maria
1312 2060 1506 2135 nasci
1559 2058 1813 2147 voluit,
1870 2070 2151 2134 vestras
2204 2058 2759 2133 humanissimas
2823 2082 2947 2135 ac·-

819 2176 1138 2271 cepimus
1187 2172 1494 2251 Litteras
1520 2175 1807 2274 quibus,
1841 2173 2297 2251 venerabiles
2347 2176 2659 2266 Fratres,
2698 2178 2945 2273 singu-

819 2292 1044 2367 larem
1096 2305 1412 2369 vestram
1463 2316 1630 2390 erga
1684 2292 1827 2369 Nos
1878 2306 1955 2369 et
2003 2294 2187 2369 hanc
2241 2293 2433 2367 Petri
2513 2292 2943 2393 cathedram

819 2411 1189 2507 pietatem,
1221 2432 1537 2485 amorem
1569 2422 1646 2485 et
1696 2411 2223 2485 observantiam
2267 2413 2501 2487 denuo
2551 2412 2943 2489 luculenter

821 2528 1234 2625 profitentes
1285 2528 1721 2626 significatiS,
1758 2529 1935 2603 nihil
1971 2527 2189 2604 Vobis
2223 2531 2465 2627 potius
2498 2554 2683 2619 esse,
2724 2552 2941 2629 quam

815 2646 1116 2720 assiduis
1165 2645 1596 2744 fervidisque
1650 2644 1983 2743 precibus
2020 2644 2251 2721 Deum
2288 2645 2661 2743 Optimum
2713 2647 2943 2723 Maxi-

812 2782 1015 2835 mum
1065 2786 1292 2853 orare,
1349 2776 1432 2839 ut
1485 2764 1915 2839 humilitatis
1971 2761 2271 2838 Nostrae
2326 2763 2713 2843 Personam
2764 2788 2943 2863 gra—

815 2879 1108 2955 vissima
1144 2883 1467 2956 omnium
1495 2880 1974 2957 Ecclesiarum
2010 2882 2477 2957 sollicitudine
2504 2882 2941 2958 laborantem

811 3000 1285 3097 omnipotenti
1319 3023 1448 3076 sua
1501 3001 1769 3074 virtute
1804 3000 2118 3088 adiuvet,
2174 3000 2485 3090 roboret,
2540 3002 2936 3088 confirmet,

813 3138 896 3191 ac
931 3118 1203 3191 salvam
1240 3118 1811 3217 incolumemque
1847 3119 2246 3193 diutissime
2284 3131 2549 3208 servet,
2604 3119 2941 3217 omnique

813 3236 1130 3311 cumulet
1181 3238 1650 3335 prosperitate
1690 3239 1777 3312 ad
1814 3238 2156 3312 maiorem
2192 3238 2419 3312 sancti
2470 3237 2581 3312 sui
2632 3238 2941 3313 nominis

813 3352 1136 3451 gloriam,
1191 3367 1266 3430 et
1315 3357 1721 3431 animarum
1773 3356 2108 3431 salutem.
2172 3354 2309 3447 Qui
2358 3357 2622 3454 egregii
2656 3356 2942 3453 religio-

813 3476 1134 3550 sissimae
1157 3550 1169 3557 ,
1189 3489 1468 3573 vestrae
1521 3479 1787 3553 mentis
1838 3501 2118 3567 sensus,
2172 3498 2459 3574 semper
2510 3476 2726 3553 Nobis
2778 3500 2943 3575 gra-

817 3592 1104 3680 tissimi,
1158 3593 1258 3666 ita
1309 3604 1689 3689 paternum
1750 3596 2069 3668 animum
2133 3594 2473 3669 Nostrum
2526 3594 2938 3682 affecerunt,

807 3722 892 3783 ut
944 3709 1162 3786 Vobis
1212 3711 1544 3788 omnibus
1598 3713 1671 3784 in
1724 3711 1863 3787 isto
1916 3714 2297 3810 utriusque,
2340 3712 2615 3787 Siciliae
2695 3712 2941 3809 Regno

813 3828 1167 3925 pastorale
1219 3851 1481 3902 munus
1535 3826 1965 3903 obeuntibus
2016 3828 2201 3903 hanc
2252 3827 2705 3926 Encyclicam
2766 3826 2945 3924 Epi-

817 3946 1078 4020 stolam
1129 3947 1550 4043 praecipuae
1627 3944 1926 4021 Nostrae
1980 3947 2053 4019 in
2108 3943 2252 4021 Vos
2304 3947 2623 4021 caritatis
2674 3958 2943 4021 testem

810 4090 956 4142 uno
1009 4067 1400 4165 eodemque
1437 4078 1761 4165 tempore
1799 4066 2103 4143 scribere
2141 4067 2603 4157 voluerimus,
2646 4080 2737 4143 ut
2788 4090 2949 4140 ma-

813 4188 920 4283 gis
971 4188 1339 4285 magisque
1391 4189 1805 4287 intelligatis
1840 4198 2107 4286 quanta
2161 4185 2307 4265 Vos
2344 4190 2637 4264 caritate
2692 4189 2767 4263 in
2805 4185 2941 4263 Do-
