3317 5267
917 510 1162 694 60oAt
1211 621 1426 696 etiam
1485 621 1552 692 in
1606 620 1742 692 hoc
1794 619 2133 692 acerrimo
2186 614 2369 692 bello
2424 639 2463 689 a
2520 617 2821 691 Russico
2872 615 3039 691 Gu—

912 742 1158 815 bernio
1208 739 1590 813 catholicae
1644 737 2023 824 Ecclesiae,
2078 737 2372 834 eiusque
2444 737 2662 827 sacris
2718 735 2983 809 iuribus
3016 790 3043 823 ,

913 857 1280 942 ministris,
1335 855 1685 952 rebusque
1739 854 1929 928 illato
1960 906 1980 940 ,
2033 854 2251 926 alium
2304 840 2570 927 novum
2626 876 2918 948 prorsus
2972 855 3046 926 in

913 971 1267 1046 Ecclesiae
1305 969 1530 1058 fastis,
1568 981 1644 1044 et
1672 981 1839 1042 ante
1890 970 2079 1042 hunc
2114 969 2303 1043 diem
2360 948 2751 1042 inauditum
2793 991 3053 1044 ausum

919 1088 1321 1173 lamentari,
1359 1097 1436 1158 et
1472 1084 2267 1180 exp1·obrare‚.eogimur
2294 1137 2317 1173 ‚
2374 1083 2826 1158 venerabiles
2882 1083 3063 1157 Fra-

914 1221 1086 1280 tres.
1144 1204 1506 1300 Siquidem
1561 1201 1999 1276 Gubernium
2076 1205 2264 1277 idem
2316 1225 2461 1277 non
2514 1203 2743 1280 solum
2804 1203 3053 1278 Vene—

915 1323 1210 1396 rabilem
1271 1321 1596 1395 Fratrem
1651 1321 2183 1418 sigismundum
2238 1323 2599 1419 egregium
2632 1373 2661 1408 ‚
2720 1325 3068 1420 omnique

914 1439 1115 1513 laude
1178 1439 1471 1535 dignum
1535 1436 2073 1513 Varsaviensem
2154 1435 2778 1535 Archiepiscopum
2834 1461 2876 1512 a
2930 1465 3071 1516 sue

917 1581 1125 1654 grege
1177 1557 1532 1630 divulsum
1590 1557 1658 1629 in
1721 1556 2143 1655 longinquas
2195 1557 2519 1653 regiones
2593 1557 3005 1630 amandavit
3039 1611 3060 1644 ‚

917 1695 1168 1747 verum
1219 1674 1440 1746 etiam
1491 1696 1632 1746 non
1688 1670 2043 1746 dubitavit
2092 1673 2501 1758 decernere,
2542 1673 2869 1746 eumdem
2928 1669 3069 1744 Ve-

920 1791 1302 1868 nerabilem
1345 1791 1667 1864 Fratrem
1721 1790 2099 1888 episcopali
2141 1792 2209 1862 in
2268 1787 2807 1865 Van-saviensem
2846 1789 3067 1865 Dioe-

920 1909 1137 1983 cesim
1193 1910 1610 1983 auctoritate
1666 1919 1743 1980 et
1794 1909 2275 1982 iurisdictione
2328 1929 2487 1980 esse
2541 1909 2936 2004 privatum,
2992 1923 3063 1982 et

919 2030 1279 2102 neminem
1336 2023 1392 2103 e'
1429 2051 1552 2102 sua
1608 2025 1927 2103 Dioecesi
1980 2051 2143 2102 eum
2199 2029 2353 2124 ipso
2400 2052 2611 2126 posse
2658 2033 3069 2104 communi-

925 2171 1086 2220 care
1116 2197 1140 2230 ,
1195 2156 1269 2217 et
1321 2147 1392 2217 in
1447 2147 1598 2218 eius
1678 2145 1909 2219 locum
1965 2145 2281 2217 sufficere
2311 2196 2331 2230 ,
2409 2144 2623 2218 veluti
2704 2143 3063 2219 Dioecesis

918 2265 1563 2338 administratorem
1598 2261 1946 2337 Dilectum
2004 2263 2258 2336 Filium
2325 2261 2621 2336 Paulum
2682 2263 3057 2338 Rzewuski

831 2415 837 2420 ·
918 2385 1070 2456 eius
1109 2381 1461 2456 Vicat-ium
1519 2381 1969 2467 Generalem,
2012 2393 2089 2455 et
2138 2381 2573 2478 Episcopum
2634 2379 3055 2456 Prusensem

919 2499 990 2571 in
1047 2498 1367 2596 partibus
1424 2500 1813 2573 lnfldelium
1870 2502 2011 2572 iam
2052 2521 2093 2572 a
2144 2497 2361 2573 Nobis
2413 2499 2722 2573 electum
2762 2523 2839 2574 ac
2888 2497 3063 2572 Sus-

919 2615 1322 2711 sragancum
1380 2617 1699 2690 eiusdem
1760 2616 2239 2690 Van-saviensis
2298 2617 2655 2690 Antistitis
2734 2618 3058 2714 designa·

917 2745 1094 2803 tum.
1159 2729 1385 2805 Verba
1439 2733 1723 2829 quidem
1782 2733 2069 2820 desunt,
2110 2730 2561 2807 venerabiles
2616 2735 2937 2822 Fratres,
2972 2737 3057 2809 ad

919 2851 1318 2926 huiusmodi
1401 2851 1667 2926 factum
1746 2851 2269 2949 reprobandum
2358 2877 2439 2926 ac
2524 2854 3059 2929 detestandum.

923 2971 1182 3069 Ecquis
1259 2973 1450 3046 enim
1505 2995 1646 3046 non
1711 2973 2335 3047 vehementissime
2412 2971 2839 3060 mirabitur,
2900 2996 3059 3048 cum

921 3090 1100 3162 sciat
1149 3114 1238 3164 eo
1287 3087 1656 3164 devenisse
1716 3090 2093 3163 Russicum
2151 3087 2615 3176 Gubernium‚
2656 3101 2737 3164 ut
2792 3113 3055 3187 perpe-

919 3229 1072 3279 ram
1127 3219 1450 3280 autumet
1504 3220 1576 3280 et
1629 3209 1938 3294 audeat,
1995 3205 2384 3302 Episcopos
2416 3260 2436 3294 ,
2493 3231 2671 3306 quos
2754 3207 3065 3304 Spiritus

919 3324 1221 3398 Sanctus
1277 3328 1512 3421 posuit
1565 3350 1805 3423 regere
1858 3323 2247 3398 Ecclesiam
2314 3323 2469 3413 Dei,
2524 3347 2723 3398 sacra
2804 3349 3059 3400 eorum

923 3442 1344 3514 auct-oritate
1423 3443 1592 3538 ipsis
1645 3467 1713 3514 a·
1740 3441 1889 3516 Deo
1970 3441 2227 3516 tradita
2259 3494 2282 3530 ‚
2362 3452 2437 3514 et
2497 3441 2689 3515 nullo
2770 3463 3061 3537 prorsus

923 3555 1135 3629 modo
1161 3558 1376 3632 laicae
1413 3561 1751 3656 potestati
1782 3581 2095 3657 unquam
2122 3559 2425 3633 obnoxia
2454 3559 2763 3655 privare,
2792 3581 3061 3655 eosque

919 3699 958 3748 a
1013 3677 1336 3772 propriae
1392 3674 1747 3752 Dioecesis
1802 3679 2144 3774 regimine
2196 3690 2272 3751 et
2322 3678 2819 3772 procuratione
2858 3699 3061 3751 amo-

923 3789 1132 3866 vere?
1189 3793 1371 3866 Dum
1427 3809 1669 3868 autem
1728 3795 1898 3868 haec
1953 3794 2413 3892 reprobamus
2467 3805 2541 3867 et
2600 3795 3059 3880 damnamus»,

918 3911 1172 3984 eodem
1233 3924 1553 4010 tempore
1607 3913 1793 3986 clare
1852 3925 2231 4009 aperteque
2283 3912 2721 3984 declaramus
2752 3961 2773 3999 ,
2828 3910 3065 3984 nemi-

919 4049 1084 4098 nem
1127 4041 1566 4102 memoratae
1603 4030 2027 4104 ordinationi
2064 4051 2271 4126 posse
2308 4027 2621 4114 obedire,
2661 4049 3059 4124 omnesque

923 4143 1406 4222 Varsaviensis
1461 4147 1881 4224 Dioeeeseos
1932 4149 2172 4222 fideles
2227 4147 2481 4221 debere
2536 4146 2769 4220 eidem
2824 4144 3061 4220 Vene-

919 4263 1118 4338 rabili
1163 4265 1391 4342 Fratri
1427 4269 1887 4366 sigismundo
1924 4268 2181 4342 sedulo‘
2208 4267 2733 4363 obtemperare,
2770 4267 2899 4362 qui
2940 4291 3061 4339 ve-

919 4405 1064 4468 rus,
1119 4384 1614 4486 legitimusque
1666 4399 1779 4462 est
1834 4387 2319 4486 Varsaviensis
2374 4384 2715 4457 Antistoe.
