3317 5267
829 446 973 516 246

831 560 1078 655 Regno
1103 556 1547 654 aliquantum
1585 560 1918 655 componi
1944 568 2259 656 possent.
2288 552 2487 645 Quae
2510 555 2799 652 quidem
2822 576 3037 629 com-

821 674 1336 750 manicationes
1399 674 1879 771 respiciebant
1926 676 2383 771 potissimum
2436 682 2589 745 tum
2654 671 3005 767 poenaloe

820 795 1011 891 leges
1065 794 1302 867 denuo
1351 792 1813 867 confirmatas
1868 806 1941 865 et
1994 792 2353 890 graviores
2402 786 2688 863 effectas
2738 801 3005 863 contra

822 908 976 983 illos
1005 961 1026 996 ,
1081 909 1202 1006 qui
1253 908 1779 1005 greco-russica
1830 908 2167 1005 religione
2218 906 2465 980 relicta
2518 905 2785 979 vellent
2850 902 3007 977 Ca-

827 1024 1189 1113 tholicam‚¹
1245 1024 1729 1121 Apostolicam
1766 1035 1841 1098 et
1878 1024 2281 1098 Romanam
2334 1022 2781 1118 Religionem
2830 1044 3005 1094 am·-

819 1140 1030 1237 plecti
1080 1164 1166 1214 ac
1217 1140 1562 1238 profiteri,
1617 1153 1773 1215 tum
1822 1140 2321 1237 jusjurandum
2372 1137 2737 1212 catholicis
2774 1136 3003 1211 Pres-

818 1256 1086 1354 byteris
1138 1260 1686 1354 praescriptum,
1717 1270 1875 1331 tum
1904 1258 2176 1355 aliquos
2202 1258 2443 1353 legum
2470 1256 2831 1340 articulos,
2858 1256 3001 1351 qui

820 1374 906 1447 ad
961 1374 1497 1448 matrimonium
1527 1384 1880 1470 spectant.
1913 1374 2011 1448 Et
2044 1374 2381 1470 quoniam
2420 1373 2507 1446 de
2542 1371 2740 1445 hisce
2778 1368 3003 1443 rebus

818 1492 1284 1567 reclamatum
1337 1492 1598 1581 fuerat,
1656 1494 1906 1567 iccirco
1942 1494 2513 1591 efflagitavimuS‚
2572 1503 2651 1564 ut
2703 1492 2793 1565 de
2844 1491 3005 1563 eis-

815 1592 1007 1697 dem,
1061 1610 1352 1707 aliisque
1405 1612 1671 1685 summi
1722 1612 2071 1686 momenti
2122 1610 2559 1707 argumentis
2594 1608 2777 1683 serio
2813 1630 3001 1704 age-

817 1740 1013 1803 retur
1066 1730 1136 1802 in
1189 1728 1705 1825 congressibuS‚
1762 1732 1882 1827 qui
1936 1742 2105 1803 tunc
2160 1729 2423 1826 incepti
2478 1740 2709 1815 erant,
2746 1738 2831 1801 ut
2862 1750 3001 1800 re-

813 1846 1055 1941 ligiosa
1107 1848 1180 1918 in
1235 1846 1540 1921 Russico
1593 1847 1897 1945 Imperio
1950 1860 2025 1921 et
2076 1846 2409 1922 Poloniae
2466 1846 2715 1941 Regno
2762 1868 2999 1940 nego—

822 1964 918 2035 tia
970 1962 1202 2037 stabili
1240 1964 1452 2039 modo
1489 1976 1787 2060 possent
1834 1966 2189 2061 componi.
2230 1963 2523 2061 Optime
2574 1975 2821 2037 autem
2864 1986 2999 2039 no-

816 2083 982 2169 scis,
1043 2079 1476 2155 Venerabilis
1529 2082 1783 2156 Frater
1834 2080 2394 2157 Conventionem
2450 2083 2563 2155 die
2618 2084 2688 2154 3.
2743 2081 2993 2179 Augu-

817 2200 914 2271 sti
967 2198 1172 2271 Anno
1232 2202 1424 2272 1847
1481 2198 1749 2272 factam
1800 2198 2041 2273 fuisse.
2102 2198 2285 2275 Cum
2342 2223 2507 2273 vero
2571 2199 2747 2272 haec
2784 2196 2985 2271 Con-

813 2314 1054 2386 ventio
1091 2314 1382 2387 minime
1417 2316 1793 2411 complecti
1830 2316 2141 2412 potuerit
2176 2340 2258 2390 ea
2294 2316 2557 2402 omnia,
2599 2338 2783 2412 quae
2818 2314 2973 2388 Nos

825 2428 912 2503 ad
961 2451 1260 2502 examen
1317 2432 1711 2505 revocanda
1762 2454 1921 2505 esse
1976 2432 2373 2521 necessario
2424 2432 2983 2505 existimavera-

815 2570 1004 2636 mus,
1059 2548 1308 2623 iccirco
1357 2550 1743 2639 voluimus,
1802 2563 1882 2623 ut
1934 2552 2005 2623 in
2062 2553 2250 2625 aliud
2302 2564 2709 2647 seperatum
2766 2553 2987 2627 volu-

821 2686 986 2737 men
1027 2688 1277 2739 omnes
1313 2664 1610 2741 Nostrae
1647 2667 2082 2743 reserrentur
2126 2669 2507 2765 petitiones
2544 2670 2731 2742 circa
2768 2692 2987 2766 argu—

817 2792 1060 2855 menta
1097 2782 1188 2854 ab
1223 2780 1715 2879 Imperialibus
1754 2784 2130 2883 Regiisque
2166 2785 2814 2881 Plenipotentiariis
2842 2790 2983 2859 mi·

817 2900 1018 2975 nime
1071 2902 1380 2977 admissa
1409 2954 1430 2991 ,
1489 2914 1711 3001 utque
1762 2907 1866 2977 ita
1904 2904 2231 2979 omnibus
2268 2904 2454 2977 clare
2497 2957 2517 2991 ‚
2592 2918 2982 3003 aperteque

817 3035 1204 3111 constaret,
1263 3022 1404 3098 Nos
1457 3048 1849 3122 numquam
1904 3025 2304 3099 adhaesisse
2360 3024 2482 3097 ulli
2534 3048 2623 3098 ex
2676 3024 2979 3121 legibus,

815 3160 996 3235 quae
1051 3162 1239 3212 nunc
1293 3140 1537 3237 vigent
1563 3193 1587 3226 ‚
1641 3153 1717 3213 et
1773 3142 1861 3215 ad
1914 3142 2064 3237 ipsa
2116 3140 2479 3235 pertinent
2528 3154 2975 3237 argumenta.

817 3252 1113 3331 Nostrae
1170 3280 1336 3331 vero
1387 3257 1767 3351 petitiones
1820 3280 1905 3332 eo
1958 3255 2405 3353 spectabant,
2458 3265 2541 3329 ut
2578 3256 2693 3328 isti
2734 3255 2977 3330 fideles

813 3396 978 3447 cum
1033 3374 1166 3447 hac
1219 3375 1294 3449 S.
1353 3375 1536 3449 S'ede
1584 3374 1807 3449 libere
1875 3376 2399 3449 communicare
2468 3387 2762 3471 possent
2803 3399 2829 3463 3
2896 3385 2981 3449 ut

813 3488 904 3562 ab
954 3488 1488 3587 Episcopalibus
1541 3490 1995 3566 Consistoriis
2048 3502 2553 3565 amoverentur
2615 3491 2977 3567 Procura—

813 3616 928 3682 tor
979 3606 1386 3703 imperialiS,
1425 3620 1500 3680 et
1530 3607 1752 3681 laicus
1788 3606 2227 3682 Secretarius
2264 3632 2305 3679 a
2344 3606 2701 3682 Gubernio
2738 3608 2975 3681 nomi-

817 3735 1052 3809 natus,
1091 3735 1174 3799 ut
1207 3724 1531 3799 catholici
1569 3725 1761 3799 omni
1796 3724 2125 3798 libertate
2162 3726 2437 3799 adirent
2462 3725 2814 3801 catholica
2848 3728 2977 3799 tri-

812 3838 1122 3927 bunalia,
1175 3840 1452 3937 illisque
1485 3864 1737 3915 causas
1776 3840 2209 3935 subjicerent
2242 3843 2478 3940 quoad
2514 3844 2971 3917 matrimonia

811 3955 900 4029 ab
953 3958 1124 4053 ipsis
1159 3980 1322 4032 cum
1358 3958 1765 4033 acatholicis
1802 3967 2193 4046 contracta3
2229 3972 2311 4033 ut
2348 3959 2419 4032 in
2462 3956 2785 4033 Russicis
2820 3958 2969 4033 Do-

812 4072 1046 4145 miniis
1097 4072 1329 4147 locum
1382 4072 1728 4148 haberent
1779 4071 2288 4148 Instructiones
2340 4074 2433 4147 ab
2484 4074 2616 4147 hac
2666 4074 2717 4148 S
2782 4074 2961 4147 Sede

811 4210 940 4283 pro
993 4184 1375 4287 Hungaria,
1432 4190 1725 4286 aliisque
1777 4188 1949 4266 locis
2002 4191 2231 4265 editae
2282 4193 2465 4267 circa
2514 4192 2743 4267 mixta
2804 4216 2965 4267 con-
