3317 5267
951 450 1241 622 'rms
1308 523 1590 620 ΡΑΡΑ
1647 527 1800 618 ix.
1864 550 1871 558 ·
2324 419 2476 494 ‘⁵2⁹'

940 927 1017 972 ΑΙ)
1060 927 1392 976 mmmm
1436 923 1525 976 RB!
1566 925 1872 975 anonim

478 1237 615 1312 uod
662 1233 1087 1334 jampridem
1114 1235 1205 1309 ab
1233 1235 1364 1310 hac
1392 1237 1798 1333 Apostolica
1833 1235 2016 1311 Sede
2051 1237 2458 1312 communia

340 1355 653 1430 fidelium
709 1369 874 1428 vota
926 1377 1315 1452 precesque
1367 1355 1931 1452 postulaverant,
1997 1355 2329 1452 quodque
2383 1354 2471 1429 ad

341 1474 735 1570 augendam
790 1473 862 1546 in
916 1473 1121 1548 terris
1173 1471 1637 1548 Beatissimae
1699 1471 2078 1548 Genitricis
2130 1470 2260 1546 Dei
2313 1473 2470 1569 glo-

340 1595 517 1668 riam
572 1593 881 1668 maxime
935 1591 1360 1690 pertinebat,
1415 1594 1486 1669 id
1540 1592 1684 1668 Nos
1737 1593 2026 1668 tandem
2077 1593 2318 1668 divino
2355 1593 2484 1666 ad-

343 1709 559 1784 flante
609 1709 881 1806 Spiritu
908 1710 1420 1807 praestitimus,
1460 1733 1680 1807 quum
1719 1709 1925 1786 sesto
1973 1709 2138 1788 ldus
2175 1702 2472 1786 Decem-

339 1825 489 1902 bris
558 1827 727 1900 anni
816 1825 1171 1900 millesimi
1250 1826 1818 1922 octingentesimi
1873 1827 2478 1924 quinquagesimi

346 1946 583 2044 quarti
633 1947 705 2019 in
760 1943 1217 2020 Patriarchali
1272 1943 1570 2020 Basilica
1633 1945 1891 2022 Nostra
1945 1945 2286 2021 Vaticana
2338 1945 2484 2020 fre-

342 2061 815 2161 quentissima
868 2063 1197 2137 adstante
1247 2062 1322 2136 S.
1385 2063 1472 2136 R.
1532 2057 1619 2136 E.
1664 2060 2168 2149 Cardinalium‚
2223 2077 2298 2138 et
2351 2063 2483 2138 Sa-

343 2202 629 2254 crorum
686 2177 1107 2254 Antistitum
1160 2200 1453 2266 corona,
1517 2179 2170 2275 pronunciavimuS,
2233 2180 2484 2256 decla—2

350 2297 691 2385 ravimus,
744 2320 827 2371 ac
877 2295 1328 2374 definivimus
1363 2297 1790 2385 doctrinam,
1831 2319 2014 2394 quae
2051 2308 2250 2371 tenet
2300 2297 2485 2372 Bea-

349 2412 705 2490 tissimam
765 2411 1125 2510 Virginem
1188 2411 1479 2491 Mariam
1546 2414 1615 2486 in
1673 2414 1902 2510 primo
1969 2414 2264 2488 instanti
2315 2439 2486 2490 suae

350 2531 849 2630 Conceptionis
884 2531 1109 2608 fuisse
1146 2532 1483 2629 singulari
1515 2530 1639 2606 Dei
1669 2532 2198 2630 omnipotentis
2235 2535 2483 2631 gratia,

348 2664 427 2728 et
450 2651 849 2748 privilegio,
892 2650 1156 2726 intuitu
1204 2643 1625 2726 meritorum
1665 2649 1834 2726 Jesu
1873 2648 2139 2726 Christi
2183 2649 2491 2726 Redem-

350 2771 577 2870 ptoris
609 2770 913 2844 humani
950 2769 1255 2867 generis,
1296 2765 1387 2844 ab
1422 2773 1619 2846 omni
1656 2769 2016 2868 originalis
2051 2771 2300 2867 culpae
2333 2769 2492 2844 labe

346 2899 909 2989 praeservatam,
962 2911 1117 2963 esse
1172 2911 1213 2962 a
1266 2886 1415 2964 Deo
1478 2890 1896 2978 revelatam,
1963 2903 2180 2986 atque
2234 2887 2488 2964 iccirco

348 3008 440 3083 ab
491 3005 821 3082 omnibus
872 3003 1193 3080 fidelibus
1228 3005 1557 3094 firmiter,
1588 3017 2143 3104 constanterque
2193 3006 2493 3080 creden-

348 3126 551 3201 dam.'
580 3121 873 3198 Difficile
924 3145 1136 3220 porro
1188 3122 1383 3196 dictu
1438 3135 1551 3197 est
1600 3133 1872 3220 quanto
1925 3122 2188 3196 exinde
2238 3123 2492 3218 gaudio

349 3239 615 3340 perfusi
644 3240 909 3316 fuerint
948 3239 1259 3315 universi
1286 3237 1635 3315 Catholici
1673 3237 1883 3315 Orbis
1915 3237 2290 3314 Antistites
2325 3261 2494 3315 cum

354 3358 561 3435 Clero
614 3381 771 3442 suo,
826 3379 959 3432 nec
1020 3379 1165 3432 non
1223 3354 1595 3454 Principes
1640 3357 1800 3444 viri,
1855 3356 2218 3454 ceterique
2253 3355 2495 3454 cujus·-

349 3501 661 3577 cumque
696 3479 959 3554 ordinis
1008 3477 1275 3567 fideles,
1314 3479 1577 3576 quippe
1612 3478 1734 3576 qui
1771 3476 2212 3552 inflammato
2259 3477 2494 3552 studio
2591 3553 2606 3566 ,

350 3597 549 3672 ducti
602 3597 869 3672 honore
916 3593 1159 3670 debito
1211 3595 1682 3694 prosequendi
1753 3595 2279 3670 immaculatam
2337 3592 2497 3667 Vir·-

356 3714 597 3811 ginem
650 3711 1085 3790 Genitricem
1123 3711 1253 3788 Dei
1289 3711 1579 3788 Mariam
1622 3715 1991 3810 majorum*
2015 3711 2342 3808 exempla
2377 3734 2500 3786 ae·-

354 3833 609 3908 mulati
634 3885 655 3922 ,
712 3827 1020 3931 idipsum
1080 3835 1469 3909 novissima
1520 3835 1652 3907 hac
1704 3844 1944 3907 aetate
2005 3833 2280 3905 iteratis
2329 3855 2498 3927 pre-

354 3950 557 4026 cibus
590 3949 683 4025 ab
720 3940 857 4025 hac
891 3950 1150 4025 Sancta
1177 3949 1357 4025 Sede
1394 3950 1970 4046 imploraverant.
2024 3948 2174 4023 Nos
2209 3947 2498 4045 q'uidem

356 4069 479 4140 vix
512 4069 687 4144 dum
724 4069 809 4143 ad
846 4069 1217 4142 universae
1255 4066 1611 4144 Ecclesiae
1657 4067 1974 4163 regimen
2029 4066 2302 4140 meritis
2338 4064 2504 4139 licet

360 4184 753 4281 imparibus
802 4185 1033 4260 evecti
1080 4183 1341 4259 fuimus
1393 4183 1463 4259 id
1516 4183 1892 4280 praecipue
1943 4182 2358 4258 curavimus
2414 4193 2494 4256 ut
