3317 5267
2286 362 2417 442 181

319 474 626 552 Sanctae
681 471 882 551 Sedis
911 470 1098 550 civili
1125 474 1422 573 imperio
1449 471 1737 553 alienari
1774 494 1855 551 ac
1890 477 2150 565 divelli,
2180 478 2431 555 iccirco

320 600 396 671 in
453 600 644 695 ipsas
692 596 1086 693 provincias
1139 598 1440 674 immisit
1493 610 1646 672 tum
1699 599 2131 695 perditorum
2185 598 2434 675 homi-

315 739 494 791 num
523 736 839 801 manum,
869 713 990 811 qui
1018 712 1264 789 turbas
1297 716 1859 813 seditionemque
1888 714 1981 789 ibi
2012 718 2431 803 excitarent,

319 845 478 909 tum
531 834 890 929 ingentem
943 856 1152 909 suum
1203 835 1622 921 exercitum,
1664 835 1786 933 qui
1823 835 2107 909 easdem
2144 836 2435 931 provin-

315 956 462 1029 cias
514 952 756 1028 hostili
809 953 1084 1049 impetu
1132 974 1631 1051 armorumque
1687 953 1757 1025 vi
1810 952 2211 1027 subiiceret.

471 1072 758 1169 Optime
809 1072 1066 1159 nostis,
1124 1069 1576 1145 Vene1·abiles
1632 1070 1943 1161 FratreS,
1984 1073 2431 1167 impudentes

318 1186 588 1263 litteras
641 1212 686 1261 a
735 1187 1142 1285 Suhalpinio
1179 1184 1534 1263 Gubernio
1571 1189 1659 1261 ad
1696 1210 1907 1263 suum
1944 1190 2287 1263 tuendum
2326 1190 2433 1261 la·-

323 1306 702 1382 trocinium
747 1305 1004 1379 Nostro
1057 1303 1406 1379 Cardinali
1459 1328 1500 1377 a
1553 1305 1851 1399 publicis
1906 1306 2207 1403 negotiis
2258 1307 2435 1379 scri-

323 1433 511 1519 ptas,
557 1420 820 1518 quibus
871 1421 1062 1495 haud
1111 1420 1394 1495 erubuit
1445 1423 1799 1511 nuntiare,
1863 1446 1942 1497 se
1990 1423 2141 1497 suis
2216 1422 2436 1519 copiis

322 1539 396 1612 in
449 1537 800 1613 mandatis
851 1537 1152 1625 dedisse,
1185 1547 1270 1611 ut
1303 1550 1899 1614 commemoratas
1942 1538 2235 1613 Nosti-as
2272 1562 2439 1635 pro-

329 1656 594 1731 vincias
644 1666 1097 1751 occuparent,
1127 1655 1264 1729 nisi
1291 1656 1821 1732 dimitterentur
1851 1658 2077 1733 exteri
2112 1658 2437 1733 homines

327 1774 662 1870 adscripti
713 1797 932 1870 parvo
985 1773 1242 1851 Nostro
1294 1776 1664 1864 exercitui,
1720 1778 1841 1873 qui
1892 1780 2299 1875 ceteroquin
2350 1776 2437 1849 ad

325 1890 732 1968 Pontificiae
781 1893 1096 1980 ditionis,
1151 1894 1444 1991 eiusque
1489 1896 1917 1991 populorum
1974 1896 2437 1993 tranquillita-

327 2023 478 2086 tem
532 2012 950 2087 servandam
1002 2011 1234 2087 fuerat
1283 2013 1699 2087 instructus.
1756 2012 1901 2087 Nec
1950 2013 2287 2109 ignoratis
2318 2064 2339 2100 ‚
2396 2034 2437 2085 a

326 2127 726 2225 Subalpinis
777 2130 998 2225 copiis
1051 2129 1337 2203 casdem
1392 2130 1789 2224 provincias
1841 2130 1997 2225 ipso
2050 2128 2197 2203 fere
2251 2140 2440 2202 tem-

325 2270 499 2343 pore
549 2246 766 2322 fuisse
817 2258 1217 2343 occupatae,
1281 2272 1424 2345 quo
1479 2246 1636 2321 illae
1690 2248 1969 2321 litterae
2004 2246 2445 2343 accipieban-

325 2375 466 2439 tur.
497 2362 846 2462 Equidem
901 2386 1112 2440 nemo
1152 2388 1296 2441 non
1347 2375 1586 2461 potest
1611 2386 1755 2439 non
1788 2386 2217 2462 magnopere
2240 2387 2441 2439 com-

325 2482 626 2570 moveri,
655 2494 740 2557 et
789 2505 1070 2559 summa
1095 2482 1274 2557 affici
1305 2482 1791 2579 indignatione
1842 2493 2179 2579 reputans
2230 2505 2439 2557 men-

321 2603 532 2677 daces
583 2602 1138 2688 criminationes,
1193 2604 1564 2698 variasque
1617 2600 2008 2675 calumnias
2060 2612 2137 2675 et
2186 2612 2441 2675 contu-

325 2722 600 2809 melias,
655 2720 910 2818 quibus
949 2721 1154 2797 idem
1209 2719 1646 2795 Gubernium
1692 2719 1885 2795 haud
1938 2721 2159 2817 pudet
2186 2719 2441 2793 huius-

328 2839 522 2913 modi
571 2860 774 2912 suam
825 2836 1160 2913 hostilem
1213 2837 1642 2934 impiamque
1684 2847 1939 2912 contra
1972 2836 2252 2913 civilem
2291 2835 2441 2909 Ro·-

330 2980 582 3031 manae
633 2954 988 3031 Ecclesiae
1041 2956 1516 3053 principatum
1567 2956 2089 3052 aggressionem
2140 2966 2383 3050 ,tegere
2414 3004 2435 3038 ‚

329 3071 814 3172 Nosti-umque
863 3071 1298 3149 Gubemium
1327 3076 1715 3171 impetere.
1752 3072 2017 3169 Ecquis
2042 3072 2243 3147 enim
2299 3092 2441 3147 non

329 3215 778 3289 sumopere
855 3191 1154 3265 miretur
1207 3192 1500 3265 audiens
1519 3242 1552 3277 .,
1612 3188 1949 3263 Nostrum
2027 3186 2441 3285 aeprehendi

329 3310 798 3398 Gubernium,
846 3323 1228 3407 proptecea
1281 3310 1470 3407 quod
1507 3308 1767 3388 Nostro
1796 3308 2134 3383 exercitui
2169 3304 2445 3381 externi

331 3428 668 3504 homines
696 3428 962 3503 fuerint
985 3428 1346 3524 adempti,
1364 3448 1526 3500 oum
1555 3450 1805 3501 omnes
1830 3437 2127 3501 noscant
2148 3424 2325 3499 nu‘lli
2352 3423 2447 3496 le·-

331 3540 592 3647 gitimo'
607 3547 966 3625 Gubernio
981 3548 1328 3645 denegari
1355 3569 1675 3644 unquam
1696 3570 1910 3644 ‚posse
1940 3548 2047 3621 ius
2084 3546 2459 3643 cooptandi

333 3671 404 3745 in
457 3694 622 3745 suas
673 3671 912 3765 copias
963 3680 1252 3743 exteros
1303 3669 1629 3742 homines
1657 3663 1697 3738 ἰ)
1750 3665 1957 3757 Quod
1993 3664 2293 3764 quidem
2332 3666 2443 3739 ius

330 3788 586 3884 potiori
641 3786 946 3884 quadam
987 3788 1270 3861 ‘ratione
1322 3786 1408 3859 ad
1463 3784 1802 3859 Nostrum
1851 3796 1933 3858 et
1992 3783 2201 3857 huius
2262 3782 2447 3854 San—-

333 3918 490 3981 ctae
543 3906 744 3981 Sedis
797 3904 1234 3982 Gubernium
1260 3907 1604 4002 pertinet,
1634 3927 1801 3978 cum
1856 3905 2219 3979 Romanus
2255 3898 2446 3975 Pon-

336 4024 539 4114 tifex,
595 4026 816 4099 veluti
869 4025 1268 4100 communis
1319 4025 1637 4099 omnium
1671 4022 2181 4099 catholicorum
2216 4029 2443 4116 pater,

339 4166 482 4217 non
561 4143 786 4239 possit
863 4165 1004 4215 non
1055 4140 1517 4215 libentissime
1557 4164 1690 4233 ,eos
1745 4162 1991 4214 omnes
2066 4135 2445 4212 catholicos
