3317 5267
2305 454 2443 527 103

920 680 1173 774 PIVS
1230 676 1840 772 EPISCOPVS

1028 846 1247 893 snaws
1286 843 1593 893 SERVORVM
1633 842 1734 889 nm

918 944 993 990 n>
1032 940 1365 989 tumtun
1404 940 1497 987 RB!
1536 936 1844 986 intuetu!

320 1308 683 1469 Aeterni
736 1390 1051 1469 Pastoris
1131 1389 1391 1464 vicaria
1467 1390 1585 1464 hic
1635 1392 1710 1463 in
1766 1391 1972 1465 terris
2047 1394 2446 1487 procuratio

316 1506 539 1585 Nobis
586 1509 782 1585 nullo
834 1520 1029 1584 certe
1062 1507 1485 1581 meritorum
1536 1504 1898 1604 suffragio,
1937 1506 2062 1581 sed
2115 1504 2447 1583 ineffabili

314 1622 615 1701 Divinae
670 1624 1171 1701 Providentiae
1222 1623 1515 1699 consilio
1566 1626 1950 1699 commissa
1987 1626 2327 1722 postulat,
2365 1639 2450 1701 ut

312 1745 561 1820 omnia
614 1744 875 1823 Nostra
925 1744 1219 1820 consilia
1272 1754 1349 1817 et
1398 1743 1635 1817 studia
1685 1744 1760 1817 in
1813 1744 2126 1819 universi
2196 1741 2446 1820 Domi-

314 1862 454 1937 nici
488 1864 743 1961 gregis
792 1862 1125 1952 salutem,
1182 1873 1259 1935 et
1308 1858 1716 1937 Catholicae
1765 1861 2128 1937 Ecclesiae
2175 1862 2448 1937 utilita-

314 1992 467 2055 tem
516 1980 781 2078 ubique
830 1982 1387 2081 promovendam
1425 1981 1707 2055 assidue
1739 1980 2211 2056 conferamus.
2263 1978 2448 2072 Quo-

311 2101 501 2175 circa
557 2100 1001 2199 Apostolicas
1052 2100 1351 2175 Nostrae
1404 2122 1637 2189 curas,
1695 2100 2307 2198 cogitationesque
2357 2101 2472 2175 ad·

308 2216 819 2293 ecclesiasticas
870 2218 1255 2315 superioris
1307 2216 1539 2291 Rheni
1593 2218 1992 2312 provincias
2034 2220 2230 2292 omni
2283 2228 2441 2293 stu-

304 2336 427 2413 dio
477 2337 987 2425 convertimus,
1040 2346 1127 2411 ut
1176 2334 1277 2409 ibi
1327 2336 1782 2411 sanctissima
1846 2346 2092 2412 nostra
2170 2337 2444 2434 Religio

305 2457 577 2532 maiora
610 2457 682 2530 in
718 2457 869 2532 dies
906 2456 1346 2531 incrementa
1398 2456 1770 2552 suscipiat,
1809 2468 1886 2531 et
1917 2457 2234 2554 quotidie
2286 2480 2445 2530 ma-

306 2576 417 2673 gis
468 2598 805 2673 prospere
856 2573 1294 2672 feliciterque
1346 2574 1608 2672 vigeat,
1663 2586 1742 2649 et
1789 2574 2060 2650 floreat.
2142 2573 2436 2650 Etenim

302 2694 587 2768 etiamsi
634 2691 1047 2767 recolendae
1098 2692 1483 2766 memoriae
1536 2690 2122 2769 Praedecessores
2157 2692 2422 2781 Nostri,

309 2808 481 2885 Pius
532 2810 955 2908 praesertim
1010 2808 1135 2883 vll
1188 2810 1336 2886 suis
1390 2808 1820 2906 Apostolicis
1893 2808 2181 2887 Litteris
2244 2810 2440 2886 XVII

304 2928 653 3005 Kalendas
707 2927 1149 3026 Septembris
1185 2950 1371 3003 anno
1408 2928 1794 3004 millesimo
1845 2930 2440 3027 octingentesimo

304 3047 647 3123 vicesimO
696 3048 929 3146 primo
978 3044 1112 3121 sub
1162 3046 1454 3143 plumbo
1500 3046 1688 3123 datis
1716 3101 1739 3136 ‚
1804 3058 1884 3121 et
1929 3047 2434 3146 incipientibus

312 3192 351 3239 ι
412 3163 731 3240 Provida
780 3162 1139 3266 solersque
1196 3190 1267 3255 1»,
1304 3186 1390 3240 ac
1438 3162 1583 3239 Leo
1636 3163 1766 3238 ΧΠ
1819 3188 1948 3262 per
2000 3166 2178 3240 alias
2238 3166 2440 3239 simi-

298 3283 409 3359 les
460 3281 763 3359 Litteras
816 3281 913 3357 ΠΙ
966 3282 1133 3358 Idus
1187 3282 1447 3380 Aprilis
1500 3304 1688 3357 anno
1741 3282 2122 3359 millesimo
2203 3286 2436 3359 octin-

301 3404 701 3501 gentesimo
754 3402 1091 3477 vicesimo
1143 3402 1450 3498 septimo
1504 3401 1758 3490 editas,
1815 3422 2115 3498 quarum
2151 3401 2440 3477 initium

312 3544 351 3591 α
402 3518 517 3593 Ad
570 3516 933 3593 Dominici
968 3518 1197 3616 9re9is
1226 3516 1633 3591 custodiam
1693 3544 1727 3589 »
1787 3519 2280 3595 ecclesiasticis
2317 3542 2444 3595 ea-

300 3638 629 3713 rumdem
681 3636 1207 3733 provinciarum
1244 3636 1575 3733 negotiis,
1620 3658 1706 3709 ac
1757 3636 2103 3732 spirituali
2159 3636 2437 3712 illorum

298 3752 617 3829 fidelium
666 3753 855 3829 bono
908 3764 1235 3829 accurate
1277 3754 1676 3851 prospicere
1713 3754 2164 3843 studuerunt,
2197 3765 2438 3829 tamen

300 3870 525 3969 probe
576 3870 1181 3969 cognoscebamus
1209 3922 1234 3960 ‚
1290 3870 1383 3949 ob
1434 3894 1677 3946 rerum
1731 3894 1813 3946 ac
1867 3882 2268 3968 temporum
2323 3868 2435 3945 v'i·

295 3987 746 4085 cissitudines
800 3988 933 4063 alia
982 3988 1201 4065 Nobis
1236 3988 1682 4085 suscipienda
1725 4011 1881 4063 esse
1912 3988 2233 4078 consilia,
2273 4000 2431 4064 tum

296 4106 389 4182 ad
423 4106 766 4183 maiorem
804 4106 1083 4184 illorum
1118 4106 1431 4185 fidelium
1461 4106 1848 4183 utilitatem
1883 4108 2428 4204 procur-andam,
