3317 5267
943 555 1204 649 Plvs
1263 554 1434 643 PP.
1500 557 1651 644 lx.
2210 454 2353 525 250

843 946 916 994 Ab
955 942 1291 992 ruamus!
1333 939 1429 987 nt
1467 936 1777 987 ΙΕΙΟΒΙΔΙ

255 1286 425 1447 De
477 1372 740 1447 tuendo
791 1368 1238 1465 colendoque
1273 1388 1440 1461 agro
1469 1384 1601 1437 suo
1651 1357 1995 1437 sollicitus
2044 1362 2369 1439 caelestis
2503 1354 2511 1361 ’

248 1491 752 1587 paterfamilias
827 1489 888 1563 si
951 1487 1232 1585 quando
1284 1482 1610 1558 inimicus
1663 1480 1878 1557 homo
1940 1483 2371 1579 supersemi-

248 1623 490 1686 nasset
514 1614 586 1684 in
613 1634 704 1687 eo
742 1610 1036 1697 zizania,
1063 1606 1430 1703 operarios
1457 1626 1683 1679 novos
1718 1626 1801 1678 ac
1834 1615 2161 1680 strenuos
2209 1604 2373 1681 illuc

251 1729 546 1803 mittere·
583 1726 1020 1823 properavit,
1072 1722 1194 1819 qui
1245 1720 1526 1795 assiduo
1559 1716 1797 1795 labore
1831 1721 2181 1795 malarum
2212 1718 2373 1795 ber-

249 1842 502 1917 barum
538 1844 798 1938 stirpes
833 1840 1220 1915 evellerent
1247 1888 1270 1923 ‚
1332 1846 1414 1911 ut
1473 1836 1687 1911 noxio
1747 1838 2001 1934 quovis
2048 1840 2371 1913 extincto

254 1983 334 2033 ac
357 1959 636 2035 sublato
673 1959 970 2043 semine,
1003 1954 1398 2031 dominicus
1433 1974 1600 2048 ager
1632 1952 2000 2029 lectissimi
2032 1956 2371 2051 germinis

249 2075 602 2148 viriditate
656 2074 1061 2147 nitesceret.
1102 2070 1181 2144 ld
1217 2092 1388 2143 sane
1424 2066 1691 2143 factum
1743 2070 2371 2145 animadvertimus

243 2190 522 2265 saeculo
573 2189 931 2265 Ecclesiae
987 2186 1150 2261 xvl
1183 2240 1203 2273 ‚
1257 2208 1400 2283 quo
1451 2183 1731 2261 saeculo
1782 2200 2019 2285 pestes
2070 2189 2227 2263 illae
2284 2213 2373 2265 ac

243 2309 464 2385 furiae
541 2308 982 2385 Christianae
1062 2309 1420 2383 societatis
1473 2302 1831 2382 Lutherus
1867 2361 1887 2397 ,
1972 2308 2303 2385 Calvinus
2342 2363 2365 2399 ,

244 2452 632 2527 eorumque
685 2426 1004 2527 gregales
1057 2440 1424 2525 tamquam
1476 2426 1735 2503 diaboli
1784 2428 2137 2525 legatione
2186 2452 2373 2527 per-

247 2546 469 2620 functi
525 2549 890 2621 teterrima
943 2567 1262 2623 errorum
1315 2554 1634 2620 monstra
1686 2546 1759 2619 in
1795 2547 2179 2642 perniciem
2216 2548 2375 2623 ani-

240 2684 518 2737 marum
569 2662 907 2759 proferre,
960 2674 1174 2761 atque
1220 2662 1552 2758 evulgare
1587 2652 2072 2737 instituerunt.
2112 2662 2361 2739 Plures

247 2781 614 2855 enimvero
665 2790 1028 2875 spectatae
1084 2779 1372 2853 virtutis
1439 2779 1941 2876 doctrinaeque
1992 2781 2185 2856 viros
2236 2804 2375 2855 ae-

241 2908 392 2971 tate
429 2897 548 2971 illa
583 2898 924 2973 excitavit
958 2896 1620 2991 providentissimus
1661 2893 1875 2983 Deus,
1914 2919 2217 2995 quorum
2252 2899 2371 2974 in-

247 3012 522 3085 dustria
577 3012 918 3108 laborque
955 3012 1030 3083 in
1067 3011 1520 3106 perpoliendo
1573 3034 1656 3085 ac
1697 3012 1995 3087 tutando
2023 3034 2191 3108 agro
2226 3010 2373 3087 Do-

247 3129 428 3202 mini
497 3132 769 3205 utiliter
839 3139 1270 3206 versaretur.
1344 3126 1536 3204 Huic·
1582 3132 2101 3224 praestantium
2165 3130 2373 3206 viro-

251 3268 418 3321 rum
497 3250 764 3346 agmini
865 3246 1348 3323 adcensendus
1418 3248 1681 3322 merito
1750 3261 1863 3322 est
1936 3247 2371 3323 Venerabilis

241 3362 380 3438 Dei
431 3363 740 3443 famulus
795 3364 1094 3439 loannes
1131 3362 1478 3437 Leonardi
1529 3363 1807 3439 divinae
1868 3365 2128 3461 gloriae
2187 3388 2371 3461 pro-

241 3478 582 3556 ferendae
619 3480 1232 3577 flagrantissimuS‚
1265 3479 1388 3577 qui
1415 3480 1733 3555 studium
1785 3482 1953 3556 illud
1990 3502 2201 3557 suum
2228 3505 2373 3558 non

241 3599 578 3673 mortalis
617 3600 806 3671 vitae
845 3597 1076 3693 spatio
1111 3595 1452 3683 cohibuit,
1491 3618 1745 3672 verum
1780 3600 1866 3673 ad
1902 3620 2191 3675 omnem
2240 3622 2375 3695 po-
2480 3642 2489 3651 -

239 3717 656 3791 steritatem
707 3715 1156 3812 propagavit,
1215 3714 1544 3791 instituta
1591 3714 1899 3812 regulari
1943 3713 2373 3791 Clericorum

225 3832 536 3923 familia,
592 3856 774 3932 quae
825 3856 994 3907 suae
1047 3832 1296 3907 haeres
1347 3832 1661 3907 caritatis
1712 3845 1793 3907 et
1838 3834 2195 3909 Ecclesiae
2256 3856 2375 3907 re-

225 3950 380 4023 bus
431 3972 560 4045 pro
614 3949 796 4024 virili
847 3958 1050 4044 parte
1099 3948 1430 4042 juvandis
1481 3957 1557 4022 et
1607 3950 2083 4045 sempiternae
2132 3948 2379 4044 proxi·-

223 4090 530 4143 morum
581 4067 792 4143 saluti
843 4067 1398 4162 promovendae,
1435 4090 1514 4143 se
1547 4090 1936 4164 omnesque
1974 4089 2146 4143 suae
2182 4068 2370 4141 vitae

221 4185 558 4260 rationes
608 4186 1014 4263 devoveret.
1076 4181 1400 4272 Decimi,
1455 4186 1644 4282 quod
1716 4185 2057 4283 oppidum
2086 4236 2109 4273 ,
2183 4182 2371 4259 baud

1719 4306 1809 4378 17
