3317 5267
2316 434 2451 506 241

347 550 551 636 tium,
605 546 794 645 quod
845 546 1207 623 communi
1247 540 1821 624 contrahentium
1871 542 2165 621 consilio
2216 545 2303 621 ad
2358 548 2473 621 in-

347 678 614 763 tegram
669 661 1108 739 Dioeeesium
1163 657 1901 754 circumscriptionem
1972 660 2466 757 perficiendam

345 782 818 858 necessarium
845 780 1399 866 existimabitur3
1427 777 1626 849 firma
1657 787 1899 849 tamen
1925 777 2077 875 lege
2106 790 2190 854 ut
2220 780 2469 856 eadem

341 896 701 997 Delegatio
769 896 1094 993 specialis
1156 911 1238 971 et
1309 891 1907 969 extraordinariae
1978 896 2463 992 providentiae

339 1028 666 1090 naturam
717 1036 864 1089 non
918 1014 1206 1089 amittat
1247 1012 1481 1111 quoad
1533 1010 1689 1085 loca
1738 1010 1969 1085 eidem
2024 1008 2463 1110 Delegationi

337 1132 676 1221 subiecta,
714 1152 898 1228 quae
933 1132 1008 1203 in
1047 1128 1506 1206 Dioecesibus
1541 1125 1770 1202 adhuc
1810 1126 2465 1207 circumscribendis

339 1250 836 1349 superfuerint.

495 1364 694 1459 Quae
747 1388 914 1442 eum
968 1366 1068 1441 ita
1119 1367 1290 1453 sint,
1349 1364 1478 1451 Te,
1550 1361 1987 1437 Venerabilis
2049 1364 2323 1455 Frater,
2377 1367 2465 1441 de

339 1488 540 1563 euius
591 1488 860 1585 pietate
909 1508 992 1561 ac
1041 1484 1348 1559 ferventi
1401 1508 1528 1581 pro
1581 1484 1977 1559 animarum
2032 1486 2263 1561 salute
2315 1486 2465 1563 zelo

339 1602 548 1701 plene
599 1603 1045 1689 confidimus,
1101 1603 1174 1675 in
1225 1600 1562 1677 Nostrum
1615 1612 1693 1675 et
1746 1599 1957 1677 huius
2022 1601 2463 1700 Apostolieae

344 1722 544 1798 Sedis
597 1720 1016 1818 Delegatum
1067 1744 1194 1818 per
1244 1731 1654 1817 praesentes
1708 1720 1983 1797 litteras
2034 1719 2461 1818 deputamus

335 1855 410 1915 et
447 1839 900 1917 nominamus
937 1860 1101 1914 cum
1137 1836 1594 1913 facultatibus
1630 1841 2043 1915 necessariis
2077 1854 2293 1939 atque
2328 1865 2463 1938 op-

333 1955 685 2051 portunis,
745 1966 824 2029 ut
875 1954 1133 2031 Nostro
1187 1956 1482 2053 eiusque
1535 1956 1836 2031 Sanctae
1889 1956 2091 2031 Sedis
2141 1958 2455 2046 nomine,

337 2070 771 2167 spiritualem
826 2070 1380 2147 iurisdictionem
1417 2073 1568 2146 sive
1603 2094 1732 2169 per
1771 2074 1898 2159 Te,
1937 2075 2089 2151 sive
2125 2098 2252 2172 per
2286 2076 2459 2149 alios

332 2188 843 2263 ecclesiasticos
899 2190 1088 2263 viros
1137 2189 1224 2263 ad
1279 2190 1414 2264 hoc
1475 2210 1606 2286 per
1668 2191 1769 2265 Te
1832 2192 2067 2288 ipsum
2132 2191 2459 2268 subdele-

330 2306 596 2403 gandos
633 2306 703 2379 in
739 2308 978 2383 omnia
1013 2318 1088 2382 et
1122 2307 1396 2405 singula
1429 2331 1514 2383 ea
1546 2308 1699 2383 loca
1735 2319 1939 2383 extra
1976 2310 2202 2385 Tuam
2239 2308 2453 2385 Dioe-

329 2424 547 2499 cesim
601 2446 936 2501 exerceas
975 2477 998 2513 ,
1061 2448 1244 2522 quae
1305 2448 1348 2497 a
1404 2421 1838 2500 vicariorum
1892 2423 2457 2523 Apostolicorum

328 2542 748 2617 auctoritate
801 2554 966 2618 actu
1017 2540 1552 2638 reperiebantur
1599 2554 1994 2641 segregata,
2034 2568 2199 2621 cum
2246 2566 2457 2643 prae-

329 2659 513 2734 dicta
552 2658 946 2737 Conventio
981 2684 1024 2734 a
1059 2660 1314 2735 Nostro
1351 2671 1428 2735 et
1463 2658 1824 2769 Carissimi
1861 2663 1933 2735 in
1972 2660 2255 2739 Christo
2296 2662 2453 2737 Filii

327 2775 568 2853 Nostri
618 2777 1086 2876 Portugalliae
1139 2790 1216 2853 et
1269 2778 1759 2875 Algarbiorum
1816 2780 2029 2878 Regis
2062 2780 2450 2857 fidelissimi

327 2891 966 2995 Plenipotentiariis
1023 2899 1300 2995 signata
1365 2896 1529 2970 fuit.
1585 2894 1786 2973 Hanc
1838 2912 2083 2973 autem
2136 2899 2449 2998 Aposto-

325 3012 534 3087 licam
588 3014 1116 3111 Delegationem
1165 3016 1253 3090 ad
1289 3038 1416 3089 sex
1452 3038 1677 3088 annos
1728 3038 1771 3088 a
1822 3017 1935 3091 die
1990 3018 2455 3115 possessionis

327 3128 524 3206 Tuae
560 3128 980 3208 Dioeceseos
1019 3132 1540 3229 computandos
1579 3130 1768 3219 Tibi,
1812 3129 2242 3208 Venerabilis
2280 3131 2453 3207 Fra-

329 3257 440 3321 ter
487 3270 893 3323 concessam
947 3248 1275 3323 volumus
1307 3296 1326 3334 ‚
1384 3268 1510 3343 pro
1564 3258 1761 3321 certo
1811 3245 2156 3323 habentes
2191 3300 2212 3336 ,
2268 3249 2453 3324 intra

327 3363 732 3439 huiusmodi
784 3387 1133 3440 annorum
1187 3364 1498 3461 spatium
1552 3360 1971 3437 Lusitanum
2012 3362 2448 3439 Gubernium

327 3504 413 3555 ea
467 3482 724 3557 omnia¹
755 3505 886 3579 pro
937 3504 1064 3557 sua
1101 3492 1304 3579 parte
1359 3478 1510 3556 sore
1564 3481 2099 3579 praestiturum,
2136 3504 2319 3579 quae
2364 3484 2450 3559 ad

323 3600 674 3697 integram
729 3594 1174 3676 Dioecesium
1237 3600 1961 3697 circumscriptionem
1999 3600 2087 3674 ad
2126 3602 2449 3675 tramites

331 3720 734 3817 praedictae
789 3716 1295 3796 Conventionis
1358 3718 1859 3817 peragendam,
1915 3729 1989 3790 et
2038 3718 2447 3793 canonicam

323 3836 842 3933 Episcoporum
907 3837 1430 3912 institutionem
1492 3834 1989 3933 perficiendam
2054 3836 2450 3914 necessario

315 3952 798 4050 requiruntur.
865 3950 1284 4027 Mandamus
1346 3964 1585 4028 autem
1629 4004 1650 4039 ,
1716 3962 1797 4025 ut
1857 3960 2133 4024 ceterae
2199 3974 2445 4029 omnes

315 4070 680 4147 Ecclesiae
732 4083 807 4145 et
856 4070 1224 4147 Missiones
1274 4096 1457 4171 quae
1497 4069 1935 4146 vicariorum
2003 4068 2445 4166 Apostolico—

317 4211 486 4263 rum
541 4188 940 4264 auctoritati
990 4190 1350 4285 praedicto
1400 4202 1725 4287 tempore
1776 4184 2123 4285 parebant
2159 4241 2182 4279 ,
2252 4189 2442 4267 nullo
