3317 5267
2309 461 2453 530 717

321 579 562 655 Status
637 577 1071 674 religionem,
1140 577 1390 650 ceteris
1467 576 2027 674 quibuscumque
2152 577 2457 654 cultibus

327 694 657 770 exclusis.

533 809 751 877 Alloc.
803 811 996 877 Nemo
1042 819 1326 876 vestrum
1371 807 1460 877 26
1489 808 1640 874 iulii
1684 805 1887 876 1855.

481 926 858 1004 Lxxvnl.
915 927 1095 1004 Hinc
1134 927 1574 1003 laudabiliter
1612 929 1685 1000 in
1737 927 2157 1024 quibusdam
2210 929 2457 1006 catho-

337 1045 452 1118 lici
503 1046 810 1121 nominis
861 1045 1264 1143 regionibus
1319 1046 1474 1142 lege
1525 1057 1815 1119 cautum
1867 1057 1979 1119 est
2006 1096 2029 1132 ‚
2092 1057 2174 1120 ut
2224 1047 2460 1122 homi-

335 1161 544 1236 nibus
595 1162 758 1236 illuc
835 1161 1404 1258 immigrantibus
1479 1160 1691 1235 liceat
1766 1159 2124 1257 publicum
2195 1164 2458 1261 proprii

335 1251 674 1376 cuiusqu'e
727 1279 958 1353 cultus
1011 1279 1428 1352 exercitium
1497 1277 1787 1351 habere.

541 1393 750 1460 Alloc.
805 1393 1298 1461 Acen-bissianum
1345 1391 1432 1458 27
1479 1391 1867 1481 septembris
1914 1389 2115 1460 1852.

487 1510 804 1586 LXXIX.
861 1511 1247 1588 Enimvero
1299 1511 1556 1587 falsum
1609 1523 1745 1601 est,
1798 1513 2079 1587 civilem
2124 1512 2463 1614 cuiusque

337 1629 571 1704 cultus
622 1628 1056 1718 libertatem,
1091 1630 1404 1728 itemque
1456 1629 1737 1726 plenam
1763 1641 2191 1726 potestatem
2219 1634 2465 1707 omni·-

339 1749 474 1824 bus
529 1749 944 1824 attributam
1012 1750 1361 1848 quaslibet
1438 1752 1802 1847 opiniones
1862 1753 2463 1851 cogitationesque

341 1867 574 1964 palam
629 1867 1048 1965 publiceque
1100 1867 1600 1944 manifestandi
1649 1869 2042 1943 conducere
2094 1870 2183 1943 ad
2232 1893 2465 1967 popu-

343 1982 572 2058 lorum
652 2006 889 2058 mores
939 1985 1354 2081 animosque
1430 1983 1703 2058 facilius
1754 1986 2305 2082 corrumpendos
2384 2011 2463 2062 ac

345 2099 906 2175 indifferentismi
957 2113 1236 2198 pestem
1288 2102 1837 2198 propagandam.

552 2214 764 2284 Alloc.
813 2217 1163 2306 Nunquam
1193 2219 1328 2304 fore
1375 2214 1459 2283 15
1513 2214 1876 2286 decembris
1922 2213 2119 2286 1856.

502 2338 784 2414 LXXX.
843 2341 1210 2417 Romanus
1265 2339 1594 2415 Pontifex
1631 2352 1871 2438 potest
1920 2365 2003 2416 ac
2050 2341 2265 2416 debet
2303 2367 2467 2418 cum

350 2483 752 2557 progressu,
790 2484 954 2536 cum
1006 2460 1434 2536 liberalismo
1487 2471 1562 2534 et
1612 2485 1778 2538 cum
1812 2463 2079 2538 recenti
2129 2462 2469 2538 civilitate

353 2601 508 2654 sese
559 2579 986 2654 reconciliari
1039 2590 1114 2654 et
1163 2599 1611 2675 componere.

558 2695 767 2766 Alloc.
821 2697 1208 2766 Iamdudum
1237 2701 1558 2766 cernimus
1603 2694 1691 2766 18
1738 2696 1958 2764 martii
1992 2693 2193 2764 1861.
