3317 5267
2335 442 2479 515 329

369 440 1246 657 pot’estatemNbioecesim
1305 558 1559 653 ipsam,
1585 556 1658 629 si
1696 566 1769 628 ct
1821 555 2105 651 quando
2169 556 2236 631 id
2272 581 2485 653 opor-

365 691 516 753 tere
541 689 616 753 et
643 678 972 774 expedire
1001 674 1416 760 innotuerit,
1433 673 1875 770 aliquatenus
1902 672 2481 759 dismembrandi,

369 796 788 891 noviterque
813 782 1453 879 circumscribendi,
1484 790 1799 886 itemque
1832 788 2363 865 Ecclesiasticus
2406 792 2485 865 il-

366 910 502 985 lius
540 910 1122 1007 Metropolitanae
1160 908 1575 985 Provinciae
1613 909 1921 1004 aliquam
1958 906 2481 1005 §uffa-aganensi

370 1027 765 1103 Ecclesiam
817 1026 1246 1101 subducendi
1302 1028 1412 1099 vel
1447 1025 1959 1123 superaddendi
2004 1024 2357 1121 quomodo
2406 1038 2483 1099 et

371 1145 955 1245 quandocumque
1010 1146 1231 1221 Nobis
1275 1148 1586 1244 ipsisque
1634 1144 2168 1219 Successoribus
2228 1143 2485 1241 dijudi-

337 1262 608 1338 'catum
661 1264 874 1339 fuerit
928 1265 1000 1337 in
1067 1262 1366 1341 Domino
1428 1276 1815 1361 praestare,
1868 1264 1951 1337 ac
2012 1263 2483 1359 impertiendo

371 1386 748 1459 dumtaxat
801 1383 1040 1459 futuro
1093 1399 1168 1459 et
1219 1407 1346 1481 pro
1385 1396 1707 1480 tempore
1744 1384 2079 1457 existenti
2132 1381 2491 1479 Metropo-

371 1500 590 1577 litano
655 1500 910 1577 Portus
967 1500 1310 1597 Principis
1367 1498 1685 1575 Antistiti
1738 1498 2176 1587 facultatem,
2232 1520 2371 1597 qua
2422 1498 2484 1572 si

370 1618 704 1717 deinceps
735 1630 972 1693 ratum
1010 1619 1222 1693 fuerit
1261 1630 1612 1715 oportere,
1651 1630 1735 1693 ut
1767 1620 1919 1691 eius
1957 1614 2311 1693 Dioecesis
2341 1614 2479 1688 Pa-

375 1740 642 1813 roeciae
694 1764 824 1835 pro
875 1737 1128 1836 majori
1179 1740 1574 1812 animarum
1609 1738 1983 1812 commodo
2036 1738 2483 1835 aliquatenus

372 1841 940 1931 concinnioribus
975 1856 1231 1931 finibus
1267 1866 1628 1952 aptentur,
1676 1855 1782 1929 vel
1820 1857 2039 1931 etiam
2092 1857 2271 1929 aliae
2322 1855 2485 1928 inde

377 1998 606 2049 novae
658 1978 1116 2050 instituantur
1149 1974 1546 2061 Paroeciae,
1588 1986 1743 2048 tum
1781 1998 1991 2071 porro
2032 1976 2313 2073 negotia
2348 1974 2489 2067 hu<

377 2091 680 2167 iusmodi
717 2092 1048 2169 adhibitis
1097 2116 1262 2167 cum
1317 2116 1402 2169 eo
1439 2092 1799 2168 Gubernio
1836 2090 2137 2167 Haitano
2180 2092 2487 2167 consiliis

378 2210 464 2283 ad
503 2224 586 2283 ea·
622 2214 836 2287 etiam
871 2212 1126 2311 quibus
1177 2212 1512 2288 canonice
1545 2236 1725 2309 opus
1761 2222 1873 2286 est
1906 2196 2039 2308 pro
2072 2232 2489 2309 unaquaque·

384 2328 768 2406 Parochiali
835 2332 1150 2407 Ecclesia
1209 2346 1284 2408 et
1345 2334 1673 2429 congruis
1748 2331 2165 2429 praebendis
2215 2352 2483 2435 ‚earum
2612 2400 2633 2417 ,

383 2446 798 2525 Rectorihus
851 2456 925 2523 et
958 2448 1430 2525 Pau-ochorum
1463 2448 1753 2523 vicariis
1803 2447 2323 2535 coadiutoribus
2372 2470 2491 2522 as·-

285 2614 290 2621 -
333 2602 342 2611 ·
390 2566 748 2662 signandis
801 2566 1020 2663 probe
1070 2579 1500 2665 pertractare
1535 2581 1749 2665 atque
1800 2568 1987 2641 intra
2023 2564 2493 2641 Dioecessnos

323 2776 330 2784 Ι
385 2682 644 2759 limites
695 2674 1028 2783 perficere
1083 2687 1310 2761 valeat
1369 2701 1444 2761 et
1494 2697 1795 2783 satagat.

539 2804 638 2878 Et
685 2806 1018 2903 quoniam
1071 2805 1372 2880 civicum
1423 2807 1761 2903 oppidum
1825 2802 2081 2879 Portus
2143 2800 2489 2900 Principis

389 2920 652 3017 quippe
702 2922 894 3019 quod
945 2922 1166 2997 totius
1215 2920 1555 3014 Haitanae
1592 2919 1893 2994 Ditionis
1930 2930 2041 2992 est
2076 2930 2291 3013 caput
2325 2940 2495 2992 cen-

389 3048 590 3135 setur
639 3049 876 3111 cetera
927 3038 1202 3111 illarum
1258 3037 1564 3133 partium
1621 3036 1877 3133 oppida
1932 3046 2087 3108 tum
2123 3034 2491 3108 decentio·—

393 3152 585 3227 ribus
611 3156 1144 3251 praerogativis,
1181 3166 1332 3229 tum
1363 3150 1757 3251 potioribus
1791 3165 1867 3225 et
1898 3150 2491 3227 commodioribus

393 3272 860 3358 adminiculis,
895 3282 1048 3345 tum
1091 3273 1306 3345 etiam
1343 3270 2161 3367 dignitatepraecellere,
2193 3270 2349 3346 idco
2375 3292 2499 3366 op-

257 3452 266 3457 .
395 3389 636 3489 pidum
677 3390 907 3484 ipsum
966 3399 1044 3461 ut
1081 3387 1566 3484 splendidioris
1601 3388 1913 3487 nominis
1950 3398 2025 3459 et
2058 3380 2345 3486 honoris
2382 3387 2497 3459 in·-

393 3506 834 3581 crementum
873 3506 1215 3593 obtineat,
1254 3509 1343 3581 ad
1393 3488 2079 3605 Archiepiscopalem
2135 3498 2495 3602 Metropo-

396 3621 522 3697 lim
577 3622 904 3701 omnibus
957 3635 1032 3697 et
1079 3624 1372 3720 singulis
1423 3624 1757 3721 deinceps
1812 3620 2185 3697 fruituram
2217 3620 2493 3717 juribus

397 3742 808 3839 honoribus,
867 3741 1414 3841 praerogativi&
1435 3742 1705 3837 gratiis,
1744 3738 2136 3827 favoribus,
2172 3739 2489 3826 indultis,

399 3860 778 3956 privilegiis
837 3854 913 3932 et
963 3858 1215 3933 ceteris
1267 3858 1724 3954 quibuslibet,
1763 3880 1947 3954 quae
1983 3856 2161 3930 aliae
2214 3856 2491 3930 illarum

397 3978 704 4073 partium
755 3976 1078 4051 civitates
1116 3974 1760 4073 Archiepiscopales
1794 3974 2053 4051 habere
2088 3984 2163 4054 et
2198 3971 2333 4047 frui
2386 3998 2495 4054 so-

398 4094 572 4183 lent,
627 4097 872 4169 eadem
907 4094 1304 4191 Apostolica
1360 4096 1783 4172 auctoritate
1821 4105 2167 4190 perpetuo
2212 4114 2497 4191 quoque

396 4214 790 4287 evehimus.
