3317 5267
2306 452 2451 524 207

327 563 528 636 initis
584 582 748 637 cum
801 559 1201 659 Apostolica
1245 565 1424 641 Sede
1473 564 1562 639 de
1613 584 1691 637 rc
1753 586 1951 639 sacra
2016 568 2449 641 conventio-

325 680 562 768 nibus,
619 682 784 754 hinc
832 680 1064 755 omnis
1099 684 1419 779 impensa
1455 703 1649 769 cura,
1690 691 1771 755 ut
1806 704 1897 755 ne
1932 682 2441 759 conventiones

328 799 512 872 aliae
565 798 1076 875 contrahantur
1123 802 1199 874 in
1250 811 1616 898 posterum
1653 800 1743 874 ad
1778 802 2267 898 componenda
2294 800 2439 877 Ec-

332 915 590 993 clesiae
641 919 949 1015 negotia,
1005 930 1228 1018 utque
1278 922 1364 994 iis
1399 921 1909 1017 componendis
1947 922 2448 999 moderandis—

329 1058 471 1132 que
521 1036 746 1111 eivilis
797 1038 1174 1111 dumtaxat
1216 1040 1504 1114 accedat
1557 1038 1971 1113 auctoritas.
2031 1036 2238 1127 Quod
2286 1043 2453 1137 qui-

327 1152 494 1225 dem
529 1175 673 1227 non
711 1152 864 1225 sine
898 1154 1092 1248 gravi
1129 1156 1346 1227 animi
1385 1154 1622 1230 Nostri
1657 1152 1987 1229 molestia
2022 1156 2301 1251 experti
2326 1179 2455 1230 nu-

331 1288 464 1363 per
498 1290 773 1357 sumus,
817 1265 1267 1343 venerabiles
1303 1270 1613 1344 Fratres.
1655 1270 1795 1345 Pro
1838 1270 2221 1368 Apostolici
2256 1276 2448 1347 enim

332 1386 650 1461 muneris
685 1384 910 1461 officio
945 1386 1034 1459 ad
1070 1386 1484 1460 relevandas
1519 1388 1592 1459 in
1629 1384 1885 1484 Magno
1920 1387 2271 1463 Badarum
2306 1388 2457 1465 Du-

195 1570 201 1577 ,
337 1511 502 1575 catu
534 1498 937 1576 Catholicae
970 1499 1328 1577 Ecclesiae
1361 1525 1502 1590 res,
1529 1512 1620 1576 -et
1653 1502 2125 1600 extinguenda
2159 1503 2299 1580 illic
2330 1528 2452 1582 ex-

337 1628 496 1691 orta
527 1640 692 1693 cum
727 1619 914 1693 civili
951 1614 1306 1715 potestate
1347 1618 1656 1707 dissidia,
1698 1622 2082 1717 superiore,
2122 1632 2205 1697 ut
2225 1624 2449 1714 scitia,

339 1755 526 1811 anno
549 1756 716 1809 cum
745 1733 1151 1811 Celsissimo
1179 1736 1298 1813 illo
1327 1734 1520 1811 Duce
1549 1740 2092 1814 conventionem
2118 1740 2454 1818 inivimus

337 1873 520 1948 quae
555 1872 776 1949 quum
811 1862 968 1925 rata
1001 1851 1256 1928 fixisset
1306 1854 1575 1943 habita,
1616 1866 1691 1929 et
1726 1880 1895 1931 vero
1930 1856 2147 1929 etiam
2182 1857 2259 1930 in
2294 1859 2455 1933 vul-

333 1991 468 2065 gus
501 1968 786 2057 emissa,
825 1969 1144 2044 eiusdem
1180 1972 1702 2060 executionem,
1758 1982 1843 2046 ut
1876 1994 2005 2068 par
2038 1984 2215 2063 erat,
2246 1998 2453 2074 prae-

331 2083 795 2159 stolabamur.
840 2082 1377 2175 Verumtamen,
1416 2086 1817 2184 refragante
1854 2087 2017 2160 huic
2043 2090 2147 2161 rei
2173 2089 2453 2186 publico

339 2198 524 2274 illius
574 2198 876 2275 Ditionis
928 2197 1263 2290 Consilio,
1319 2226 1362 2275 a
1393 2202 1652 2300 Magno
1687 2202 1879 2277 Duce
1914 2202 2282 2279 decretum
2317 2205 2455 2281 fuit

343 2316 640 2406 editum,
679 2340 822 2415 quo
857 2320 1310 2407 conventioni
1346 2320 1454 2394 vis
1489 2318 1725 2396 omnis
1761 2318 2117 2409 adimitur,
2155 2322 2229 2394 in
2266 2324 2458 2398 eius-

335 2458 474 2534 que
499 2436 734 2511 locum
760 2448 1004 2533 rogata
1025 2436 1143 2511 lex
1170 2448 1284 2511 est
1293 2436 1650 2545 Ecclesiae
1668 2439 1977 2518 libertati
2001 2441 2109 2515 vel
2140 2442 2453 2517 maxime

335 2553 658 2627 adversa.
697 2552 775 2628 ld
811 2576 1022 2651 porro
1060 2578 1152 2628 ex
1189 2553 1366 2629 falsa
1397 2558 1949 2652 protestantium
1982 2561 2299 2637 doctrina
2331 2562 2463 2635 de-

339 2671 648 2746 rivatum
701 2670 1186 2769 intelligimuS,
1243 2676 1368 2771 qui
1403 2686 1785 2750 autumant
1816 2677 2211 2755 Ecclesiam
2245 2679 2318 2751 in
2354 2678 2459 2753 ci·-

340 2790 464 2863 vili
497 2790 806 2887 Imperio
851 2792 1204 2885 quoddam
1239 2792 1462 2868 veluti
1497 2792 1891 2893 Collegium
1928 2798 2262 2887 existere,
2296 2796 2462 2871 nul-

339 2906 568 3004 lisque
621 2906 918 3002 proinde
968 2907 1232 3003 pollere
1281 2906 1583 2997 iuribus,
1634 2923 1919 3007 praeter
1954 2936 2039 2987 ea
2074 2934 2255 3010 quae
2290 2934 2464 2985 con-

343 3046 542 3099 cessa
591 3024 692 3097 illi
745 3025 890 3097 sint
942 3036 1156 3123 atque
1209 3024 1556 3099 attributa
1607 3049 1650 3100 a
1703 3028 1893 3101 civili
1943 3038 2323 3126 potestate.
2384 3032 2461 3105 Id

343 3150 585 3215 autem
637 3152 1079 3238 quantopere
1127 3140 1512 3216 abhorreat
1563 3164 1606 3215 a
1659 3143 1962 3219 veritate
2014 3146 2258 3241 ecquis
2320 3171 2463 3223 non

343 3258 694 3354 intelligat
719 3252 760 3329 ἲ)
813 3257 1129 3331 Ecclesia
1181 3280 1490 3355 namque
1527 3270 1611 3332 ut
1647 3280 1815 3332 vera
1851 3272 1927 3332 et
1961 3260 2273 3357 perfecta
2328 3288 2463 3340 so·-

343 3376 568 3449 cietas
618 3396 662 3447 a
705 3374 951 3450 divino
1003 3386 1290 3449 auctore
1342 3398 1473 3449 suo
1511 3372 1646 3447 fuit
1682 3374 2036 3464 instituta,
2074 3400 2266 3474 quae
2304 3380 2469 3454 nul-

343 3490 432 3564 lis
483 3492 1014 3588 circumscripta
1063 3492 1434 3588 regionum
1483 3490 1773 3580 finibuS‚
1814 3492 1989 3567 nulli
2024 3494 2241 3569 etiam
2277 3497 2465 3573 civili

345 3608 692 3683 subdatur
741 3608 1065 3703 imperio,
1121 3630 1466 3707 suamque
1521 3618 1960 3705 potestatem
1998 3632 2080 3685 ac
2116 3612 2269 3685 iura
2308 3615 2469 3689 ubi·-

349 3749 488 3824 que
539 3737 888 3801 terrarum
943 3727 1016 3800 in
1070 3728 1444 3803 hominum
1496 3726 1805 3801 salutem
1856 3726 2075 3802 libere
2112 3742 2465 3805 exerceat.

349 3844 494 3920 Nec
543 3868 716 3921 sane
770 3845 976 3919 aliter
1011 3847 1324 3921 indicant
1362 3844 1707 3921 solemnia
1742 3846 1861 3918 illa
1886 3843 2149 3919 Christi
2186 3846 2472 3926 Domini

349 3965 438 4040 ad
494 3963 874 4062 Apostolos
925 3965 1194 4040 verba:
1261 3992 1294 4037 (ι
1338 3964 1522 4040 Data
1571 3976 1686 4040 est
1736 3964 1915 4038 mihi
1968 3968 2199 4041 omnis
2260 3980 2470 4065 pote-

353 4110 388 4154 »
445 4094 594 4158 stas
647 4084 723 4157 in
773 4081 966 4158 caelo
1018 4094 1096 4158 et
1143 4085 1216 4157 in
1251 4093 1468 4171 terra,
1523 4083 1625 4157 ite
1684 4083 1937 4157 docete
1990 4102 2239 4159 omnes
2292 4108 2473 4183 gen-

357 4224 394 4273 a
455 4211 566 4277 tes
575 4256 714 4275 .....
772 4202 1107 4279 docentes
1159 4222 1280 4279 eas
1330 4222 1618 4279 servare
1672 4200 1913 4277 omnia
1979 4222 2468 4304 quaecumque

1849 4318 1939 4393 ¹4
