<?xml version="1.0" encoding="UTF-8"?>
<!DOCTYPE html PUBLIC "-//W3C//DTD XHTML 1.0 Transitional//EN"
    "http://www.w3.org/TR/xhtml1/DTD/xhtml1-transitional.dtd">
<html xmlns="http://www.w3.org/1999/xhtml" xml:lang="en" lang="en">
 <head>
  <title>
</title>
<meta http-equiv="Content-Type" content="text/html;charset=utf-8" />
  <meta name='ocr-system' content='tesseract 3.04.00' />
  <meta name='ocr-capabilities' content='ocr_page ocr_carea ocr_par ocr_line ocrx_word'/>
</head>
<body>
  <div class='ocr_page' id='page_1' title='image "./piiixpontificis00ixgoog_0365.png"; bbox 0 0 3317 5267; ppageno 0'>
   <div class='ocr_carea' id='block_1_1' title="bbox 338 490 2567 4344">
    <p class='ocr_par' dir='ltr' id='par_1_1' title="bbox 338 490 2567 4344">
     <span class='ocr_line' id='line_1_1' title="bbox 2315 490 2459 565; baseline 0.014 -2"><span class='ocrx_word' id='word_1_1' title='bbox 2315 490 2459 565; x_wconf 78' lang='lat'><strong>353</strong></span> 
     </span>
     <span class='ocr_line' id='line_1_2' title="bbox 347 602 2467 708; baseline -0.002 -23"><span class='ocrx_word' id='word_1_2' title='bbox 347 624 430 685; x_wconf 88' lang='lat' dir='ltr'><strong>ut</strong></span> <span class='ocrx_word' id='word_1_3' title='bbox 481 606 1036 708; x_wconf 82' lang='lat' dir='ltr'><strong>quamprimum,</strong></span> <span class='ocrx_word' id='word_1_4' title='bbox 1095 619 1170 681; x_wconf 88' lang='lat' dir='ltr'><strong>et</strong></span> <span class='ocrx_word' id='word_1_5' title='bbox 1221 630 1366 703; x_wconf 86' lang='lat' dir='ltr'><strong>quo</strong></span> <span class='ocrx_word' id='word_1_6' title='bbox 1428 607 1679 681; x_wconf 87' lang='lat' dir='ltr'><strong>melius</strong></span> <span class='ocrx_word' id='word_1_7' title='bbox 1740 606 1885 683; x_wconf 86' lang='lat' dir='ltr'><strong>fieri</strong></span> <span class='ocrx_word' id='word_1_8' title='bbox 1944 602 2229 705; x_wconf 90' lang='lat' dir='ltr'><strong>poterit,</strong></span> <span class='ocrx_word' id='word_1_9' title='bbox 2295 608 2467 683; x_wconf 89' lang='lat' dir='ltr'><strong>inibi</strong></span> 
     </span>
     <span class='ocr_line' id='line_1_3' title="bbox 338 725 2467 827; baseline -0.001 -24"><span class='ocrx_word' id='word_1_10' title='bbox 338 730 548 827; x_wconf 81' lang='lat' dir='ltr'><strong>juxta</strong></span> <span class='ocrx_word' id='word_1_11' title='bbox 583 750 938 803; x_wconf 87' lang='lat' dir='ltr'><strong>sacrorum</strong></span> <span class='ocrx_word' id='word_1_12' title='bbox 977 748 1328 801; x_wconf 87' lang='lat' dir='ltr'><strong>canonum</strong></span> <span class='ocrx_word' id='word_1_13' title='bbox 1357 727 1871 823; x_wconf 87' lang='lat' dir='ltr'><strong>praescriptum</strong></span> <span class='ocrx_word' id='word_1_14' title='bbox 1900 728 2312 801; x_wconf 78' lang='lat' dir='ltr'><strong>instituatur</strong></span> <span class='ocrx_word' id='word_1_15' title='bbox 2338 725 2467 801; x_wconf 85' lang='lat' dir='ltr'><strong>Ca·-</strong></span> 
     </span>
     <span class='ocr_line' id='line_1_4' title="bbox 345 842 2471 945; baseline -0.001 -24"><span class='ocrx_word' id='word_1_16' title='bbox 345 845 682 945; x_wconf 87' lang='lat' dir='ltr'><strong>pitulum,</strong></span> <span class='ocrx_word' id='word_1_17' title='bbox 722 848 840 944; x_wconf 88' lang='lat' dir='ltr'><strong>qui</strong></span> <span class='ocrx_word' id='word_1_18' title='bbox 883 845 1210 941; x_wconf 87' lang='lat' dir='ltr'><strong>primitus</strong></span> <span class='ocrx_word' id='word_1_19' title='bbox 1261 845 1589 941; x_wconf 45' lang='lat' dir='ltr'><strong>quinque,</strong></span> <span class='ocrx_word' id='word_1_20' title='bbox 1625 845 1883 919; x_wconf 88' lang='lat' dir='ltr'><strong>saltem</strong></span> <span class='ocrx_word' id='word_1_21' title='bbox 1922 856 2201 920; x_wconf 87' lang='lat' dir='ltr'><strong>constet</strong></span> <span class='ocrx_word' id='word_1_22' title='bbox 2236 842 2471 919; x_wconf 88' lang='lat' dir='ltr'><strong>Cano-</strong></span> 
     </span>
     <span class='ocr_line' id='line_1_5' title="bbox 344 964 2463 1063; baseline -0.001 -24"><span class='ocrx_word' id='word_1_23' title='bbox 344 968 549 1053; x_wconf 88' lang='lat' dir='ltr'><strong>nicis,</strong></span> <span class='ocrx_word' id='word_1_24' title='bbox 608 988 910 1063; x_wconf 87' lang='lat' dir='ltr'><strong>quorum</strong></span> <span class='ocrx_word' id='word_1_25' title='bbox 965 965 1144 1037; x_wconf 90' lang='lat' dir='ltr'><strong>alter</strong></span> <span class='ocrx_word' id='word_1_26' title='bbox 1195 964 1482 1038; x_wconf 88' lang='lat' dir='ltr'><strong>titulum</strong></span> <span class='ocrx_word' id='word_1_27' title='bbox 1545 976 1620 1037; x_wconf 84' lang='lat' dir='ltr'><strong>et</strong></span> <span class='ocrx_word' id='word_1_28' title='bbox 1680 964 2099 1061; x_wconf 81' lang='lat' dir='ltr'><strong>dignitatem</strong></span> <span class='ocrx_word' id='word_1_29' title='bbox 2162 964 2463 1060; x_wconf 83' lang='lat' dir='ltr'><strong>primam</strong></span> 
     </span>
     <span class='ocr_line' id='line_1_6' title="bbox 354 1079 2461 1176; baseline -0 -23"><span class='ocrx_word' id='word_1_30' title='bbox 354 1079 867 1167; x_wconf 88' lang='lat' dir='ltr'><strong>Archidiaconi‚</strong></span> <span class='ocrx_word' id='word_1_31' title='bbox 923 1081 1102 1153; x_wconf 85' lang='lat' dir='ltr'><strong>alter</strong></span> <span class='ocrx_word' id='word_1_32' title='bbox 1149 1080 1532 1153; x_wconf 86' lang='lat' dir='ltr'><strong>secundam</strong></span> <span class='ocrx_word' id='word_1_33' title='bbox 1589 1080 1929 1176; x_wconf 83' lang='lat' dir='ltr'><strong>Theologi</strong></span> <span class='ocrx_word' id='word_1_34' title='bbox 1982 1093 2055 1153; x_wconf 91' lang='lat' dir='ltr'><strong>et</strong></span> <span class='ocrx_word' id='word_1_35' title='bbox 2106 1080 2283 1155; x_wconf 88' lang='lat' dir='ltr'><strong>alter</strong></span> <span class='ocrx_word' id='word_1_36' title='bbox 2318 1090 2461 1153; x_wconf 89' lang='lat' dir='ltr'><strong>ter-</strong></span> 
     </span>
     <span class='ocr_line' id='line_1_7' title="bbox 347 1196 2469 1293; baseline 0 -20"><span class='ocrx_word' id='word_1_37' title='bbox 347 1202 522 1274; x_wconf 84' lang='lat' dir='ltr'><strong>tiam</strong></span> <span class='ocrx_word' id='word_1_38' title='bbox 575 1198 1110 1275; x_wconf 87' lang='lat' dir='ltr'><strong>Poenitentiarii</strong></span> <span class='ocrx_word' id='word_1_39' title='bbox 1162 1221 1326 1272; x_wconf 90' lang='lat' dir='ltr'><strong>cum</strong></span> <span class='ocrx_word' id='word_1_40' title='bbox 1381 1198 1528 1271; x_wconf 88' lang='lat' dir='ltr'><strong>suis</strong></span> <span class='ocrx_word' id='word_1_41' title='bbox 1577 1199 1975 1293; x_wconf 82' lang='lat' dir='ltr'><strong>respective</strong></span> <span class='ocrx_word' id='word_1_42' title='bbox 2010 1199 2300 1272; x_wconf 81' lang='lat' dir='ltr'><strong>adnexis</strong></span> <span class='ocrx_word' id='word_1_43' title='bbox 2335 1196 2469 1273; x_wconf 87' lang='lat' dir='ltr'><strong>ho-</strong></span> 
     </span>
     <span class='ocr_line' id='line_1_8' title="bbox 345 1313 2469 1411; baseline -0.001 -23"><span class='ocrx_word' id='word_1_44' title='bbox 345 1315 634 1391; x_wconf 86' lang='lat' dir='ltr'><strong>noribus</strong></span> <span class='ocrx_word' id='word_1_45' title='bbox 685 1328 762 1389; x_wconf 87' lang='lat' dir='ltr'><strong>et</strong></span> <span class='ocrx_word' id='word_1_46' title='bbox 811 1315 1144 1390; x_wconf 89' lang='lat' dir='ltr'><strong>oneribus</strong></span> <span class='ocrx_word' id='word_1_47' title='bbox 1197 1313 1711 1411; x_wconf 82' lang='lat' dir='ltr'><strong>praeseferant3</strong></span> <span class='ocrx_word' id='word_1_48' title='bbox 1748 1313 1863 1387; x_wconf 86' lang='lat' dir='ltr'><strong>alii</strong></span> <span class='ocrx_word' id='word_1_49' title='bbox 1900 1326 2143 1388; x_wconf 89' lang='lat' dir='ltr'><strong>autem</strong></span> <span class='ocrx_word' id='word_1_50' title='bbox 2180 1316 2323 1389; x_wconf 90' lang='lat' dir='ltr'><strong>duo</strong></span> <span class='ocrx_word' id='word_1_51' title='bbox 2356 1313 2469 1387; x_wconf 88' lang='lat' dir='ltr'><strong>vel</strong></span> 
     </span>
     <span class='ocr_line' id='line_1_9' title="bbox 340 1430 2472 1528; baseline -0.001 -24"><span class='ocrx_word' id='word_1_52' title='bbox 340 1432 582 1528; x_wconf 90' lang='lat' dir='ltr'><strong>plures</strong></span> <span class='ocrx_word' id='word_1_53' title='bbox 620 1431 956 1507; x_wconf 88' lang='lat' dir='ltr'><strong>Canonici</strong></span> <span class='ocrx_word' id='word_1_54' title='bbox 1007 1430 1407 1505; x_wconf 81' lang='lat' dir='ltr'><strong>habeantur</strong></span> <span class='ocrx_word' id='word_1_55' title='bbox 1455 1440 1530 1503; x_wconf 91' lang='lat' dir='ltr'><strong>et</strong></span> <span class='ocrx_word' id='word_1_56' title='bbox 1583 1432 1732 1504; x_wconf 89' lang='lat' dir='ltr'><strong>sint</strong></span> <span class='ocrx_word' id='word_1_57' title='bbox 1772 1432 2269 1506; x_wconf 88' lang='lat' dir='ltr'><strong>tantummodo</strong></span> <span class='ocrx_word' id='word_1_58' title='bbox 2296 1430 2472 1503; x_wconf 90' lang='lat' dir='ltr'><strong>sim·-</strong></span> 
     </span>
     <span class='ocr_line' id='line_1_10' title="bbox 344 1542 2473 1645; baseline 0 -28"><span class='ocrx_word' id='word_1_59' title='bbox 344 1547 562 1643; x_wconf 89' lang='lat' dir='ltr'><strong>plices</strong></span> <span class='ocrx_word' id='word_1_60' title='bbox 617 1549 964 1637; x_wconf 77' lang='lat' dir='ltr'><strong>titulareS,</strong></span> <span class='ocrx_word' id='word_1_61' title='bbox 1018 1548 1284 1645; x_wconf 90' lang='lat' dir='ltr'><strong>quique</strong></span> <span class='ocrx_word' id='word_1_62' title='bbox 1336 1568 1590 1621; x_wconf 90' lang='lat' dir='ltr'><strong>omnes</strong></span> <span class='ocrx_word' id='word_1_63' title='bbox 1643 1557 1719 1621; x_wconf 89' lang='lat' dir='ltr'><strong>et</strong></span> <span class='ocrx_word' id='word_1_64' title='bbox 1770 1542 2025 1643; x_wconf 82' lang='lat' dir='ltr'><strong>singuli</strong></span> <span class='ocrx_word' id='word_1_65' title='bbox 2085 1548 2323 1621; x_wconf 88' lang='lat' dir='ltr'><strong>divina</strong></span> <span class='ocrx_word' id='word_1_66' title='bbox 2360 1544 2473 1621; x_wconf 86' lang='lat' dir='ltr'><strong>of-</strong></span> 
     </span>
     <span class='ocr_line' id='line_1_11' title="bbox 345 1662 2473 1751; baseline -0.001 -13"><span class='ocrx_word' id='word_1_67' title='bbox 345 1662 500 1739; x_wconf 80' lang='lat' dir='ltr'><strong>ficia</strong></span> <span class='ocrx_word' id='word_1_68' title='bbox 551 1678 628 1739; x_wconf 91' lang='lat' dir='ltr'><strong>et</strong></span> <span class='ocrx_word' id='word_1_69' title='bbox 680 1665 1176 1741; x_wconf 86' lang='lat' dir='ltr'><strong>Ecclesiastica</strong></span> <span class='ocrx_word' id='word_1_70' title='bbox 1227 1664 1467 1740; x_wconf 80' lang='lat' dir='ltr'><strong>munia</strong></span> <span class='ocrx_word' id='word_1_71' title='bbox 1520 1664 1715 1739; x_wconf 87' lang='lat' dir='ltr'><strong>obire</strong></span> <span class='ocrx_word' id='word_1_72' title='bbox 1755 1716 1777 1751; x_wconf 95' lang='lat'><strong>,</strong></span> <span class='ocrx_word' id='word_1_73' title='bbox 1832 1678 1908 1739; x_wconf 88' lang='lat' dir='ltr'><strong>et</strong></span> <span class='ocrx_word' id='word_1_74' title='bbox 1958 1675 2197 1739; x_wconf 88' lang='lat' dir='ltr'><strong>cetera</strong></span> <span class='ocrx_word' id='word_1_75' title='bbox 2258 1686 2473 1739; x_wconf 84' lang='lat' dir='ltr'><strong>onera</strong></span> 
     </span>
     <span class='ocr_line' id='line_1_12' title="bbox 343 1781 2478 1879; baseline 0 -24"><span class='ocrx_word' id='word_1_76' title='bbox 343 1792 424 1855; x_wconf 89' lang='lat' dir='ltr'><strong>et</strong></span> <span class='ocrx_word' id='word_1_77' title='bbox 485 1784 780 1879; x_wconf 81' lang='lat' dir='ltr'><strong>quaevis</strong></span> <span class='ocrx_word' id='word_1_78' title='bbox 843 1782 1002 1869; x_wconf 88' lang='lat' dir='ltr'><strong>alia,</strong></span> <span class='ocrx_word' id='word_1_79' title='bbox 1057 1804 1240 1879; x_wconf 89' lang='lat' dir='ltr'><strong>quae</strong></span> <span class='ocrx_word' id='word_1_80' title='bbox 1292 1781 1632 1878; x_wconf 80' lang='lat' dir='ltr'><strong>Capitulo.</strong></span> <span class='ocrx_word' id='word_1_81' title='bbox 1673 1795 1746 1855; x_wconf 91' lang='lat' dir='ltr'><strong>et</strong></span> <span class='ocrx_word' id='word_1_82' title='bbox 1798 1782 2153 1857; x_wconf 84' lang='lat' dir='ltr'><strong>canonicis</strong></span> <span class='ocrx_word' id='word_1_83' title='bbox 2216 1781 2478 1857; x_wconf 68' lang='lat' dir='ltr'><strong>cathe-</strong></span> 
     </span>
     <span class='ocr_line' id='line_1_13' title="bbox 339 1900 2466 1999; baseline -0.001 -24"><span class='ocrx_word' id='word_1_84' title='bbox 339 1900 644 1975; x_wconf 88' lang='lat' dir='ltr'><strong>dralium</strong></span> <span class='ocrx_word' id='word_1_85' title='bbox 695 1903 1124 1999; x_wconf 84' lang='lat' dir='ltr'><strong>praescripta</strong></span> <span class='ocrx_word' id='word_1_86' title='bbox 1177 1902 1406 1996; x_wconf 88' lang='lat' dir='ltr'><strong>deque</strong></span> <span class='ocrx_word' id='word_1_87' title='bbox 1443 1923 1640 1975; x_wconf 88' lang='lat' dir='ltr'><strong>more</strong></span> <span class='ocrx_word' id='word_1_88' title='bbox 1680 1900 1873 1973; x_wconf 88' lang='lat' dir='ltr'><strong>illata</strong></span> <span class='ocrx_word' id='word_1_89' title='bbox 1910 1901 2466 1996; x_wconf 87' lang='lat' dir='ltr'><strong>comperiuntur,</strong></span> 
     </span>
     <span class='ocr_line' id='line_1_14' title="bbox 345 2016 2472 2115; baseline -0 -25"><span class='ocrx_word' id='word_1_90' title='bbox 345 2016 752 2092; x_wconf 83' lang='lat' dir='ltr'><strong>satisfacere</strong></span> <span class='ocrx_word' id='word_1_91' title='bbox 802 2018 1170 2115; x_wconf 77' lang='lat' dir='ltr'><strong>diligenter</strong></span> <span class='ocrx_word' id='word_1_92' title='bbox 1223 2018 1496 2115; x_wconf 88' lang='lat' dir='ltr'><strong>riteque</strong></span> <span class='ocrx_word' id='word_1_93' title='bbox 1560 2030 1935 2091; x_wconf 87' lang='lat' dir='ltr'><strong>teneantur</strong></span> <span class='ocrx_word' id='word_1_94' title='bbox 1967 2070 1987 2105; x_wconf 94' lang='lat'><strong>,</strong></span> <span class='ocrx_word' id='word_1_95' title='bbox 2054 2042 2137 2091; x_wconf 88' lang='lat' dir='ltr'><strong>ac</strong></span> <span class='ocrx_word' id='word_1_96' title='bbox 2197 2018 2472 2092; x_wconf 90' lang='lat' dir='ltr'><strong>cunctis</strong></span> 
     </span>
     <span class='ocr_line' id='line_1_15' title="bbox 347 2135 2471 2234; baseline 0.002 -25"><span class='ocrx_word' id='word_1_97' title='bbox 347 2135 760 2225; x_wconf 87' lang='lat' dir='ltr'><strong>honoribus,</strong></span> <span class='ocrx_word' id='word_1_98' title='bbox 816 2137 1351 2234; x_wconf 79' lang='lat' dir='ltr'><strong>praerogativis,</strong></span> <span class='ocrx_word' id='word_1_99' title='bbox 1405 2138 1681 2233; x_wconf 81' lang='lat' dir='ltr'><strong>gratiis,</strong></span> <span class='ocrx_word' id='word_1_100' title='bbox 1732 2136 2033 2233; x_wconf 83' lang='lat' dir='ltr'><strong>juribus,</strong></span> <span class='ocrx_word' id='word_1_101' title='bbox 2088 2136 2471 2224; x_wconf 82' lang='lat' dir='ltr'><strong>favoribus,</strong></span> 
     </span>
     <span class='ocr_line' id='line_1_16' title="bbox 345 2253 2474 2350; baseline 0 -25"><span class='ocrx_word' id='word_1_102' title='bbox 345 2253 634 2327; x_wconf 88' lang='lat' dir='ltr'><strong>indultis</strong></span> <span class='ocrx_word' id='word_1_103' title='bbox 687 2265 764 2329; x_wconf 90' lang='lat' dir='ltr'><strong>et</strong></span> <span class='ocrx_word' id='word_1_104' title='bbox 813 2253 1196 2350; x_wconf 80' lang='lat' dir='ltr'><strong>privilegiis</strong></span> <span class='ocrx_word' id='word_1_105' title='bbox 1248 2276 1428 2347; x_wconf 91' lang='lat' dir='ltr'><strong>quae</strong></span> <span class='ocrx_word' id='word_1_106' title='bbox 1465 2254 1597 2326; x_wconf 86' lang='lat' dir='ltr'><strong>alia</strong></span> <span class='ocrx_word' id='word_1_107' title='bbox 1637 2253 2055 2329; x_wconf 88' lang='lat' dir='ltr'><strong>viciniorum</strong></span> <span class='ocrx_word' id='word_1_108' title='bbox 2086 2253 2474 2330; x_wconf 86' lang='lat' dir='ltr'><strong>Cathedra-</strong></span> 
     </span>
     <span class='ocr_line' id='line_1_17' title="bbox 349 2368 2476 2468; baseline 0 -26"><span class='ocrx_word' id='word_1_109' title='bbox 349 2371 522 2443; x_wconf 90' lang='lat' dir='ltr'><strong>lium</strong></span> <span class='ocrx_word' id='word_1_110' title='bbox 586 2368 913 2468; x_wconf 87' lang='lat' dir='ltr'><strong>Capitula</strong></span> <span class='ocrx_word' id='word_1_111' title='bbox 991 2368 1457 2446; x_wconf 88' lang='lat' dir='ltr'><strong>obtinuerunt</strong></span> <span class='ocrx_word' id='word_1_112' title='bbox 1533 2369 1993 2467; x_wconf 82' lang='lat' dir='ltr'><strong>legitimoque</strong></span> <span class='ocrx_word' id='word_1_113' title='bbox 2056 2394 2187 2444; x_wconf 89' lang='lat' dir='ltr'><strong>usu</strong></span> <span class='ocrx_word' id='word_1_114' title='bbox 2247 2370 2476 2453; x_wconf 88' lang='lat' dir='ltr'><strong>adhuc</strong></span> 
     </span>
     <span class='ocr_line' id='line_1_18' title="bbox 343 2489 2479 2586; baseline 0.001 -25"><span class='ocrx_word' id='word_1_115' title='bbox 343 2489 702 2578; x_wconf 80' lang='lat' dir='ltr'><strong>fruuntur,</strong></span> <span class='ocrx_word' id='word_1_116' title='bbox 733 2490 1127 2565; x_wconf 89' lang='lat' dir='ltr'><strong>dummodo</strong></span> <span class='ocrx_word' id='word_1_117' title='bbox 1161 2490 1500 2586; x_wconf 86' lang='lat' dir='ltr'><strong>peculiari</strong></span> <span class='ocrx_word' id='word_1_118' title='bbox 1535 2513 1624 2563; x_wconf 85' lang='lat' dir='ltr'><strong>ex</strong></span> <span class='ocrx_word' id='word_1_119' title='bbox 1662 2490 2116 2565; x_wconf 87' lang='lat' dir='ltr'><strong>concessione</strong></span> <span class='ocrx_word' id='word_1_120' title='bbox 2156 2490 2267 2563; x_wconf 87' lang='lat' dir='ltr'><strong>vel</strong></span> <span class='ocrx_word' id='word_1_121' title='bbox 2302 2512 2479 2564; x_wconf 88' lang='lat' dir='ltr'><strong>one-</strong></span> 
     </span>
     <span class='ocr_line' id='line_1_19' title="bbox 346 2608 2485 2707; baseline 0.003 -28"><span class='ocrx_word' id='word_1_122' title='bbox 346 2632 510 2683; x_wconf 89' lang='lat' dir='ltr'><strong>roso</strong></span> <span class='ocrx_word' id='word_1_123' title='bbox 564 2608 772 2682; x_wconf 87' lang='lat' dir='ltr'><strong>titulo</strong></span> <span class='ocrx_word' id='word_1_124' title='bbox 806 2610 974 2682; x_wconf 90' lang='lat' dir='ltr'><strong>data</strong></span> <span class='ocrx_word' id='word_1_125' title='bbox 1009 2621 1086 2683; x_wconf 88' lang='lat' dir='ltr'><strong>et</strong></span> <span class='ocrx_word' id='word_1_126' title='bbox 1123 2609 1474 2707; x_wconf 88' lang='lat' dir='ltr'><strong>adquisita</strong></span> <span class='ocrx_word' id='word_1_127' title='bbox 1511 2632 1656 2684; x_wconf 88' lang='lat' dir='ltr'><strong>non</strong></span> <span class='ocrx_word' id='word_1_128' title='bbox 1695 2608 1983 2696; x_wconf 83' lang='lat' dir='ltr'><strong>fuerint,</strong></span> <span class='ocrx_word' id='word_1_129' title='bbox 2024 2612 2329 2706; x_wconf 81' lang='lat' dir='ltr'><strong>gaudere</strong></span> <span class='ocrx_word' id='word_1_130' title='bbox 2362 2612 2485 2685; x_wconf 90' lang='lat' dir='ltr'><strong>de-</strong></span> 
     </span>
     <span class='ocr_line' id='line_1_20' title="bbox 355 2726 2476 2826; baseline 0.002 -28"><span class='ocrx_word' id='word_1_131' title='bbox 355 2726 594 2801; x_wconf 86' lang='lat' dir='ltr'><strong>beant.</strong></span> <span class='ocrx_word' id='word_1_132' title='bbox 635 2727 774 2823; x_wconf 87' lang='lat' dir='ltr'><strong>Spe</strong></span> <span class='ocrx_word' id='word_1_133' title='bbox 829 2730 1118 2824; x_wconf 86' lang='lat' dir='ltr'><strong>insuper</strong></span> <span class='ocrx_word' id='word_1_134' title='bbox 1172 2728 1312 2802; x_wconf 85' lang='lat' dir='ltr'><strong>Nos</strong></span> <span class='ocrx_word' id='word_1_135' title='bbox 1349 2726 1539 2818; x_wconf 84' lang='lat' dir='ltr'><strong>freti,</strong></span> <span class='ocrx_word' id='word_1_136' title='bbox 1579 2729 1769 2826; x_wconf 89' lang='lat' dir='ltr'><strong>quod</strong></span> <span class='ocrx_word' id='word_1_137' title='bbox 1823 2730 1913 2803; x_wconf 87' lang='lat' dir='ltr'><strong>ad</strong></span> <span class='ocrx_word' id='word_1_138' title='bbox 1960 2730 2243 2805; x_wconf 86' lang='lat' dir='ltr'><strong>divinos</strong></span> <span class='ocrx_word' id='word_1_139' title='bbox 2294 2731 2476 2803; x_wconf 89' lang='lat' dir='ltr'><strong>ritus</strong></span> 
     </span>
     <span class='ocr_line' id='line_1_21' title="bbox 352 2842 2479 2942; baseline 0.001 -27"><span class='ocrx_word' id='word_1_140' title='bbox 352 2842 792 2942; x_wconf 78' lang='lat' dir='ltr'><strong>frequentius</strong></span> <span class='ocrx_word' id='word_1_141' title='bbox 871 2846 1256 2941; x_wconf 83' lang='lat' dir='ltr'><strong>explendos</strong></span> <span class='ocrx_word' id='word_1_142' title='bbox 1321 2857 1396 2918; x_wconf 89' lang='lat' dir='ltr'><strong>et</strong></span> <span class='ocrx_word' id='word_1_143' title='bbox 1457 2845 1807 2921; x_wconf 88' lang='lat' dir='ltr'><strong>bonorum</strong></span> <span class='ocrx_word' id='word_1_144' title='bbox 1868 2868 2162 2941; x_wconf 90' lang='lat' dir='ltr'><strong>operum</strong></span> <span class='ocrx_word' id='word_1_145' title='bbox 2240 2844 2479 2940; x_wconf 81' lang='lat' dir='ltr'><strong>fruges</strong></span> 
     </span>
     <span class='ocr_line' id='line_1_22' title="bbox 349 2960 2567 3062; baseline 0.002 -30"><span class='ocrx_word' id='word_1_146' title='bbox 349 2962 537 3035; x_wconf 88' lang='lat' dir='ltr'><strong>inter</strong></span> <span class='ocrx_word' id='word_1_147' title='bbox 589 2984 710 3035; x_wconf 89' lang='lat' dir='ltr'><strong>eos</strong></span> <span class='ocrx_word' id='word_1_148' title='bbox 759 2960 1264 3036; x_wconf 84' lang='lat' dir='ltr'><strong>Christifideles</strong></span> <span class='ocrx_word' id='word_1_149' title='bbox 1315 2962 1392 3033; x_wconf 87' lang='lat' dir='ltr'><strong>in</strong></span> <span class='ocrx_word' id='word_1_150' title='bbox 1443 2962 1594 3035; x_wconf 82' lang='lat' dir='ltr'><strong>dies</strong></span> <span class='ocrx_word' id='word_1_151' title='bbox 1648 2964 1876 3057; x_wconf 82' lang='lat' dir='ltr'><strong>magis</strong></span> <span class='ocrx_word' id='word_1_152' title='bbox 1906 2962 2479 3057; x_wconf 87' lang='lat' dir='ltr'><strong>multiplicandos</strong></span> <span class='ocrx_word' id='word_1_153' title='bbox 2558 3054 2567 3062; x_wconf 37' lang='grc'><strong>,</strong></span> 
     </span>
     <span class='ocr_line' id='line_1_23' title="bbox 340 3076 2471 3175; baseline 0 -26"><span class='ocrx_word' id='word_1_154' title='bbox 340 3078 714 3175; x_wconf 89' lang='lat' dir='ltr'><strong>aliquando</strong></span> <span class='ocrx_word' id='word_1_155' title='bbox 780 3077 1032 3152; x_wconf 84' lang='lat' dir='ltr'><strong>effatus</strong></span> <span class='ocrx_word' id='word_1_156' title='bbox 1103 3076 1624 3151; x_wconf 87' lang='lat' dir='ltr'><strong>Canonicorum</strong></span> <span class='ocrx_word' id='word_1_157' title='bbox 1690 3100 2037 3151; x_wconf 89' lang='lat' dir='ltr'><strong>numerus</strong></span> <span class='ocrx_word' id='word_1_158' title='bbox 2106 3089 2471 3174; x_wconf 79' lang='lat' dir='ltr'><strong>augeatur,</strong></span> 
     </span>
     <span class='ocr_line' id='line_1_24' title="bbox 347 3193 2479 3292; baseline 0 -26"><span class='ocrx_word' id='word_1_159' title='bbox 347 3204 568 3291; x_wconf 89' lang='lat' dir='ltr'><strong>atque</strong></span> <span class='ocrx_word' id='word_1_160' title='bbox 617 3196 790 3269; x_wconf 89' lang='lat' dir='ltr'><strong>adeo</strong></span> <span class='ocrx_word' id='word_1_161' title='bbox 845 3195 1114 3292; x_wconf 85' lang='lat' dir='ltr'><strong>aliquot</strong></span> <span class='ocrx_word' id='word_1_162' title='bbox 1165 3193 1556 3289; x_wconf 88' lang='lat' dir='ltr'><strong>cappellani</strong></span> <span class='ocrx_word' id='word_1_163' title='bbox 1595 3218 1720 3269; x_wconf 90' lang='lat' dir='ltr'><strong>seu</strong></span> <span class='ocrx_word' id='word_1_164' title='bbox 1760 3194 2218 3267; x_wconf 86' lang='lat' dir='ltr'><strong>mansionarii</strong></span> <span class='ocrx_word' id='word_1_165' title='bbox 2248 3195 2479 3269; x_wconf 88' lang='lat' dir='ltr'><strong>adsci-</strong></span> 
     </span>
     <span class='ocr_line' id='line_1_25' title="bbox 344 3312 2477 3411; baseline 0 -24"><span class='ocrx_word' id='word_1_166' title='bbox 344 3325 660 3399; x_wconf 86' lang='lat' dir='ltr'><strong>scantur,</strong></span> <span class='ocrx_word' id='word_1_167' title='bbox 729 3336 811 3387; x_wconf 91' lang='lat' dir='ltr'><strong>ac</strong></span> <span class='ocrx_word' id='word_1_168' title='bbox 871 3314 1348 3409; x_wconf 77' lang='lat' dir='ltr'><strong>indulgenteS,</strong></span> <span class='ocrx_word' id='word_1_169' title='bbox 1407 3326 1490 3387; x_wconf 93' lang='lat' dir='ltr'><strong>ut</strong></span> <span class='ocrx_word' id='word_1_170' title='bbox 1553 3314 1948 3411; x_wconf 85' lang='lat' dir='ltr'><strong>Episcopus</strong></span> <span class='ocrx_word' id='word_1_171' title='bbox 2020 3312 2089 3385; x_wconf 91' lang='lat' dir='ltr'><strong>in</strong></span> <span class='ocrx_word' id='word_1_172' title='bbox 2158 3324 2477 3408; x_wconf 87' lang='lat' dir='ltr'><strong>tempore</strong></span> 
     </span>
     <span class='ocr_line' id='line_1_26' title="bbox 341 3428 2478 3507; baseline 0 -4"><span class='ocrx_word' id='word_1_173' title='bbox 341 3428 598 3505; x_wconf 89' lang='lat' dir='ltr'><strong>Portus</strong></span> <span class='ocrx_word' id='word_1_174' title='bbox 634 3430 836 3505; x_wconf 87' lang='lat' dir='ltr'><strong>Pacis</strong></span> <span class='ocrx_word' id='word_1_175' title='bbox 889 3430 1106 3505; x_wconf 89' lang='lat' dir='ltr'><strong>libere</strong></span> <span class='ocrx_word' id='word_1_176' title='bbox 1175 3430 1496 3505; x_wconf 78' lang='lat' dir='ltr'><strong>conferre</strong></span> <span class='ocrx_word' id='word_1_177' title='bbox 1537 3432 1769 3505; x_wconf 88' lang='lat' dir='ltr'><strong>valeat</strong></span> <span class='ocrx_word' id='word_1_178' title='bbox 1804 3430 2365 3507; x_wconf 88' lang='lat' dir='ltr'><strong>nominationem</strong></span> <span class='ocrx_word' id='word_1_179' title='bbox 2403 3442 2478 3505; x_wconf 91' lang='lat' dir='ltr'><strong>et</strong></span> 
     </span>
     <span class='ocr_line' id='line_1_27' title="bbox 345 3547 2477 3644; baseline 0.002 -25"><span class='ocrx_word' id='word_1_180' title='bbox 345 3547 890 3632; x_wconf 82' lang='lat' dir='ltr'><strong>institutionem,</strong></span> <span class='ocrx_word' id='word_1_181' title='bbox 949 3569 1164 3644; x_wconf 87' lang='lat' dir='ltr'><strong>quam</strong></span> <span class='ocrx_word' id='word_1_182' title='bbox 1225 3561 1482 3623; x_wconf 87' lang='lat' dir='ltr'><strong>vocant</strong></span> <span class='ocrx_word' id='word_1_183' title='bbox 1537 3550 1755 3623; x_wconf 88' lang='lat' dir='ltr'><strong>etiam</strong></span> <span class='ocrx_word' id='word_1_184' title='bbox 1810 3549 2337 3636; x_wconf 89' lang='lat' dir='ltr'><strong>investituram,</strong></span> <span class='ocrx_word' id='word_1_185' title='bbox 2388 3550 2477 3623; x_wconf 85' lang='lat' dir='ltr'><strong>ad</strong></span> 
     </span>
     <span class='ocr_line' id='line_1_28' title="bbox 343 3661 2480 3763; baseline 0.001 -29"><span class='ocrx_word' id='word_1_186' title='bbox 343 3661 743 3737; x_wconf 84' lang='lat' dir='ltr'><strong>huiusmodi</strong></span> <span class='ocrx_word' id='word_1_187' title='bbox 799 3662 1243 3739; x_wconf 86' lang='lat' dir='ltr'><strong>Cathedralis</strong></span> <span class='ocrx_word' id='word_1_188' title='bbox 1285 3664 1596 3762; x_wconf 89' lang='lat' dir='ltr'><strong>Capituli</strong></span> <span class='ocrx_word' id='word_1_189' title='bbox 1649 3667 2031 3763; x_wconf 82' lang='lat' dir='ltr'><strong>dignitates</strong></span> <span class='ocrx_word' id='word_1_190' title='bbox 2067 3676 2143 3739; x_wconf 89' lang='lat' dir='ltr'><strong>et</strong></span> <span class='ocrx_word' id='word_1_191' title='bbox 2171 3662 2480 3738; x_wconf 90' lang='lat' dir='ltr'><strong>Canoni-</strong></span> 
     </span>
     <span class='ocr_line' id='line_1_29' title="bbox 342 3779 2481 3879; baseline 0.001 -29"><span class='ocrx_word' id='word_1_192' title='bbox 342 3789 569 3866; x_wconf 77' lang='lat' dir='ltr'><strong>eatuS,</strong></span> <span class='ocrx_word' id='word_1_193' title='bbox 609 3780 924 3879; x_wconf 89' lang='lat' dir='ltr'><strong>itemque</strong></span> <span class='ocrx_word' id='word_1_194' title='bbox 959 3781 1047 3855; x_wconf 86' lang='lat' dir='ltr'><strong>ad</strong></span> <span class='ocrx_word' id='word_1_195' title='bbox 1076 3779 1558 3877; x_wconf 88' lang='lat' dir='ltr'><strong>cappellanias</strong></span> <span class='ocrx_word' id='word_1_196' title='bbox 1593 3782 1704 3855; x_wconf 86' lang='lat' dir='ltr'><strong>vel</strong></span> <span class='ocrx_word' id='word_1_197' title='bbox 1732 3781 2269 3867; x_wconf 86' lang='lat' dir='ltr'><strong>mansionarias,</strong></span> <span class='ocrx_word' id='word_1_198' title='bbox 2300 3804 2481 3876; x_wconf 91' lang='lat' dir='ltr'><strong>quo—</strong></span> 
     </span>
     <span class='ocr_line' id='line_1_30' title="bbox 343 3894 2479 3992; baseline 0.001 -25"><span class='ocrx_word' id='word_1_199' title='bbox 343 3895 862 3992; x_wconf 86' lang='lat' dir='ltr'><strong>modocumque</strong></span> <span class='ocrx_word' id='word_1_200' title='bbox 926 3896 1098 3969; x_wconf 89' lang='lat' dir='ltr'><strong>inibi</strong></span> <span class='ocrx_word' id='word_1_201' title='bbox 1159 3895 1426 3971; x_wconf 80' lang='lat' dir='ltr'><strong>fuerint</strong></span> <span class='ocrx_word' id='word_1_202' title='bbox 1489 3897 1899 3982; x_wconf 89' lang='lat' dir='ltr'><strong>institutae,</strong></span> <span class='ocrx_word' id='word_1_203' title='bbox 1972 3919 2105 3969; x_wconf 87' lang='lat' dir='ltr'><strong>nec</strong></span> <span class='ocrx_word' id='word_1_204' title='bbox 2177 3918 2319 3969; x_wconf 91' lang='lat' dir='ltr'><strong>non</strong></span> <span class='ocrx_word' id='word_1_205' title='bbox 2390 3894 2479 3969; x_wconf 87' lang='lat' dir='ltr'><strong>ad</strong></span> 
     </span>
     <span class='ocr_line' id='line_1_31' title="bbox 345 4009 2487 4109; baseline -0.001 -25"><span class='ocrx_word' id='word_1_206' title='bbox 345 4009 782 4089; x_wconf 87' lang='lat' dir='ltr'><strong>Paroeciales</strong></span> <span class='ocrx_word' id='word_1_207' title='bbox 835 4036 960 4109; x_wconf 90' lang='lat' dir='ltr'><strong>per</strong></span> <span class='ocrx_word' id='word_1_208' title='bbox 1015 4023 1246 4086; x_wconf 85' lang='lat' dir='ltr'><strong>totam</strong></span> <span class='ocrx_word' id='word_1_209' title='bbox 1309 4012 1564 4088; x_wconf 83' lang='lat' dir='ltr'><strong>Portus</strong></span> <span class='ocrx_word' id='word_1_210' title='bbox 1615 4012 1821 4087; x_wconf 87' lang='lat' dir='ltr'><strong>Pacis</strong></span> <span class='ocrx_word' id='word_1_211' title='bbox 1859 4009 2253 4088; x_wconf 87' lang='lat' dir='ltr'><strong>Dioecesim</strong></span> <span class='ocrx_word' id='word_1_212' title='bbox 2294 4009 2487 4083; x_wconf 89' lang='lat' dir='ltr'><strong>obti-</strong></span> 
     </span>
     <span class='ocr_line' id='line_1_32' title="bbox 345 4126 2483 4227; baseline -0.001 -26"><span class='ocrx_word' id='word_1_213' title='bbox 345 4130 613 4204; x_wconf 89' lang='lat' dir='ltr'><strong>nendas</strong></span> <span class='ocrx_word' id='word_1_214' title='bbox 675 4143 750 4203; x_wconf 89' lang='lat' dir='ltr'><strong>et</strong></span> <span class='ocrx_word' id='word_1_215' title='bbox 820 4128 1280 4225; x_wconf 84' lang='lat' dir='ltr'><strong>possidendas</strong></span> <span class='ocrx_word' id='word_1_216' title='bbox 1319 4182 1340 4216; x_wconf 93' lang='lat'>‚</span> <span class='ocrx_word' id='word_1_217' title='bbox 1409 4130 1845 4227; x_wconf 87' lang='lat' dir='ltr'><strong>proindeque</strong></span> <span class='ocrx_word' id='word_1_218' title='bbox 1898 4128 1987 4203; x_wconf 84' lang='lat' dir='ltr'><strong>ad</strong></span> <span class='ocrx_word' id='word_1_219' title='bbox 2042 4126 2483 4202; x_wconf 66' lang='lat' dir='ltr'><strong>Parochialee</strong></span> 
     </span>
     <span class='ocr_line' id='line_1_33' title="bbox 345 4246 2481 4344; baseline 0 -23"><span class='ocrx_word' id='word_1_220' title='bbox 345 4270 666 4344; x_wconf 89' lang='lat' dir='ltr'><strong>quasque</strong></span> <span class='ocrx_word' id='word_1_221' title='bbox 721 4248 1014 4322; x_wconf 83' lang='lat' dir='ltr'><strong>vicarias</strong></span> <span class='ocrx_word' id='word_1_222' title='bbox 1051 4270 1180 4321; x_wconf 89' lang='lat' dir='ltr'><strong>seu</strong></span> <span class='ocrx_word' id='word_1_223' title='bbox 1219 4248 1691 4324; x_wconf 84' lang='lat' dir='ltr'><strong>coadiutorias</strong></span> <span class='ocrx_word' id='word_1_224' title='bbox 1745 4246 2041 4322; x_wconf 85' lang='lat' dir='ltr'><strong>forsitan</strong></span> <span class='ocrx_word' id='word_1_225' title='bbox 2082 4248 2481 4337; x_wconf 81' lang='lat' dir='ltr'><strong>adsciscen-</strong></span> 
     </span>
    </p>
   </div>
  </div>
 </body>
</html>
