3317 5267
2230 440 2379 511 269

277 572 339 635 et
383 558 884 633 inserventium
937 576 1236 631 numero
1289 557 1791 631 convenienter
1844 556 2377 641 adsciscantur,

275 678 510 775 quique
549 698 795 751 omnes
833 674 900 745 in
941 673 1250 769 ipsamet
1303 672 1620 748 Ecclesia
1673 672 1761 747 ad
1814 672 2041 745 instar
2094 672 2387 744 aliarum

274 797 664 869 viciniorum
717 791 1250 867 cathedralium
1305 804 1459 865 tum
1513 792 1753 865 divina
1807 790 2033 866 officia
2086 801 2163 863 et
2224 812 2391 863 mu-

271 915 370 987 nia
421 912 916 999 ecclesiastica,
959 922 1112 984 tum
1166 934 1380 986 onera
1409 924 1483 985 et
1524 911 1817 1009 quaevis
1854 909 1987 983 alia
2026 932 2209 1006 quae
2246 906 2389 981 Ca·-

273 1030 638 1125 pitulorum
694 1028 1222 1102 Cathedralium
1275 1029 1556 1125 propria
1597 1042 1769 1103 sunt
1805 1029 1941 1102 rite
1978 1029 2389 1125 diligenter-

275 1170 398 1242 que
445 1146 740 1219 statutis
795 1145 1236 1241 temporibus
1289 1143 1482 1220 obire
1537 1156 1945 1232 teneantur3
1982 1168 2185 1219 secus
2222 1168 2391 1217 vero

273 1263 582 1339 omnibus
611 1274 688 1335 et
713 1263 1008 1359 singulis
1037 1263 1430 1360 quibusque
1462 1264 1766 1359 juribus,
1798 1263 2205 1349 honoribuS,
2240 1286 2395 1359 gia·

275 1386 402 1468 tiis,
445 1382 828 1469 favoribus,
885 1382 1176 1457 indultis
1229 1396 1304 1455 et
1355 1384 1764 1480 privilegiis,
1820 1383 2079 1481 quibus
2132 1382 2265 1455 alia
2320 1384 2391 1456 in

271 1502 442 1574 dicta
490 1498 990 1595 Hispaniarum
1045 1498 1312 1573 ditione
1367 1497 1691 1595 Capitula
1746 1499 2195 1574 Cathedralia
2260 1522 2399 1572 eo·-

273 1640 556 1714 rumque
609 1618 1006 1713 respective
1064 1616 1431 1713 Dignitarii
1486 1629 1561 1690 et
1599 1616 1937 1692 Canonici
1966 1618 2393 1714 quicumque

271 1759 344 1809 ac
371 1734 768 1809 Beneficiati
807 1736 1158 1809 ordinario
1194 1736 1691 1833 legittimoque
1725 1760 1857 1811 usu
1906 1738 2239 1833 gaudent,
2279 1735 2385 1808 uti

269 1868 338 1927 ct
383 1852 518 1927 frui
577 1854 883 1941 valeant,
922 1852 1317 1949 Apostolica
1371 1857 1799 1929 auctoritate
1854 1856 2387 1953 praefata-per·-

269 1983 474 2068 petuo
501 1972 764 2067 pariter
801 1972 1270 2058 instituimus3
1307 1972 1805 2068 praecipiendo
1846 1975 2035 2070 quod
2078 1985 2229 2046 tum
2262 1970 2385 2044 Di-

268 2092 538 2187 gnitarii
591 2104 666 2164 et
718 2090 1080 2170 Canonici,
1137 2104 1291 2163 tum
1340 2089 1747 2166 Beneficiati
1802 2116 1927 2166 seu
1978 2090 2383 2187 Cappellani

268 2208 557 2305 praefati
612 2210 803 2307 (licet
839 2212 884 2282 ii
924 2233 1050 2305 pro
1091 2210 1362 2285 meliori
1401 2208 1929 2285 Cathedraiium
1970 2210 2258 2285 servitio
2309 2210 2381 2281 in
2418 2256 2437 2273 ·

99 2420 106 2427 .
153 2406 164 2415 ‚
266 2325 722 2425 presbyteros
761 2380 782 2414 ,
836 2325 1181 2402 Diaconos
1213 2382 1232 2415 ,
1290 2341 1365 2403 et
1413 2328 1889 2405 subdiaconos
1950 2325 2383 2423 dividantur)

263 2442 664 2518 Sacerdotio
702 2458 941 2517 tamen
980 2445 1051 2516 in
1089 2457 1452 2540 posterum
1493 2446 1808 2543 insigniti
1847 2448 2017 2533 sint,
2056 2446 2389 2543 quodque

263 2558 308 2630 ii
344 2560 464 2655 qui
501 2560 570 2631 in
609 2584 896 2634 suorum
926 2560 1421 2636 beneficiorum
1457 2562 1899 2659 possessione
1934 2562 2381 2658 adipiscenda

263 2676 396 2751 hoc
447 2678 688 2751 ordine
741 2680 1094 2753 caruerint
1125 2730 1146 2767 ,
1203 2678 1382 2751 infra
1436 2702 1699 2773 annum
1756 2680 1887 2776 ipsi
1942 2679 2203 2753 initiari
2256 2676 2391 2751 sub

261 2796 510 2889 poenis
559 2797 914 2871 canonicis
965 2795 1295 2869 debeant.

421 2908 618 2999 Quae
653 2912 940 3008 quidem
977 2910 1472 2983 Ecclesiastica
1507 2913 1751 2985 munia
1786 2924 1861 2985 et
1896 2912 2118 2985 officia
2158 2913 2397 3007 gravi-

266 3044 380 3103 ter
431 3042 817 3127 ornateque
873 3030 1176 3103 obeundi
1229 3031 1477 3126 gratia,
1533 3032 1804 3104 eisdem
1862 3030 2271 3127 Dignitariis
2316 3040 2393 3101 et

263 3144 640 3220 Canonieis
693 3168 774 3219 ac
823 3144 1287 3232 BeneficiatiS‚
1327 3157 1408 3219 ut
1445 3146 1491 3218 ii
1547 3147 1618 3217 in
1659 3144 2106 3233 Choralibus,
2146 3159 2221 3219 et
2257 3144 2394 3217 Ca-

259 3264 688 3360 pitularibus
723 3261 1202 3335 functionibus
1237 3264 1652 3358 peragendis
1680 3286 1763 3336 ea
1792 3277 2075 3360 gest-are
2102 3274 2179 3337 et
2202 3263 2397 3337 adhi-

252 3383 432 3456 bere
485 3394 774 3478 queant,
819 3392 962 3451 tam
1017 3382 1088 3451 in
1143 3384 1448 3477 ipsamet
1480 3379 1879 3457 Cathedrali
1918 3404 2131 3479 quam
2190 3394 2391 3456 extra

254 3499 458 3571 illam
515 3496 721 3595 (intra
779 3510 1016 3570 tamen
1067 3498 1332 3573 limites
1371 3495 1723 3573 Dioecesis
1764 3498 2243 3597 Victor-iensis)
2282 3501 2397 3571 in-

247 3616 608 3689 dumenta
659 3626 736 3689 et
785 3616 1084 3711 insignia
1135 3616 1604 3689 ecclesiastica
1657 3617 1729 3687 in
1783 3616 1973 3711 regia
2038 3614 2397 3713 Hispania·-

247 3754 426 3804 rum
463 3734 728 3806 ditione
765 3732 974 3807 modo
1011 3733 1164 3805 aliis
1201 3730 1546 3827 Capitulis
1581 3729 2105 3807 Cathedralium
2142 3732 2398 3807 suffra-

243 3872 655 3945 ganearum
707 3848 1088 3946 Burgensis
1139 3850 1719 3946 Metropolitanae
1772 3854 2167 3946 respective
2220 3875 2395 3925 con·-

242 3992 466 4044 cessa
519 3972 1074 4067 comperiuntur,
1105 3971 1488 4046 dummodo
1525 3982 1765 4043 tamen
1802 3972 2133 4065 peculiari
2162 3972 2396 4069 aliquo

241 4091 542 4165 indulto
593 4093 706 4165 vel
761 4114 1057 4166 oneroso
1112 4092 1318 4164 titulo
1369 4090 1729 4186 impertita
1766 4112 1909 4163 non
1964 4090 2253 4181 suerint,
2291 4092 2393 4165 si-

237 4210 416 4282 mili
462 4207 856 4305 Apostolica
891 4209 1308 4283 auctoritate
1335 4218 1678 4302 perpetuo
1704 4206 1877 4278 item
1906 4208 2382 4296 concedimus,
