3317 5267
1060 537 1277 625 ALL
1290 534 1708 627 OCUTIO
2300 428 2446 499 439

1123 738 1166 760 r

400 934 603 979 mum
648 934 709 979 m
748 934 1099 985 coasts-rouo
1144 939 1524 986 suuirunmco
1566 938 1666 984 ms
1709 920 1786 983 2AE
1823 936 1928 985 im
1967 936 2122 984 Anno
2165 919 2344 987 1862.

1022 1263 1416 1347 vssnknamtsss
1464 1298 1706 1345 FRATRES

592 1505 609 1547 l

380 1530 423 1585 Ἰ

311 1532 553 1694 (Aum
608 1618 905 1693 eximias
962 1616 1161 1690 Beati
1215 1614 1575 1689 Michaelis
1626 1618 1716 1691 de
1753 1616 2048 1690 'Sanctis
2103 1615 2445 1691 Sacerdo-

304 1733 403 1806 tis
456 1733 751 1830 professi
805 1733 1087 1806 Ordinis
1138 1732 1639 1807 Sanctissimae
1697 1732 2064 1806 Trinitatis
2103 1732 2440 1806 Fratrum

302 1847 907 1926 Discalceatorum
960 1852 1261 1945 captivis
1315 1849 1742 1923 redimendis
1800 1852 2125 1935 virtuteS,
2181 1849 2440 1921 merita

300 1990 388 2040 ac
442 1970 757 2063 prodigia
812 1968 1152 2041 divinitus
1206 1978 1487 2063 patrata
1540 1967 1780 2040 animo
1835 1964 2084 2040 sedulo
2155 1978 2446 2061 repute-

300 2107 494 2172 muS,
556 2084 1007 2159 venerabiles
1062 2085 1371 2171 Fratres,
1404 2086 1475 2156 in
1532 2085 1686 2181 ipso
1723 2108 1808 2157 ea
1855 2085 2092 2159 omnia
2127 2107 2282 2157 esse
2325 2106 2442 2155 ar-

300 2202 683 2290 bitramur,
740 2226 921 2301 quae
976 2203 1459 2298 requiruntur,
1514 2215 1596 2274 ut
1647 2225 1891 2275 eorum
1933 2223 2227 2275 numero
2273 2224 2440 2295 pos-

298 2323 399 2395 sit
428 2323 756 2409 adscribi,
796 2346 975 2419 quos
1012 2320 1433 2395 Sanctorum
1474 2322 1760 2394 nomine
1823 2334 1898 2393 et
1933 2320 2132 2395 cultu
2195 2333 2438 2393 sancta

298 2450 687 2511 veneratur
738 2436 1075 2511 Ecclesia.
1120 2438 1349 2534 Atque
1380 2437 1449 2511 id
1488 2438 1720 2533 ipsum
1765 2436 1980 2511 Vobis
2023 2438 2252 2509 visum
2285 2460 2440 2511 esse

296 2578 700 2642 censemus,
731 2578 896 2629 cum
949 2556 1342 2629 orationem
1396 2554 1483 2627 de
1538 2555 1790 2629 eodem
1841 2554 2062 2629 Beato
2114 2556 2184 2627 in
2241 2579 2440 2630 sacro

296 2695 637 2747 consessu
688 2671 1001 2745 habitam
1058 2670 1493 2756 audiveritiS,
1552 2682 1629 2743 et
1681 2672 1872 2745 vitae
1935 2672 2438 2769 compendium

294 2792 641 2889 legeritis,
698 2794 885 2889 quod
943 2789 1157 2865 Vobis
1212 2791 1635 2863 tradendum
1689 2793 2120 2865 curavimus.

460 2908 743 2983 Etenim
799 2911 947 3005 ipse
1002 2913 1311 2982 animam
1366 2931 1575 3003 porro
1628 2910 1924 2981 sortitus
2007 2908 2266 2983 bonam
2324 2905 2438 2981 vel

294 3050 333 3098 a
397 3027 658 3099 teneris
696 3028 899 3099 annis
940 3024 1275 3121 singulari
1306 3026 1491 3096 vitae
1530 3024 1974 3118 integritate,
2053 3024 2440 3121 religioniS‚

294 3144 583 3241 pietatis
617 3196 637 3231 ,
694 3138 1117 3217 humilitatis
1152 3194 1175 3230 ,
1230 3142 1579 3215 castitatis
1636 3142 1873 3215 studio
1921 3194 1942 3229 ‚
1999 3154 2074 3214 et
2125 3143 2439 3237 patiendi

300 3283 569 3348 amore,
626 3260 1486 3358 omniumquevirtutum
1541 3257 1750 3331 laude
1805 3258 2086 3331 enituit.
2155 3256 2254 3331 Ac
2293 3272 2441 3331 ter-

304 3379 557 3453 restria
608 3380 816 3475 plane
870 3380 1287 3476 despiciens,
1344 3390 1419 3451 et
1474 3378 1678 3451 unice
1730 3386 2059 3471 spectans
2085 3378 2441 3466 caelestia,

298 3496 563 3571 relictis
615 3496 945 3572 omnibus
978 3548 999 3582 ,
1055 3508 1137 3571 ut
1213 3495 1541 3593 proxime
1594 3506 2014 3589 sequeretur
2076 3492 2438 3571 Christum

299 3615 659 3709 ingressus
710 3614 1043 3689 Ordinem
1099 3615 1607 3689 Sanctissimae
1665 3612 2032 3687 Trinitatis
2072 3614 2442 3689 redimen-

292 3734 401 3807 dis
452 3734 781 3829 captivis,
838 3733 931 3806 ibi
986 3734 1329 3807 solemnia
1366 3744 1533 3806 vota
1562 3732 2027 3825 nuncupavit,
2069 3732 2441 3807 maximis-

304 3872 441 3946 que
495 3848 770 3923 refulsit
823 3848 1229 3923 virtutibus.
1290 3848 1668 3944 Nunquam
1729 3847 1920 3921 enim
1997 3848 2272 3920 destitit
2323 3870 2445 3921 so-

304 3968 719 4042 lidissimam
773 3968 1183 4065 praesertim
1226 3990 1555 4041 exercere
1584 3965 2096 4052 humilitatem,
2135 3977 2210 4037 et
2245 3986 2444 4039 mor-

312 4084 773 4161 tificationem
827 4083 1085 4159 Christi
1141 4084 1301 4157 lesu
1352 4085 1423 4156 in
1462 4108 1591 4159 suo
1629 4106 1924 4179 corpore
1961 4080 2438 4171 circumferre,

310 4214 383 4274 et
442 4204 739 4278 adversa
790 4224 1109 4301 quaeque
1162 4202 1495 4297 singulari
1524 4200 1865 4297 patientia
1895 4223 1975 4275 ac
2027 4200 2440 4275 fortitudine
