3317 5267
863 428 893 495 1
916 430 1005 499 66

867 540 1299 627 auctoritati,
1352 538 1738 616 catholicae
1785 538 2171 629 Ecclesiae,
2208 542 2500 639 eiusque
2535 542 2758 615 sacris
2789 544 3018 617 mini-

866 660 1066 748 striS,
1115 658 1329 733 rebus
1366 682 1449 733 ac
1484 658 1751 734 iuribus
1787 660 2100 758 quotidie
2137 659 2330 733 illata
2365 672 2535 733 sunt
2569 671 2646 733 et
2683 659 3016 735 inferun-

866 787 1006 851 tur.
1047 775 1128 851 ln
1180 778 1393 852 variis
1442 780 1635 853 enim
1690 778 1932 854 Italiae
1968 778 2370 876 regionibus
2410 778 2836 877 Subalpinae
2873 781 3006 855 di-

867 894 1043 969 tioni
1074 894 1335 969 iniuste
1360 894 1698 971 subiectis
1723 896 2039 993 publicae
2077 896 2446 971 institutae
2475 906 2644 969 sunt
2671 894 3004 983 scholae,

864 1010 937 1083 in
967 1011 1223 1107 quibus
1249 1033 1409 1085 cum
1464 1014 1780 1088 maximo
1805 1013 2204 1085 animarum
2233 1012 2661 1086 detrimento
2686 1034 3002 1087 erronea

864 1129 1183 1225 quaevis,
1210 1126 1385 1203 falsa
1411 1153 1491 1204 ac
1517 1132 1904 1227 depravata
1951 1130 2270 1207 doctrina
2303 1130 2691 1205 catholicae
2727 1130 3000 1207 Eccle-

868 1245 1017 1319 siae
1038 1245 1327 1321 omnino
1352 1247 1647 1322 adversa
1673 1246 1904 1344 palam
1936 1246 2352 1345 publiceque
2379 1247 2707 1336 traditur,
2733 1248 3002 1345 etipsa

864 1376 1309 1461 oppugnatur
1342 1362 1684 1439 Ecclesia.
1723 1364 1992 1439 Omnes
2029 1375 2270 1439 autem
2305 1374 2570 1439 norunt
2607 1364 2988 1440 innumera

868 1476 1013 1553 fere
1052 1484 1428 1579 opuscula,
1484 1484 1974 1581 ephemerides
2025 1495 2100 1559 et
2153 1484 2414 1581 scripta
2451 1496 2608 1557 tum
2644 1484 2720 1557 in
2755 1484 2993 1575 ltalia,

872 1610 1027 1671 tum
1056 1599 1221 1675 alibi
1248 1626 1339 1675 ex
1366 1614 1659 1677 satanae
1705 1602 2002 1679 officinis
2037 1604 2128 1676 ad·
2160 1602 2462 1677 exitium
2491 1611 2569 1675 et
2601 1602 2998 1698 perniciem

864 1717 1153 1803 emissa,
1188 1742 1273 1792 ac
1311 1719 1766 1816 turpissimis,
1799 1718 2424 1815 abominandisque
2455 1716 2882 1814 imaginibus
2905 1742 3002 1791 e-

864 1836 1037 1927 dita,
1084 1839 1343 1935 quibus
1378 1840 1850 1937 implacabiles
1885 1840 2004 1914 isti
2036 1839 2390 1936 religionis
2426 1838 2698 1926 hostes,
2753 1862 2838 1913 ac
2869 1862 3002 1935 pe-

858 1954 1177 2030 ritissimi
1246 1955 1589 2031 scelerum
1652 1967 1729 2030 et
1795 1954 2127 2030 fraudum
2173 1954 2476 2029 artifices
2527 1967 2982 2029 sacrosancta

860 2072 1081 2167 ipsius
1106 2072 1461 2171 religionis
1488 2074 2278 2172 mysteria,praecepta,
2315 2094 2400 2145 ac
2424 2071 2824 2145 veneranda
2851 2070 2994 2147 Ec-

860 2191 1111 2265 clesiae
1134 2194 1786 2291 instituta,eiusque
1811 2192 2002 2289 leges
2025 2214 2108 2265 ac
2131 2214 2466 2267 censuras
2491 2200 2986 2278 contemnere,

860 2306 1177 2395 irridere,
1232 2311 1698 2406 omniumque
1752 2308 2026 2383 animos
2077 2328 2566 2404 corrumpere,
2597 2319 2672 2381 et
2707 2330 2751 2379 a
2783 2307 2988 2383 cultu

862 2422 1211 2499 catholico
1238 2425 1569 2512 avellere,
1599 2448 1684 2499 ac
1705 2424 2128 2499 dissolutam
2164 2423 2448 2499 vivendi
2483 2423 2880 2511 licentiam,
2903 2437 2984 2499 et

864 2538 1279 2614 abnormem
1308 2564 1814 2639 usquequaque
1850 2540 2293 2636 impietatem
2319 2538 2588 2628 fovere,
2617 2540 2988 2629 inducere,

860 2679 943 2730 ac
994 2680 1231 2733 sacros
1284 2656 1672 2748 MinistroS,
1705 2671 1780 2732 et
1812 2656 2074 2731 Christi
2107 2657 2224 2733 hic
2259 2658 2332 2730 in
2375 2658 2582 2731 terris
2622 2655 2985 2732 Vicat-ium

858 2773 1195 2851 omuibus
1247 2778 1519 2853 iniuriis
1549 2832 1570 2867 ,
1634 2777 2006 2853 calumniis
2039 2828 2060 2863 ,
2128 2776 2604 2873 conviciisque
2656 2777 2984 2872 proscin-

860 2891 1050 2980 dere,
1090 2906 1167 2968 et
1200 2896 1553 2992 legitimae
1586 2896 1928 2993 cuiusque
1961 2895 2334 2991 potestatis
2371 2894 2752 2991 imperium
2785 2894 2978 2969 labe-

860 3008 1157 3101 factare,
1191 3034 1279 3085 ac
1328 3024 1483 3087 tum
1520 3012 1902 3100 Ecclesiae,
1945 3023 2098 3085 tum
2135 3010 2360 3085 civilis
2397 3011 2756 3087 societatis
2789 3012 2984 3087 exci-

858 3129 1058 3203 dium
1108 3153 1483 3227 procurare
1538 3131 1976 3205 adnituntur.

1010 3247 1243 3347 Atque
1294 3250 1369 3322 hi
1420 3250 1594 3324 lucis
1646 3260 1722 3323 et
1775 3248 2092 3322 veritatis
2145 3270 2386 3323 osores
2423 3247 2722 3323 minime
2763 3248 2980 3323 dubi-

860 3377 1020 3439 tant
1055 3367 1429 3455 violentas,
1468 3367 1982 3463 sacrilegasque
2017 3387 2262 3441 eorum
2299 3387 2560 3439 manus
2587 3365 2806 3441 sacris
2841 3364 2980 3441 Ee-

858 3484 1113 3559 clesiae
1165 3486 1507 3561 Ministris
1556 3498 1631 3559 ct
1699 3486 2124 3582 patrimonio
2186 3485 2499 3581 injicere.
2579 3483 2974 3581 Postquam

860 3602 1049 3677 enim
1106 3603 1569 3700 Subalpinum
1623 3600 2062 3677 Gubernium
2113 3600 2520 3679 Parmensis
2573 3616 2652 3677 et
2683 3601 2972 3677 Placen-

862 3722 991 3793 tini
1046 3718 1361 3796 Ducatus
1408 3720 1804 3793 dominium
1856 3720 2255 3817 usurpavit,
2328 3720 2442 3795 die
2509 3719 2970 3797 decimanona

856 3838 1162 3932 proximi
1198 3837 1468 3911 mensis
1511 3834 1765 3933 Aprilis
1801 3833 2182 3911 Monachus
2215 3834 2495 3911 Ordinis
2531 3837 2610 3912 S.
2647 3837 2966 3911 Benedi-

858 3954 955 4025 cti
1008 3956 1081 4035 in
1136 3952 1503 4028 Parmensi
1552 3952 1629 4027 S.
1687 3952 1970 4027 loannis
2039 3950 2538 4050 Evangelistae
2606 3954 2966 4031 Coenobio

854 4084 1377 4149 commorantes
1429 4074 1666 4171 inique
1700 4073 2002 4171 expulit,
2043 4076 2420 4173 omniaque
2457 4074 2732 4149 illorum
2773 4076 2962 4150 bona

847 4186 994 4287 ‚sibi
1046 4190 1456 4267 vindicavit.
1514 4188 1814 4268 Decreto
1867 4204 2102 4267 autem
2139 4193 2251 4265 die
2286 4194 2555 4267 decima
2593 4194 2960 4288 praeteriti
