3317 5267
857 440 1002 514 3:58

851 552 1022 627 carii
1074 549 1292 625 veluti
1333 548 1751 644 Capitularis
1788 550 2259 647 peragendum
2302 550 2645 638 obtineat,
2675 553 2797 651 qui
2828 553 2979 629 sive

852 669 942 741 ab
965 667 1322 765 Episcopo
1359 667 1968 754 Administratore,
2000 670 2147 741 sive
2178 670 2393 741 etiam
2428 694 2471 741 a
2512 670 2793 766 proprio
2831 671 2981 765 jam

852 785 1144 859 obtento
1171 784 1524 881 Episcopo
1555 797 1724 857 ante
1752 809 1996 857 eorum
2028 786 2395 859 decessum
2452 786 2853 881 specialiter
2902 790 2981 860 in

854 902 923 974 id
951 900 1168 975 fuerit
1201 902 1608 996 deputatuS,
1639 902 1749 973 sin
1788 913 2029 974 autem
2060 902 2172 975 ille
2202 903 2321 998 qui
2360 914 2681 999 tempore
2718 907 2983 993 extite-

855 1022 950 1092 rit
975 1020 1208 1115 potior
1238 1020 1307 1090 in
1329 1017 1582 1091 Vicarii
1613 1016 1975 1093 Generalis
2003 1019 2339 1093 exercitio
2369 1045 2494 1117 pro
2508 1018 2766 1095 Portus
2780 1022 2983 1097 Pacis

859 1138 1198 1215 dioecesis
1225 1138 1857 1223 administratione,
1878 1136 1985 1210 eui
2018 1138 2303 1233 quidem
2320 1136 2593 1214 Vicario
2615 1153 2983 1237 tamquam

855 1252 1238 1349 Capitulari
1295 1265 1368 1327 et
1425 1252 1737 1327 Praesuli
1773 1253 1918 1327 fere
1957 1254 2310 1328 ordinario
2344 1256 2565 1329 ceteri
2602 1258 2819 1329 ctiam
2859 1256 2985 1329 Vi·-

857 1374 1024 1447 carii
1078 1374 1444 1462 dioecesiS,
1501 1376 1560 1447 si
1615 1376 1735 1471 qui
1788 1372 2076 1459 fuerint,
2137 1374 2427 1471 subesse
2467 1388 2541 1447 et
2596 1375 2985 1472 obtempe-

858 1516 1012 1565 rare
1063 1492 1394 1579 debeant,
1453 1514 1679 1587 usque
1718 1492 1887 1563 dum
1926 1492 2155 1564 eidem
2208 1490 2568 1565 Ecclesiae
2620 1516 2985 1565 successor

859 1610 1412 1685 Administrator
1477 1610 1592 1683 vel
1655 1612 1873 1683 etiam
1938 1610 2309 1705 peculiaris
2362 1610 2752 1707 Episcopus
2806 1636 2847 1683 a
2899 1612 2979 1685 S.

861 1728 1262 1824 Apostolica
1321 1728 1501 1802 Sede
1557 1730 1693 1801 rite
1747 1728 2087 1801 suffectus
2140 1726 2377 1802 fuerit.
2418 1726 2556 1801 Pro
2592 1752 2781 1803 nunc
2820 1752 2989 1803 vero

855 1845 1302 1942 infrascripto
1357 1848 1843 1941 praesentium
1898 1846 2358 1942 Exequutore
2396 1844 2805 1943 Apostolico
2858 1871 2986 1919 ve-

857 1966 1048 2039 niam
1075 1976 1151 2037 et
1177 1976 1612 2060 potestatem
1651 1964 1983 2051 facimuS,
2024 1977 2105 2037 ut
2139 1964 2715 2040 Ecclesiasticum
2757 1966 2983 2040 virum

857 2104 1069 2179 quem
1111 2084 1416 2178 ipsemet
1455 2084 1785 2157 idoneum
1822 2084 2257 2179 dignumque
2293 2084 2648 2158 censuerit
2684 2084 2757 2155 in
2793 2080 2987 2157 Vica-

857 2200 1040 2273 rium
1109 2198 1325 2271 veluti
1398 2196 1877 2293 Capitularem
1954 2199 2253 2293 deputet
2322 2222 2483 2272 cum
2540 2198 2989 2275 facultatibus

857 2317 1267 2389 necessariis
1318 2326 1392 2388 et
1443 2318 1862 2409 opportunis
1902 2318 1973 2387 in
2027 2316 2097 2389 id
2152 2317 2465 2389 muneris
2500 2318 2589 2391 de
2624 2316 2987 2392 communi

853 2434 1010 2527 jure
1061 2434 1288 2528 deque
1341 2432 1658 2527 legitima
1714 2435 2223 2507 consuetudine
2274 2434 2843 2532 competentibus
2896 2432 2985 2505 ad

861 2570 1021 2622 eam
1085 2549 1352 2620 interea
1425 2549 2086 2621 administrandam·
2128 2552 2505 2625 dioecesim
2546 2604 2567 2639 ,
2624 2552 2845 2626 donec
2899 2548 2987 2622 ab

861 2666 1213 2762 Episcopo
1253 2664 1519 2761 Capitis
1573 2665 1855 2737 Haitani
1914 2680 2373 2765 temporaneo
2410 2669 2725 2763 ejusdem
2780 2666 2989 2739 dioe-

861 2786 1042 2859 cesis
1096 2783 1352 2858 Portus
1405 2783 1607 2857 Pacis
1649 2784 2239 2861 Administratore
2294 2787 2402 2859 vel
2458 2788 2529 2858 in
2580 2782 2987 2879 hujusmodi

861 2901 1086 2977 officio
1119 2901 1576 2976 confirmatus
1620 2902 1733 2973 vel
1768 2904 1831 2975 ei
1876 2903 2056 2975 alter
2090 2903 2521 2977 substitutus
2558 2902 2797 2986 fuerit,
2838 2900 2989 2995 lege

866 3018 1154 3115 insuper
1189 3018 1487 3105 adiecta,
1529 3029 1610 3090 ut
1648 3020 1928 3114 quoties
1966 3033 2041 3093 et
2078 3022 2299 3094 donec
2337 3018 2593 3092 Portus
2630 3016 2835 3091 Pacis
2869 3017 2993 3092 Ec-

863 3137 1149 3211 clesiam
1205 3136 1870 3232 quomodocumque
1910 3160 2159 3209 vacare
2197 3135 2597 3232 contigerit,
2652 3138 2869 3209 annui
2906 3135 2991 3207 il·-

861 3252 998 3326 lius
1049 3274 1339 3325 mensae
1394 3265 1811 3347 proventuS,
1867 3254 2205 3327 detractis
2234 3253 2477 3349 utique
2531 3251 2865 3326 oneribus
2918 3264 2991 3323 et

865 3368 954 3441 ad
1006 3368 1412 3463 hujusmodi
1451 3369 1827 3465 impendiis
1864 3370 2549 3443 administrationem
2578 3369 2989 3463 necessariis

867 3494 942 3557 et
993 3486 1376 3571 consuetiS,
1417 3486 1689 3558 interea
1726 3486 2129 3561 dividantur
2165 3488 2237 3559 in
2278 3496 2421 3559 tres
2458 3486 2787 3583 aequales
2828 3509 2995 3583 por-

869 3600 1125 3687 tioneS,
1157 3623 1455 3699 quarum
1495 3624 1635 3673 una
1678 3600 1980 3687 Vicario,
2036 3602 2136 3675 uti
2176 3600 2595 3697 praefertur,
2652 3600 2991 3675 dioecesis

868 3715 1439 3792 Administratori
1479 3717 1547 3790 in
1587 3719 1695 3791 sui
1750 3720 2203 3793 honorarium
2258 3719 2721 3815 adjudicetur,
2772 3720 2993 3793 altera

869 3849 1111 3913 autem
1164 3836 1515 3935 Episcopo
1567 3839 1957 3913 successori
1990 3840 2077 3912 ad
2114 3838 2725 3935 opportunitatem
2762 3862 2994 3912 reser-

861 3966 1094 4042 vetur,
1153 3956 1361 4029 tertia
1423 3957 1725 4053 denique
1780 3956 1891 4029 vel
1944 3958 2015 4027 in
2074 3956 2391 4051 ejusdem
2442 3954 2801 4029 Ecclesiae
2872 3980 2996 4029 ca·-

875 4071 1206 4146 tbedralis
1260 4072 1598 4147 fabricam
1653 4084 1729 4144 et
1782 4073 2188 4161 sacrarium,
2248 4072 2358 4145 vel
2414 4072 2483 4145 in
2523 4071 2998 4149 Seminarium

867 4188 1387 4278 dioecesanum,
1432 4190 1540 4263 vel
1603 4190 1676 4263 in
1742 4188 2107 4267 Paroecias
2162 4193 2415 4269 melius
2466 4192 2839 4280 dotandus,
2885 4194 2999 4267 vel

1019 4306 1040 4356 x
