3317 5267
2340 448 2483 520 5025

361 565 596 640 lorum
650 563 988 650 cultoreS,
1041 563 1438 661 impiosque
1492 573 1847 637 sectarum
1904 575 2179 638 errores
2240 561 2483 664 profli-

359 669 563 780 garet
615 703 700 756 eo
753 703 1110 767 successu,
1165 693 1246 755 ut
1299 703 1440 756 non
1495 701 1757 776 paucos
1810 683 2169 778 principes
2219 691 2297 755 et
2372 681 2487 756 in·-

365 811 650 896 gentem
707 798 1078 873 hominum
1131 799 1658 872 multitudinem
1714 799 1801 874 ad
1854 795 2115 874 Christi
2152 861 2159 872 .
2196 799 2483 897 religio-

363 939 532 990 nem
559 917 960 990 adduceret.
1002 915 1406 992 Sacerdotio
1426 917 1577 1011 jam
1616 909 1769 990 erat
1804 915 2183 992 initiandus
2208 915 2299 990 ab
2326 917 2481 1013 epi·-

359 1059 582 1133 scopo
619 1034 660 1109 J
665 1036 956 1132 aponiae
1011 1035 1226 1110 Petro
1275 1035 1619 1109 Mai-tinet
1673 1034 2047 1110 Societatis
2099 1035 2299 1124 Jesu,
2356 1035 2480 1110 sed

358 1166 609 1229 exorta
664 1154 1158 1250 persecutione
1209 1153 1414 1230 fortis
1459 1164 1532 1226 et
1584 1152 1815 1226 alacer
1850 1175 1927 1226 se
1982 1153 2215 1249 ipsum
2252 1152 2479 1228 obtu-

366 1273 448 1346 lit
502 1274 864 1348 victimam
921 1275 1398 1372 omnipotenti
1452 1269 1600 1349 Deo
1653 1274 1727 1345 in
1780 1273 1981 1346 altari
2032 1275 2289 1348 crucis.

517 1391 580 1486 S.
647 1397 715 1467 6.
773 1392 1084 1470 Joannes
1139 1394 1326 1468 Soan
1365 1403 1574 1466 natus
1629 1393 1701 1466 in
1757 1391 1983 1466 insula
2010 1390 2222 1479 Goto,
2264 1415 2303 1466 a
2340 1415 2481 1491 qua

361 1509 580 1584 etiam
638 1509 992 1584 abnomen
1049 1511 1296 1597 traxit,
1350 1533 1390 1582 a
1445 1510 1848 1585 christianis
1901 1508 2313 1607 parentibus
2392 1511 2479 1586 ad

359 1631 702 1727 pietatem
741 1630 1109 1716 educatus,
1166 1629 1377 1703 simul
1430 1653 1512 1703 ac
1576 1652 1705 1725 per
1766 1639 2073 1702 aetatem
2136 1629 2339 1702 licuit
2408 1629 2479 1703 in

357 1747 600 1823 schola
653 1761 938 1845 patrum
977 1747 1362 1822 Societatis
1391 1745 1562 1821 Jesu
1591 1757 1819 1822 totam
1858 1747 2286 1821 christianae
2318 1746 2477 1820 fidei

355 1887 442 1938 ac
489 1865 900 1961 disciplinae
951 1867 1300 1940 rationem
1353 1887 1438 1940 ea
1493 1865 1833 1940 facilitate
1886 1887 1969 1939 ae
2048 1864 2479 1938 dexteritate

354 1984 698 2081 percepit,
751 1995 832 2058 ut
871 1984 1168 2059 idoneus
1193 1983 1412 2058 fuerit
1441 1985 1798 2082 judicatus
1836 1985 1957 2080 qni
1992 1984 2169 2061 alios
2222 1985 2471 2059 eadem

353 2101 792 2197 perdoceret,
849 2113 924 2176 et
985 2101 1284 2177 solemni
1335 2103 1478 2176 ritu
1533 2103 1606 2174 in
1657 2102 2071 2199 <logicorum
2150 2123 2277 2176 seu
2354 2123 2478 2176 ca·-

351 2217 814 2292 techistarum
871 2239 1250 2293 numerum
1303 2228 1416 2292 est
1451 2217 1741 2292 relatus.
1798 2215 1946 2293 Hoc
2000 2239 2295 2292 munere
2356 2242 2477 2293 or·-

279 2393 288 2400 .
339 2345 568 2410 natus
621 2336 1026 2410 adolescens
1078 2355 1426 2410 annorum
1479 2336 1974 2410 novemdecim
2027 2347 2104 2409 et
2180 2337 2473 2433 integris

347 2451 668 2525 moribus
721 2454 1142 2550 conspicuus
1179 2454 1624 2550 superiorum
1652 2452 1858 2550 jussu
1894 2452 2199 2528 Ozacam
2234 2455 2469 2551 petiit,

343 2583 432 2643 ut
481 2583 758 2666 patrem
817 2570 1170 2647 Ioannem
1223 2573 1312 2647 de
1363 2570 1694 2648 Morecon
1751 2571 2121 2670 adjuvaret
2156 2595 2239 2648 ac
2292 2597 2473 2650 neo-

347 2685 588 2783 phitos
641 2687 980 2776 erudiret,
1035 2689 1223 2788 quod
1275 2691 1556 2787 egregie
1611 2692 1993 2787 praestitit,
2048 2693 2273 2768 donec
2307 2714 2471 2767 oum

339 2803 624 2879 duobus
676 2805 886 2880 sociis
939 2829 1219 2881 carcere
1273 2809 1721 2904 mancipatus
1748 2819 2157 2883 sanctorum
2196 2823 2473 2908 marty-

347 2945 508 2996 rum
564 2945 940 3016 numerum
997 2925 1222 2997 auxit.
1281 2922 1576 2999 Poterat
1625 2947 1703 2998 se
1757 2925 2069 3020 periculo
2122 2949 2205 3000 ac
2258 2929 2472 3002 morti

343 3039 762 3130 subducere,
819 3043 942 3117 sed
996 3041 1398 3129 Societatis,
1439 3063 1654 3139 quam
1710 3042 1979 3116 dudum
2022 3044 2091 3116 in
2122 3045 2311 3118 votis
2334 3044 2469 3118 ha·-

343 3159 586 3247 bebat,
639 3160 1000 3236 fortunam
1054 3159 1218 3234 licet
1245 3180 1536 3258 gravem
1571 3171 1650 3234 et
1688 3181 2017 3256 asperam
2047 3161 2285 3238 subire
2312 3187 2472 3236 ma-

343 3277 499 3352 luit.
532 3275 722 3376 Ergo
747 3291 1128 3353 convasata
1181 3278 1506 3352 celeriter
1557 3291 1630 3351 et
1684 3278 1757 3350 in
1796 3289 1953 3354 tuto
2003 3282 2309 3377 reposita
2353 3303 2467 3356 sa-

346 3397 580 3484 crarii,
609 3396 810 3494 cujus
843 3395 1130 3492 gerebat
1182 3418 1451 3482 curam,
1482 3394 1996 3492 suppellectile,
2030 3397 2221 3473 ultro
2254 3421 2468 3473 suum

343 3535 606 3588 nomen
661 3513 732 3586 in
787 3513 1320 3609 proscriptionis
1374 3510 1693 3585 tabulam
1728 3510 2176 3589 referendum
2216 3516 2461 3603 edidit,

345 3655 431 3706 ac
481 3631 728 3706 statim
779 3641 1149 3728 sequestro
1201 3655 1284 3706 ac
1341 3633 1730 3727 interprete
1786 3630 2015 3708 Paulo.
2057 3633 2225 3708 Miki
2276 3635 2469 3733 flagi-

349 3749 529 3822 tavit
581 3772 622 3822 a
673 3747 1000 3823 Patribus
1030 3801 1051 3835 ,
1133 3760 1218 3824 ut
1267 3750 1338 3822 in
1419 3749 1849 3824 Societatem
1922 3753 2201 3824 emissis
2280 3753 2465 3843 votis

340 3879 820 3965 cooptaretur,
885 3867 1094 3966 idque
1139 3869 1382 3964 paucis
1418 3868 1668 3943 diebus
1712 3869 2151 3966 interpositis
2186 3893 2465 3945 summa

339 3987 558 4059 animi
611 3986 974 4062 alacritate
1027 3999 1140 4062 est
1193 3998 1709 4084 consequutus.

495 4103 560 4199 g.
621 4107 690 4176 7.
751 4101 1056 4179 Iacobus
1108 4101 1294 4180 Kisai
1357 4125 1625 4178 annum
1686 4102 2094 4180 confecerat
2126 4117 2460 4203 quartum

341 4241 554 4316 supra
605 4221 1126 4319 sexagesimum
1179 4244 1344 4297 cum
1397 4221 1484 4296 ad
1538 4220 1859 4296 eamdem
1932 4223 2251 4320 martyrii
2305 4223 2460 4322 glo-
