3317 5267
2346 453 2497 529 649

361 567 728 657 confecta,
783 579 858 642 et
909 593 950 642 a
1002 566 1256 642 Nostra
1307 565 1681 642 Sacrorum
1738 565 2033 642 Rituum
2088 567 2505 668 congrega—

361 687 552 762 tione
605 683 1005 782 approbata
1037 735 1058 771 ,
1116 695 1190 757 et
1245 681 1646 758 Romanum
1704 683 1918 756 etiam
1970 682 2253 760 Missalc
2330 688 2505 762 ado-

363 817 590 902 ptare.
653 802 1118 879 concedimus
1163 813 1405 876 autem
1461 813 1536 876 et
1587 801 2055 899 indulgemuS,
2096 817 2179 880 ut
2212 807 2503 904 antiqua

361 922 853 1020 Lugdunensis
907 921 1268 996 Ecclesiae
1321 919 1638 1026 Liturgia
1688 921 1779 994 ab
1834 923 2161 998 omnibus
2225 947 2503 1001 memo-

364 1043 538 1114 ratis
590 1039 1028 1114 novitatibus
1077 1037 1456 1113 emendata
1511 1039 1597 1112 ad
1652 1041 1942 1115 medum
2019 1054 2095 1116 et
2144 1041 2447 1118 formam
2477 1095 2498 1131 ,

235 1167 242 1176 ‘
367 1181 550 1255 quae
605 1156 696 1230 ab
749 1158 994 1232 eadem
1050 1155 1306 1230 Nostra
1357 1155 1729 1230 Sacrorum
1814 1155 2109 1231 Rituum
2190 1157 2509 1256 Congre-

365 1275 654 1371 gatione
707 1271 851 1348 fuit
902 1273 1173 1347 sancita
1205 1325 1224 1360 ,
1279 1269 1540 1345 futuris
1592 1295 1875 1368 quoque
1927 1274 2366 1372 temporibus
2416 1274 2505 1347 li-

369 1389 512 1464 cite
576 1410 659 1462 ae
711 1387 934 1462 libere
987 1388 1216 1485 possit
1267 1387 1561 1462 servari.
1620 1386 1809 1462 Nihil
1862 1412 2031 1464 vero
2066 1389 2500 1480 dubitamuS,

362 1504 634 1581 Dilecte
695 1505 830 1586 Fili
881 1504 1173 1604 Noster,
1201 1507 1372 1604 quin
1423 1506 1618 1582 omni
1672 1529 1841 1580 cura
1892 1509 2269 1606 studioque
2320 1510 2503 1585 hanc

367 1623 701 1700 Nostram
759 1623 1206 1700 voluntatem
1259 1625 1556 1722 exsequi
1611 1623 1951 1720 glorieriS,
2004 1651 2089 1702 ac
2140 1627 2351 1701 simul
2396 1626 2507 1702 ef·-

361 1741 578 1829 flcias‚
625 1754 709 1815 ut
763 1763 1010 1818 omnes
1041 1792 1063 1828 ,
1121 1743 1208 1815 ad
1265 1765 1447 1838 quos
1503 1753 1780 1838 spectat
1810 1795 1830 1830 ,
1887 1759 1961 1816 et
2012 1745 2084 1816 in
2140 1757 2500 1840 posterum

359 1859 900 1958 quomodolibet
950 1859 1331 1957 spectabit,
1389 1861 1622 1936 eidem
1676 1860 1975 1937 Nostrae
2024 1863 2379 1936 voluntati
2430 1851 2506 1938 et

367 1972 813 2075 praescripto
865 1977 1238 2074 diligenter
1287 1977 1811 2074 obtemperent.
1857 1977 2091 2077 Atque
2120 1981 2349 2054 etiam·
2388 1980 2509 2054 fu·-

365 2107 602 2168 turum
657 2093 1102 2182 confidimuS‚
1155 2106 1240 2169 ut
1279 2147 1300 2181 ,
1358 2093 1505 2169 Deo
1559 2094 1947 2170 auxiliante
1975 2148 1998 2182 ,
2050 2096 2099 2169 ii
2151 2091 2501 2184 Par-ochi,

362 2211 486 2306 qui
536 2209 786 2297 Nobis,
845 2209 1144 2308 Tibique
1197 2214 1554 2300 moerori,
1609 2223 1689 2286 et
1748 2211 1953 2286 bonis
2008 2211 2339 2288 omnibus
2393 2206 2507 2289 ofass

363 2327 664 2402 fensioni
715 2328 1029 2418 fuerunt,
1084 2330 1526 2426 resipiscant,
1583 2329 2065 2427 acquiescant,
2122 2344 2198 2404 et
2250 2331 2501 2428 optimi

364 2443 548 2520 Cleri
599 2443 942 2520 Gallicani
995 2447 1370 2520 imitentur
1393 2445 1884 2542 exemplum,
1968 2447 2125 2546 qui'
2170 2447 2507 2544 singulari

273 2659 278 2662 Ι
362 2559 550 2652 Nos,¹
589 2574 664 2636 et
714 2563 896 2639 hanc
949 2561 1426 2660 Apostolicam
1479 2560 1739 2637 Sedem
1796 2585 2041 2638 amore
2063 2615 2085 2651 ,
2140 2563 2504 2661 obsequio,

374 2692 452 2752 et
503 2680 898 2756 obedientia
953 2680 1312 2776 prosequi,
1370 2692 1446 2753 et
1494 2673 1799 2776 egregiis
1853 2679 2061 2756 factis
2114 2681 2217 2755 de'
2258 2681 2501 2772 Nobis,

367 2809 582 2894 atque
633 2799 722 2872 de
773 2795 1022 2874 eadem
1077 2795 1256 2873 Sede
1309 2799 1721 2894 asperrimis
1788 2795 1995 2872 ‘hisee
2062 2799 2503 2896 temporibus

365 2915 636 3012 optime
671 2916 927 2989 mereri
967 2935 1422 3011 summopere
1449 2915 1785 2988 laetatur.
1826 2911 2147 3012 Denique
2182 2905 2506 2991 omnium

365 3029 782 3106 caelestium
835 3051 1224 3106 munerum
1269 3031 1630 3128 auspicem
1666 3082 1687 3116 ,
1744 3041 1819 3102 et
1866 3031 2287 3127 praecipuae
2336 3031 2506 3108 No*-

367 3159 558 3222 strae
589 3149 682 3252 ‘in
739 3147 840 3223 Te
892 3146 1426 3221 benevolentiae
1463 3147 1723 3244 pignus
1756 3147 2239 3243 Apostolicam
2276 3143 2509 3223 Bene-

381 3264 767 3340 dictionem
821 3266 1074 3340 intimo
1127 3265 1354 3339 cordis
1433 3263 1692 3340 affectu
1769 3263 1923 3339 Tibi
1978 3265 2163 3362 ipsi,
2241 3263 2509 3356 Dilecto

369 3379 502 3454 Fili
555 3381 835 3467 Noster,
878 3395 953 3457 et
987 3382 1180 3479 gregi
1233 3381 1430 3456 Tuae
1468 3383 1873 3478 vigilantiae
1902 3383 2505 3482 concredito'per-

371 3511 700 3574 amanter
751 3500 1227 3596 impertimus.
1908 3521 1917 3534 ¹
2030 3498 2036 3506 '
2246 3502 2290 3534 ·'

365 3653 374 3669 ·
525 3617 786 3697 Datum
841 3619 1112 3693 Romae
1165 3619 1350 3716 apud
1401 3619 1475 3693 S.
1565 3618 1855 3694 Petrum
1936 3621 2049 3694 die
2131 3625 2217 3693 17
2273 3617 2507 3693 Martii

374 3734 580 3810 Anno
642 3741 862 3810 ¹864.
1950 3733 1961 3744 ’
2289 3735 2297 3741 ’

526 3850 980 3929 Pontificatus
1033 3855 1268 3930 Nostri
1319 3879 1505 3933 anno
1557 3855 2065 3933 decimoctavo.
