3317 5267
1133 532 1774 627 ALLOCVTIO
2346 424 2478 495 45¹

695 884 902 965 mim
930 916 994 963 m
1022 914 1396 963 cousisromo
1426 915 1523 963 mn
1552 914 1615 961 ix
1652 915 1804 964 mm
1829 914 2162 965 nncccun.

1087 1132 1479 1180 nunnius
1520 1130 1770 1179 nunus

367 1387 751 1549 Maxima
798 1474 1084 1571 quidem
1139 1469 1407 1547 laetitia
1459 1472 1694 1549 affecti
1748 1471 2038 1561 fuimus,
2099 1466 2484 1549 Venerabi-

360 1588 469 1664 les
496 1588 803 1676 Fratre&
844 1612 1011 1664 cum
1054 1590 1479 1665 Sanctorum
1530 1592 1836 1666 honores
1873 1602 1948 1665 et
1973 1590 2273 1678 cultum,
2331 1590 2482 1667 Deo

362 1706 545 1783 bene
598 1708 915 1796 iuvante,
970 1720 1247 1805 septem
1304 1720 1379 1782 et
1432 1709 1690 1805 viginti
1763 1708 2248 1783 invictissimis
2299 1708 2486 1783 divi-

364 1850 499 1901 nae
547 1836 833 1901 nostrae
886 1826 1239 1923 religionis
1281 1825 1612 1901 heroibus
1665 1825 2004 1903 hesterno
2039 1826 2154 1931 die
2236 1826 2484 1899 decer-

364 1966 533 2017 nere
585 1941 1050 2039 potuerimus,
1107 1940 1323 2017 Vobis
1374 1943 1581 2017 lateri
1636 1943 1897 2018 Nostro
1978 1942 2426 2017 adstantibus
2457 1994 2482 2031 ,

361 2042 815 2155 qui'egregia
866 2060 1132 2155 pietate
1182 2082 1265 2133 ac
1319 2060 1587 2134 virtute
1640 2061 1970 2158 praediti,
2045 2072 2120 2134 et
2177 2061 2249 2133 in
2287 2059 2482 2135 solli-

362 2176 693 2253 citudinis
746 2176 1043 2253 Nostrae
1096 2188 1373 2274 partem
1428 2203 1601 2254 voca
1614 2183 1666 2253 ti
1719 2181 1790 2252 in
1846 2179 1978 2253 hac
2036 2190 2236 2253 tanta
2290 2191 2484 2253 tem-

360 2318 613 2392 porum
650 2296 1037 2391 asperitate
1071 2307 1359 2371 strenue
1400 2297 1820 2371 dimicantes
1851 2322 1978 2394 pro
2013 2293 2240 2373 Domo
2269 2296 2480 2369 lsrael

358 2434 642 2487 summo
694 2410 913 2485 Nobis
970 2412 1221 2488 solatio
1276 2423 1351 2486 et
1402 2412 1864 2489 consolationi
1921 2416 2120 2487 estis.
2181 2412 2474 2486 Utinam

358 2554 530 2606 vero
618 2532 791 2606 dum
855 2532 1259 2607 huiusmodi
1349 2530 1840 2628 perfundimur
1929 2533 2212 2631 gaudio,
2285 2533 2477 2607 nulla

358 2652 725 2737 moeroriS,
782 2650 1161 2748 luctusque
1212 2674 1425 2725 causa
1480 2651 1623 2727 Nos
1679 2653 1958 2727 aliunde
1994 2654 2472 2728 contristaret.

346 2767 501 2843 Non
552 2792 933 2867 possumus
973 2771 1165 2845 enim
1202 2794 1343 2847 non
1384 2770 1850 2847 vehementer
1883 2772 2120 2846 dolere
2156 2783 2230 2845 et
2283 2770 2472 2868 angi,

358 2912 521 2963 cum
578 2890 943 2964 videamus
993 2891 1425 2975 tristissima,
1480 2904 1557 2964 et
1606 2914 1974 2989 nunquam
2015 2893 2187 2965 satis
2223 2891 2474 2987 deplo—

356 3008 573 3081 randa
628 3004 811 3079 mala
864 3030 945 3081 ac
994 3007 1282 3095 damna,
1338 3007 1595 3104 quibus
1648 3031 1814 3082 cum
1870 3032 2254 3105 permagno
2323 3008 2481 3081 ani-

356 3144 633 3198 marum
686 3123 1121 3198 detrimento
1173 3122 1521 3197 catholica
1573 3148 1764 3225 nunc
1800 3124 2141 3211 Ecclesia,
2198 3138 2274 3199 et
2326 3126 2477 3221 ipsa

358 3238 583 3314 civilis
634 3241 937 3314 societas
992 3238 1469 3313 miserandum
1525 3240 1599 3311 in
1652 3240 1946 3315 modum
1998 3243 2344 3338 premitur
2395 3266 2478 3317 ae

354 3358 757 3432 divexatur.
810 3354 1099 3452 Optime
1150 3358 1341 3431 enim
1392 3358 1714 3446 noscitis,
1769 3357 2218 3433 venerabiles
2298 3360 2474 3435 Fra-

356 3486 527 3562 tres,
582 3474 1035 3550 teterrimum
1070 3499 1239 3549 sane
1273 3476 1537 3551 bellum
1573 3486 1820 3551 contra
1861 3500 2014 3550 rem
2045 3479 2478 3554 catholicam

354 3594 759 3669 universam
814 3592 903 3667 ab
956 3593 1041 3667 iis
1094 3595 1499 3671 hominihus
1552 3595 1972 3683 conflatum,
2025 3598 2150 3694 qui
2203 3598 2476 3672 inimici

354 3710 599 3787 Crucis
652 3710 917 3787 Christi
970 3736 1218 3787 sanam
1283 3738 1427 3788 non
1506 3716 1946 3789 sustinentes
2025 3716 2422 3791 doctrinam
2452 3766 2478 3803 ,

358 3852 439 3903 ac
488 3828 755 3903 nefaria
810 3830 997 3903 inter
1045 3854 1121 3905 se
1174 3832 1511 3907 societate
1566 3832 1928 3908 coniuncti
1981 3854 2471 3929 quaecumque

352 3946 709 4044 ignorant,
764 3946 1292 4044 blasphemant,
1347 3973 1431 4023 ac
1484 3950 1723 4046 pravis
1778 3950 2118 4047 cuiusque
2197 3950 2474 4045 generis

353 4064 623 4138 artibus
674 4067 1169 4139 sanctissimae
1224 4078 1507 4141 nostrae
1563 4068 1952 4164 religionis,
1997 4078 2073 4141 et
2123 4068 2478 4143 humanae

344 4184 707 4259 societatis
760 4183 1220 4259 fundamenta
1250 4183 1710 4274 labefactare,
1743 4187 1994 4274 immo,
2035 4186 2096 4261 si
2133 4186 2282 4261 fieri
2335 4211 2472 4261 un-

346 4324 564 4397 quam
618 4310 883 4399 posset,
940 4302 1233 4399 penitus
1286 4315 1635 4395 evertere,
1681 4305 2145 4401 omniumque
2200 4306 2476 4381 animos
