3317 5267
2322 416 2465 488 609

343 540 850 632 pervagantem
901 528 1248 602 baeresim
1302 525 1757 604 debellarent.
1814 525 1969 617 Quo
2026 553 2191 604 vero
2242 531 2463 606 advo-

345 651 490 726 lare
543 653 694 748 ipse
747 647 1110 747 nequibat,
1165 646 1334 720 illud
1385 645 1897 720 ecclesiasticos
1950 646 2280 720 mittebat
2344 649 2463 720 vi-

347 792 490 856 ros,
545 791 714 842 suae
765 765 1130 842 charitatis
1165 764 1662 849 aemulatoreS,
1698 763 1918 859 quiin
1950 766 2310 862 purgando
2336 790 2467 840 ex·-

347 885 780 982 colendoque
833 905 1002 980 agro
1053 879 1336 958 Domini
1389 880 1654 954 utiliter
1704 880 2136 954 insudarent.
2224 881 2278 954 A
2332 879 2470 958 Le-

347 1004 532 1100 gatis
587 999 968 1080 Pontificiis
1017 1010 1390 1076 revocatus
1443 1000 1513 1072 in
1569 996 1963 1074 Concilium
2013 997 2147 1074 fuit
2174 1053 2195 1088 ,
2270 1023 2471 1076 suam

345 1131 428 1194 ut
477 1120 852 1194 scientiam
905 1127 982 1194 et
1032 1139 1320 1215 operam
1375 1117 1548 1192 satis
1603 1118 1741 1190 iam
1796 1115 2167 1213 probatam
2224 1130 2299 1192 et
2346 1145 2471 1195 co-

343 1237 616 1334 gnitam
679 1238 750 1310 in
805 1237 906 1310 rei
959 1235 1344 1310 catholicae
1381 1233 1771 1308 subsidium
1798 1235 2263 1330 impenderet.
2303 1235 2472 1311 Plu-

341 1375 456 1428 res
509 1375 770 1451 easque
821 1353 1308 1450 gravissimas,
1363 1374 1407 1424 a
1465 1349 1803 1427 Romanis
1838 1349 2295 1429 Pontificibus
2332 1353 2475 1432 De-

347 1470 744 1546 cessoribus
799 1469 1082 1546 Nostris
1137 1467 1526 1565 legationes
1605 1469 1875 1565 accepit
1912 1521 1935 1558 ,
2014 1471 2277 1570 quippe
2354 1475 2477 1573 qui

349 1609 630 1662 summa
685 1588 871 1685 apud
925 1609 1046 1662 eos
1096 1585 1392 1661 florebat
1441 1584 1771 1680 opinione
1805 1587 2165 1663 doctrinae
2202 1600 2277 1664 et
2308 1613 2477 1664 san-

347 1707 641 1782 ctitatis.
701 1707 762 1780 A
813 1704 1032 1781 Paulo
1084 1704 1179 1780 lv
1233 1705 1494 1779 missus
1547 1705 1618 1776 in
1674 1703 2039 1780 Poloniam
2064 1719 2203 1796 est,
2242 1721 2325 1783 ut
2356 1733 2475 1786 re-

344 1823 678 1921 ligionem
731 1825 829 1900 ibi
882 1826 954 1899 in
1008 1825 1390 1901 discrimen
1444 1825 1819 1900 adductam
1856 1827 2183 1923 erigeret,
2214 1851 2480 1903 recrea·

350 1953 506 2017 ret:
564 1966 606 2016 a
659 1941 789 2018 Pio
842 1941 937 2016 IV
991 1953 1266 2017 creatus
1319 1940 1634 2038 Legatus
1686 1953 1797 2016 est
1848 1943 1932 2018 ad
1984 1941 2373 2042 Episcopos
2402 1958 2477 2020 et

347 2057 710 2157 Principes
764 2058 1212 2147 Germaniae,
1269 2060 1578 2155 graviter
1631 2058 1817 2155 apud
1869 2058 2025 2134 illos
2054 2073 2369 2152 acturus,
2396 2077 2479 2140 ut

349 2177 842 2272 exciperentur
869 2229 892 2263 ,
948 2188 1022 2250 et
1075 2176 1697 2272 promulgarentur
1746 2173 2033 2250 Concilii
2090 2177 2479 2255 Tridentini

348 2288 646 2366 Decreta
697 2294 786 2368 ad
838 2291 1264 2368 fulciendam
1317 2291 1560 2380 fidem,
1601 2293 1689 2366 ad
1742 2294 2249 2369 emendandam
2308 2321 2481 2374 mo·-

348 2431 508 2484 rum
562 2410 1027 2509 disciplinam:
1085 2411 1390 2507 denique
1439 2433 1479 2482 a
1533 2407 1868 2506 Gregorio
1921 2407 2079 2483 Xlll
2134 2413 2205 2484 in
2259 2415 2481 2512 pluri-

351 2524 484 2602 bus
536 2537 749 2624 atque
801 2527 1362 2624 impeditissimis
1415 2523 1775 2601 Ecclesiae
1826 2530 2126 2625 negotiis
2186 2531 2481 2606 adhibi-

355 2654 496 2731 tus,
550 2646 786 2719 omnia
814 2669 904 2720 ex
933 2643 1292 2720 Pontificis
1315 2644 1702 2732 sententia,
1742 2645 1985 2718 multis
2020 2651 2369 2744 superatis
2404 2663 2481 2725 et

353 2762 878 2842 difficultatibus
930 2777 1007 2838 et
1059 2765 1414 2861 periculis,
1471 2762 1771 2839 feliciter
1819 2766 2131 2860 expediit
2169 2790 2195 2856 3
2274 2769 2482 2843 nullis

354 2880 544 2954 enim
599 2901 826 2979 neque
877 2881 1240 2966 conviciis,
1295 2903 1527 2977 neque
1578 2881 1823 2968 minis,
1879 2904 2106 2978 neque
2160 2883 2307 2979 ipsa
2362 2909 2485 2959 ca-

358 2997 526 3092 pitis
577 2997 1034 3072 dimicatione
1085 2995 1438 3094 prohiberi
1491 3017 1834 3094 umquam
1888 2977 2152 3092 potuit,
2188 3002 2359 3096 quin
2396 3003 2483 3075 ad

358 3114 764 3212 religionem
807 3167 830 3203 ,
884 3138 1068 3215 quae
1123 3114 1511 3212 perfidiosis
1580 3112 2138 3190 protestantium
2214 3117 2484 3192 artibus

355 3233 670 3305 maxime
725 3232 1104 3319 laboraret,
1169 3231 1702 3318 sublevandam,
1760 3253 2007 3306 omnes
2060 3232 2275 3306 animi
2330 3258 2488 3309 cor-

359 3347 688 3448 porisque
743 3351 926 3424 vires
953 3351 1376 3424 intenderet.
1419 3348 1566 3422 lam
1595 3348 1841 3422 multis
1878 3349 2237 3424 districtus
2273 3352 2483 3439 curis,

361 3465 532 3540 nihil
567 3477 650 3540 ut
683 3468 836 3555 otii,
905 3469 1093 3542 nulla
1139 3481 1216 3542 ut
1271 3467 1538 3564 reliqua
1571 3467 1669 3539 illi
1707 3465 1891 3540 foret
1940 3468 2277 3562 particula
2318 3469 2493 3542 sub-

363 3586 576 3662 secivi
621 3589 990 3684 temporis,
1063 3609 1390 3684 magnam
1447 3587 1677 3660 noctis
1729 3597 2003 3681 partem
2058 3590 2489 3660 necessariae

361 3704 584 3800 quieti
633 3705 1062 3781 subtrahens
1117 3705 1506 3803 precationi
1561 3704 1805 3791 dabat,
1860 3717 2073 3802 atque
2126 3705 2199 3776 in
2252 3727 2487 3777 rerum

359 3820 772 3898 coelestium
833 3822 1292 3898 meditatione
1353 3821 1624 3896 defixus
1678 3833 1957 3894 tantam
2007 3819 2329 3916 capiebat
2378 3822 2492 3893 iu·-

357 3940 822 4028 cunditatem,
875 3953 959 4016 ut
1013 3941 1158 4014 vim
1211 3941 1693 4038 lacrymarum
1744 3940 2161 4038 plerumque
2196 3938 2493 4035 profun-

363 4058 588 4132 deret.
645 4055 1092 4157 Quamquam
1144 4082 1186 4132 a
1235 4059 1550 4134 Summis
1614 4057 2095 4144 Pontificibus,
2161 4069 2373 4154 atque
2446 4079 2487 4131 a

369 4175 536 4248 viris
587 4175 932 4272 dignitate
979 4201 1060 4252 ac
1117 4178 1376 4250 virtute
1427 4175 1854 4272 conspicuis,
1912 4177 1979 4248 in
2021 4174 2411 4274 primisque
2446 4197 2489 4250 a
