3317 5267
1629 404 1636 411 .
2316 343 2465 415 229

323 454 598 531 moveri
645 463 724 529 et
767 453 958 550 angi,
1009 474 1092 529 ac
1143 454 1250 529 uti
1301 452 1558 529 Nostra
1593 476 1745 533 non
1782 464 2117 551 reputare
2152 456 2471 533 maxima

323 572 582 647 damna
631 585 708 649 et
753 572 938 648 mala
989 570 1074 649 iis
1127 573 1455 671 nequiter
1505 570 1703 649 illata
1734 574 1857 669 qui
1896 572 2465 669 persecutionem

317 686 686 783 patiuntur
741 698 1034 787 propter
1091 686 1461 765 iustitiam.
1538 684 1887 777 Quocirca
1960 688 2133 767 dum
2208 687 2469 768 intimo

320 824 648 881 moerore
695 788 1135 891 conficimur,
1175 798 1550 902 Deumque
1583 802 2065 894 obsecramus,
2120 805 2461 902 gravissi-

323 942 526 997 mum
575 924 892 1022 supremi
941 922 1180 1003 Nostri
1233 922 1693 1022 Apostolatus
1758 944 2021 999 munus
2080 923 2465 1020 implemus

322 1035 682 1136 loquendi,
737 1041 1032 1121 docendi
1101 1051 1180 1115 et
1249 1041 1635 1121 damnandi
1708 1060 2198 1138 quaecumque
2268 1038 2461 1119 Deus

323 1154 644 1257 Eiusque
697 1158 1014 1239 Ecclesia
1035 1162 1246 1241 docet
1279 1172 1354 1237 et
1387 1162 1711 1248 damnat,
1740 1170 1824 1239 ut
1858 1160 1963 1237 ita
1993 1181 2279 1242 cursum
2313 1158 2463 1241 No·-

321 1286 552 1353 strum
600 1304 1218 1369 consummemus.
1247 1291 1323 1357 et
1345 1280 1827 1359 ministerium
1858 1278 2085 1367 verbi,
2112 1279 2305 1376 quod
2338 1302 2461 1357 ao·-

319 1400 642 1496 cepimus
689 1424 736 1478 a
787 1400 1097 1479 Domino
1148 1400 1340 1490 lesu,
1393 1402 1755 1479 testificari
1790 1398 2261 1499 Evangelium
2292 1422 2457 1497 gra·-

320 1515 464 1591 tiae
513 1514 670 1593 Dei.

470 1634 724 1735 Itaque
769 1638 830 1711 si
882 1637 1142 1713 iniusta
1180 1662 1222 1713 a
1257 1637 1476 1714 Nohin
1506 1648 1871 1735 petantur,
1908 1645 2269 1734 praestaro
2308 1658 2451 1713 nou

311 1772 718 1847 possumus:
757 1754 818 1829 si
855 1778 1026 1831 vero
1061 1756 1461 1853 poenitetur
1491 1757 1733 1842 venia,
1768 1755 1963 1831 illam
1998 1753 2186 1833 ultro
2220 1750 2455 1830 liben—

309 1876 587 1966 terque,
641 1873 746 1946 uti
781 1895 1009 1969 nuper
1039 1871 1584 1961 declaravimus,
1622 1874 2141 1969 impertiemur.
2186 1866 2285 1946 Ut
2319 1892 2451 1949 au*

309 1992 462 2057 tem
495 1985 784 2063 huiusce
819 1988 1070 2063 veniae
1109 1987 1412 2064 verbum
1449 2012 1534 2063 eo
1569 1988 2011 2086 proferamus
2050 1986 2295 2073 modo,
2330 1985 2455 2081 qui

307 2096 714 2176 Pontificiae
765 2101 1064 2178 Nostrae
1098 2105 1468 2201 dignitatis
1503 2105 1959 2179 sanctitatem
1995 2104 2287 2179 omnino
2323 2102 2449 2176 de-

307 2227 448 2306 cet,
503 2217 851 2293 flectimus
903 2232 1070 2294 ante
1122 2218 1352 2294 Deum
1403 2243 1658 2317 genua,
1716 2231 1791 2294 et
1842 2219 2269 2317 triumphale
2319 2241 2453 2293 no-

307 2344 496 2409 strae
549 2336 1054 2434 redemptionis
1105 2337 1616 2433 amplectentes
1668 2337 2033 2425 vexillum,
2087 2334 2449 2411 Christum

309 2450 546 2527 Iesum
597 2454 994 2529 humillime
1047 2456 1535 2551 deprecamur,
1587 2468 1671 2531 ut
1706 2456 1847 2532 Nos
1885 2456 2133 2531 eadem
2168 2479 2295 2530 sua
2334 2478 2451 2529 re-

265 2568 500 2665 ‘pieat
551 2573 875 2659 caritate,
932 2583 1016 2646 ut
1068 2596 1154 2648 eo
1203 2597 1494 2670 prorsus
1547 2574 1759 2651 modo
1808 2576 2256 2672 ignoscamus
2307 2597 2450 2671 quo

309 2682 464 2781 lpse
513 2687 662 2761 suis
713 2689 1031 2786 pepercit
1080 2690 1416 2776 inimicis,
1474 2703 1860 2787 antequam
1916 2692 2445 2765 sanctissimum

303 2828 514 2880 suum
567 2807 895 2903 spiritum
947 2808 1020 2881 in
1073 2810 1346 2883 aeterni
1383 2807 1615 2883 Patris
1653 2808 1777 2883 Sui
1815 2809 2126 2883 traderet
2160 2831 2439 2882 manus.

304 2921 538 3022 Atque
589 2923 680 2998 ab
729 2924 894 3023 l'pso
948 2927 1472 3022 impensissime
1522 2926 2002 3022 exposcimus,
2057 2937 2139 3001 ut
2189 2946 2449 3024 quem-

302 3042 684 3117 admodum
733 3054 900 3140 post
951 3044 1234 3117 veniam
1289 3042 1380 3117 ab
1413 3042 1521 3119 Eo
1561 3043 1929 3132 tributam,
1970 3045 2157 3117 inter
2190 3044 2447 3117 densas

301 3160 656 3249 tenebras,
711 3161 968 3259 quibus
1020 3162 1349 3235 universa
1408 3171 1596 3234 terra
1645 3160 1784 3234 fnit
1836 3161 2165 3249 obducta,
2204 3161 2447 3234 inimi-

300 3303 544 3355 corum
573 3302 864 3355 suorum
895 3292 1174 3354 mentes
1204 3280 1608 3367 illustravit,
1637 3282 1759 3378 qui
1796 3280 2125 3355 horrendi
2180 3278 2447 3355 facino-

299 3400 396 3473 ris
423 3399 872 3496 poenitentes
899 3397 1441 3471 revertebantur
1468 3399 1945 3495 percutientes
1974 3411 2261 3496 pectora
2287 3422 2443 3486 sua,

297 3516 398 3589 ita
449 3515 522 3588 in
572 3514 708 3589 hac
761 3525 962 3587 tanta
1014 3525 1296 3589 nostrae
1333 3516 1589 3587 aetatis
1617 3515 1911 3613 caligine
1964 3515 2137 3589 velit
2186 3539 2277 3589 ex
2333 3517 2447 3589 in-

295 3630 664 3706 exhaustis
715 3630 1024 3705 infinitae
1061 3653 1232 3704 suae
1269 3631 1789 3707 misericordiae
1829 3632 2177 3705 thesauris
2211 3632 2443 3705 caele-

294 3750 428 3823 stis
455 3772 538 3825 ac
565 3749 1126 3846 triumphatricis
1154 3772 1330 3824 suae
1358 3750 1626 3846 gratiae
1666 3746 2023 3823 effundere
2050 3750 2259 3839 dona,
2292 3750 2443 3846 qui·-

294 3867 430 3944 hus
483 3890 732 3943 omnes
787 3879 1108 3942 errantes
1161 3868 1250 3941 ad
1306 3866 1596 3942 unicum
1651 3889 1861 3941 suum
1900 3868 2084 3941 ovile
2120 3868 2435 3941 redeant.

294 3986 804 4084 Quaecumque
861 3998 1104 4060 autem
1157 3984 1394 4059 futura
1431 3987 1578 4060 sint
1613 3984 2129 4081 investigabilia
2161 3985 2441 4060 divinae

294 4130 466 4183 suae
501 4106 986 4204 providentiae
1022 4105 1338 4196 consilia,
1379 4107 1615 4203 ipsum
1642 4101 2007 4181 Christum
2034 4102 2270 4181 lesum
2296 4101 2441 4180 Ec-
