3317 5267
2324 444 2477 519 343

369 562 734 639 tenoribus
785 576 861 637 et
881 562 1126 637 formis
1155 584 1238 635 ac
1261 582 1428 636 cum
1452 558 1817 657 quibusvis
1852 560 2067 633 etiam
2099 558 2479 657 derogato-

368 684 634 757 riarum
670 678 1126 777 derogatoriis
1160 678 1454 774 aliisque
1489 676 1985 751 efficacioribus
2022 689 2098 751 et
2132 676 2473 752 efficacis-

369 799 572 873 simis
622 822 702 872 ac
752 797 1054 871 insolitis
1091 795 1418 870 clausulis
1447 793 2025 891 irritantibusque
2054 806 2126 868 et
2155 794 2305 867 aliis
2334 791 2479 867 De·-

369 916 610 1001 cretis‚
650 914 866 989 etiam
903 922 1106 987 motu
1157 912 1450 986 seientia
1501 922 1576 1003 et
1629 911 2005 1006 potestatis
2042 910 2475 1007 plenitudine
2584 972 2593 981 .

371 1032 718 1107 similibus
769 1053 852 1104 ac
903 1030 1120 1103 etiam
1147 1027 1725 1103 consistorialiter
1760 1049 1889 1100 seu
1922 1027 2055 1099 alia
2090 1028 2164 1099 in
2194 1012 2477 1102 contra-

373 1150 562 1225 rium
589 1148 1136 1246 praemissorum
1167 1145 1695 1243 quomodolibet
1722 1144 1959 1219 forsan
1988 1148 2339 1220 concessis
2364 1168 2482 1242 ap-

373 1268 690 1365 probatis
717 1265 1175 1353 confirmatis,
1206 1276 1282 1337 et
1313 1264 1699 1351 innovatis3
1726 1262 1983 1359 quibus
2010 1262 2365 1350 omnibus,
2404 1274 2481 1337 et

369 1385 662 1482 siugulis
687 1384 908 1457 etiam
935 1384 998 1456 si
1025 1404 1152 1479 pro
1181 1380 1460 1455 illorum
1491 1379 1859 1455 sufficienti
1889 1380 2339 1477 derogatione
2390 1381 2479 1455 de
2562 1432 2569 1439 -

371 1500 504 1578 illis
539 1523 928 1599 eorumque
960 1502 1128 1576 totis
1183 1498 1544 1575 tenoribus
1579 1498 1928 1596 specialiS‚
1960 1499 2309 1595 specifica,
2350 1516 2481 1573 ex-·

367 1642 610 1717 pressa
640 1631 716 1693 et
739 1619 1099 1693 individua
1135 1640 1279 1691 non
1315 1625 1556 1689 autem
1583 1638 1713 1711 per
1737 1616 2081 1691 clausulas
2120 1616 2482 1712 generales

369 1738 560 1811 idem
597 1738 1070 1833 importantes
1120 1736 1417 1820 mentio,
1453 1757 1580 1810 seu
1617 1736 1909 1831 quaevis
1946 1735 2080 1807 alia
2119 1735 2483 1831 expressio

370 1855 694 1931 habenda
745 1866 870 1928 aut
909 1855 1138 1952 aliqua
1177 1853 1312 1926 alia
1347 1854 1701 1949 exquisita
1736 1852 1967 1927 forma
2003 1856 2093 1928 ad
2146 1855 2279 1929 hoc
2330 1878 2485 1929 ser-

371 1974 600 2047 vanda
637 1970 820 2049 foret
855 1982 1134 2049 tenores
1168 1972 1576 2070 hujusmodi
1611 1994 1695 2045 ac
1732 1972 1791 2044 si
1828 1973 1915 2045 de
1946 1972 2163 2047 verbo
2198 1973 2286 2046 ad
2324 1996 2487 2046 ver-

368 2090 545 2165 bum
597 2089 695 2163 nil
743 2092 1025 2187 penitus
1078 2092 1340 2167 omisso
1376 2102 1450 2165 et
1485 2089 1717 2165 forma
1768 2090 1841 2161 in
1888 2090 1991 2165 illi
2046 2091 2299 2163 tradita
2353 2090 2487 2163 ob-

367 2220 652 2283 servata
687 2208 930 2281 inserti
967 2206 1226 2295 forent,
1267 2208 1532 2281 eisdem
1587 2206 2079 2304 praesentibus
2115 2230 2243 2303 pro
2278 2208 2485 2304 plene

369 2334 445 2397 et
493 2324 920 2425 sufficienter
953 2325 1306 2422 expressis
1343 2324 1687 2397 habentes
1726 2323 1857 2397 illis
1894 2322 2065 2397 alias
2102 2326 2175 2397 in
2210 2349 2339 2399 suo
2370 2350 2489 2399 ro·-

367 2441 539 2518 bore
590 2443 1070 2539 permansuris
1108 2443 1452 2517 latissime
1488 2455 1563 2517 et
1613 2442 2021 2541 plenissime
2075 2466 2159 2519 ac
2208 2444 2485 2541 specia-

371 2562 534 2637 liter
581 2574 658 2637 et
709 2584 1044 2659 expresse
1078 2564 1164 2637 ad
1203 2561 1531 2638 effectum
1569 2565 2051 2661 praesentium
2108 2576 2183 2637 et
2224 2564 2487 2638 'validi-

371 2682 542 2755 tatis
593 2681 910 2756 omnium
973 2692 1051 2755 et
1101 2680 1534 2779 singulorum
1571 2682 2123 2779 praemissorum
2158 2680 2295 2757 bac
2331 2684 2485 2755 vice

369 2798 744 2873 dumtaxat
779 2808 1008 2884 motu,
1037 2798 1328 2871 scientia
1359 2809 1434 2871 et
1465 2797 1843 2895 potestatis
1878 2797 2319 2894 plenitudine
2355 2819 2487 2894 pa·-

368 2912 564 2988 ribus
599 2913 852 2987 harum
877 2936 1162 3011 quoque
1189 2914 1373 2986 serie
1393 2914 1845 3009 derogamus,
1878 2912 2277 3009 ceterisque
2310 2936 2487 2987 con-

361 3030 606 3102 trariis
655 3029 1248 3126 quibuscumque.

527 3142 872 3221 Volumus
907 3158 1152 3221 autem
1187 3144 1376 3241 quod
1403 3143 1630 3217 dictus
1659 3142 1949 3219 Praesul
1975 3142 2313 3219 Martialis
2336 3142 2491 3218 Ma-

371 3264 476 3337 ria
528 3264 772 3361 ejusve
825 3262 1324 3359 subdelegatus
1381 3261 1453 3333 in
1492 3260 2007 3357 exequutoriali
2060 3260 2493 3358 praemisso-

369 3403 531 3454 rum
585 3380 906 3456 omnium
957 3381 1242 3454 decreto
1302 3378 1478 3451 fines
1539 3400 1767 3452 novae
1822 3376 2175 3454 Dioecesis
2229 3377 2489 3453 Portus

325 3596 330 3599 Ι
367 3494 714 3595 Principis
792 3496 1146 3595 perhibita
1197 3496 1633 3592 singulorum
1698 3495 2119 3593 oppidorum
2184 3520 2309 3571 seu
2360 3518 2495 3593 pa·-

371 3618 762 3717 roeciarum
819 3617 1106 3693 nomine
1159 3639 1240 3690 ac
1274 3615 1661 3690 incolarum
1716 3638 2017 3691 numero
2066 3613 2492 3702 describere,

372 3758 454 3808 ac
507 3758 631 3809 sex
688 3736 1209 3829 intra,menscs
1246 3732 1336 3806 ab
1371 3732 1654 3830 expleta
1692 3735 2105 3808 eorumdem
2157 3752 2497 3829 praesen-

379 3852 560 3925 tium
613 3853 1088 3949 exequutione
1126 3850 1612 3924 authenticum
1669 3849 2032 3946 exemplar
2082 3845 2495 3945 quorumvis

378 3969 850 4057 decretorum,
881 3992 1062 4067 quae
1089 3969 1175 4041 ad
1203 3967 1338 4041 hoc
1365 3991 1542 4065 opus
1571 3966 1855 4040 ferenda
1882 3965 2171 4054 fuerint,
2200 3964 2287 4037 ad
2314 3964 2499 4038 hanc

375 4086 710 4163 Sanctam
764 4086 1018 4161 Sedem
1079 4086 1510 4159 trasmittere
1547 4096 1901 4171 teneatur,
1952 4096 2035 4157 ut
2085 4080 2371 4158 insimul
2422 4080 2497 4154 in

374 4203 706 4281 Archivio
759 4202 1338 4303 Congregationis
1397 4201 1913 4278 venerabilium
1969 4200 2295 4277 Fratrum
2351 4197 2499 4275 No-
