3317 5267
2250 459 2395 532 495

265 607 408 682 que
459 581 688 656 laudis
743 593 820 655 et
853 575 1324 657 confessionis
1345 581 1752 670 decantato,
1795 583 1981 656 inter
2015 584 2399 660 missarum

263 700 612 775 solemnia
653 699 922 795 'gaudio
976 694 1635 796 superabundantes
1694 697 1958 773 clerum
2010 703 2397 799 populum-

263 840 404 913 que
455 815 1057 892 confertissimum
1109 815 1423 904 allocuti,
1483 839 1737 890 omnes
1791 809 1865 888 in
1910 815 2225 894 Domino
2259 845 2398 896 co-

261 931 528 1008 hortati
581 955 828 1006 sumus
883 934 968 1006 ad
1006 933 1481 1008 novensilium
1538 933 1877 1007 caelitum
1936 937 2233 1033 vestigia
2262 961 2400 1014 se·-

264 1052 546 1140 ctanda,
585 1061 670 1125 ut
702 1051 981 1126 hostiae
1017 1052 1484 1150 acceptabiles
1513 1050 1664 1127 Deo
1700 1050 1871 1125 facti
1904 1075 2153 1128 eorum
2190 1077 2349 1130 me-

263 1171 418 1244 ritis
473 1193 554 1244 ac
609 1170 938 1268 precibus
989 1173 1242 1268 adjuti,
1299 1183 1667 1247 aeternam
1703 1181 1779 1244 et
1804 1173 1942 1267 ipsi
1978 1170 2397 1248 beatitatem

263 1289 554 1365 tandem
609 1283 986 1388 aliquando
1039 1292 1422 1366 mundanis
1485 1283 1818 1366 omnihus
1888 1290 2148 1389 spretis
2226 1316 2399 1368 con-

263 1419 686 1504 sequantur.
1239 1429 1246 1438 ·
1376 1403 1382 1408 ’

416 1526 480 1620 §.
541 1531 666 1599 46.
723 1523 998 1616 Quibus
1051 1525 1386 1602 omnibus
1440 1527 1747 1623 peractis
1774 1547 1943 1601 cum
1994 1529 2185 1602 idem
2216 1527 2427 1605 dile-.

261 1649 420 1713 ctus
472 1639 656 1715 filius
691 1641 956 1716 Noster
1004 1641 1396 1718 Cardinalis
1456 1639 1737 1721 Clarelli
1794 1643 2198 1722 Paracciani
2251 1646 2395 1720 hu·-

259 1757 556 1835 minime
591 1783 636 1832 a
669 1759 913 1844 Nobis,
935 1763 1394 1860 postulasset,
1437 1773 1520 1836 ut
1557 1764 1646 1837 ad
1682 1763 2100 1837 universalis
2139 1763 2393 1839 Eccle-

259 1879 408 1951 siae
461 1879 790 1952 notitiam
844 1883 1234 1978 praemissa
1287 1882 1526 1956 omnia
1575 1881 2118 1970 deducerentur3
2160 1881 2393 1957 Litte-

261 2017 522 2090 rasque
559 1995 982 2092 apostolicas
1011 1999 1097 2072 ad
1127 2010 1548 2095 perpetuam
1580 1999 1681 2070 rei
1718 1999 2141 2072 memoriam
2180 2001 2387 2074 edere

254 2113 732 2210 dignaremur,
778 2115 1220 2210 justissImae
1253 2113 1422 2188 huic
1456 2115 1789 2211 petitioni
1830 2129 2229 2190 annuentes
2255 2116 2393 2190 has
2460 2191 2465 2198 ,

259 2242 674 2328 praesentes
711 2244 1058 2330 perpetuo
1095 2234 1440 2307 valituras
1469 2233 1787 2306 mandari
1811 2233 2181 2328 jussimuS,
2224 2235 2389 2330 qui-

257 2346 394 2422 hus
446 2349 684 2422 omnia
737 2359 812 2421 et
865 2350 1141 2446 singula
1194 2349 1582 2445 praemissa
1635 2347 2134 2422 confirmamus
2172 2361 2387 2447 atque

249 2466 539 2553 iterum,
593 2468 654 2540 si
707 2491 886 2564 opus
939 2471 1061 2554 sit,
1119 2467 1508 2555 sancimuS‚
1558 2466 1895 2562 jubentes
1968 2471 2387 2545 carumdem

255 2585 742 2679 praesentium
799 2587 1268 2683 transumptis
1321 2585 1472 2658 sive
1527 2585 1877 2682 exemplis
1955 2587 2173 2660 etiarn
2246 2589 2385 2660 im-

251 2701 516 2796 pressis
557 2753 576 2789 ,
657 2724 877 2776 manu
923 2702 1249 2798 alicujus,
1271 2702 1526 2776 notarii
1577 2701 1841 2798 publici
1910 2703 2331 2801 subscriptis
2364 2757 2385 2792 ,

256 2817 622 2915 sigilloque
660 2820 793 2892 viri
829 2821 902 2892 in
933 2818 1406 2894 ecclesiastica
1459 2819 1807 2916 dignitate
1860 2821 2155 2894 munitis
2192 2844 2393 2896 eam-

255 2936 422 3010 dem
476 2959 764 3034 prorsus
815 2937 1031 3032 fidem
1081 2937 1172 3009 ab
1225 2936 1554 3012 omnibus
1604 2935 1853 3008 haberi
1880 2989 1903 3024 ,
1960 2961 2143 3034 quae
2220 2940 2389 3036 ipsis

254 3053 749 3148 praesentibus
809 3051 1293 3144 adhiberetur,
1359 3052 1424 3124 si
1473 3050 1841 3126 exhibitae
1893 3053 2007 3128 vel
2059 3065 2387 3131 ostensae

254 3169 520 3245 forent.

408 3289 472 3382 §-
533 3291 658 3362 47.
714 3287 777 3366 Ο
831 3315 996 3365 vere
1047 3289 1256 3364 beata
1311 3299 1542 3362 mater
1604 3287 1922 3363 Ecclesia
1958 3341 1983 3376 ,
2056 3311 2237 3386 quae
2278 3313 2388 3364 as-

259 3419 462 3482 sueta
517 3407 704 3480 inter
754 3407 1002 3482 mundi
1053 3407 1582 3503 persecutiones
1635 3403 1906 3502 Deique
1954 3401 2420 3482 consolatio<

252 3545 384 3598 nes
437 3523 946 3620 peregrinando
985 3547 1417 3622 percurrere,
1459 3521 1682 3596 habet
1720 3524 1791 3594 in
1832 3547 2203 3598 servorum
2257 3523 2387 3599 Dei

252 3641 498 3738 gloria,
557 3643 741 3716 unde
796 3643 1064 3716 soletur
1093 3665 1171 3716 se
1225 3644 1298 3714 in
1349 3643 1438 3716 iis
1466 3642 1715 3716 diebus
1744 3642 2139 3717 afflictionis
2188 3665 2384 3716 suae.

249 3758 440 3833 Dum
495 3759 765 3834 inimici
818 3760 971 3856 ejus
1027 3761 1534 3835 convenientes
1578 3761 1650 3832 in
1692 3783 1915 3833 unum
1954 3759 2193 3832 inania
2229 3781 2390 3833 me-

253 3877 572 3951 ditantur
622 3877 940 3952 dicentes
973 3929 992 3964 ‚
1051 3878 1334 3976 quando
1386 3874 1735 3952 morietur
1788 3886 1864 3950 et
1914 3875 2175 3972 peribit
2238 3899 2389 3950 no-
2452 3891 2457 3898 '

249 4015 420 4066 men
474 3994 630 4089 ejus
671 4045 692 4080 ,
748 3993 920 4068 dum
971 3993 1214 4068 omnia
1267 3993 1424 4089 ejus
1477 3993 1885 4070 firmissima
1940 4003 2015 4067 et
2067 3993 2387 4090 legitima

245 4113 408 4210 jura
448 4125 882 4210 spernuntur
919 4125 1137 4211 atquc
1173 4123 1759 4202 contemnuntur,
1818 4115 1971 4209 ipsa
1998 4112 2201 4188 novis
2263 4138 2389 4190 co-

252 4240 506 4306 ronata
559 4229 942 4326 triumphis
998 4229 1309 4304 militum
1365 4252 1683 4319 suorum,
1738 4252 1919 4327 quos
1972 4231 2113 4304 iam
2192 4232 2386 4306 caelo

1813 4349 1907 4422 32
