3317 5267
2292 448 2439 520 22⁷

309 556 514 632 Heu!
575 578 742 630 vere
792 553 982 627 luxit
1033 564 1098 625 et
1151 550 1452 650 defluxit
1505 564 1703 627 terra
1756 566 1821 626 et
1874 548 2247 653 infirmata
2283 578 2385 634 est
2414 618 2437 651 ‚

303 675 594 773 defluxit
645 673 834 747 orbis
866 726 887 762 ,
943 674 1322 770 infirmata
1374 685 1474 745 est
1528 670 1833 745 altitudo
1878 672 2127 773 populi
2174 690 2438 755 terrae.

301 790 386 867 Et
420 804 616 867 terra
649 791 915 889 infecta
969 802 1068 864 est
1106 789 1193 862 ab
1229 786 1745 863 habitatoribus
1780 791 1957 865 suis:
1997 794 2171 893 quia
2204 808 2438 871 trans-

299 910 517 1007 qressi
571 923 737 983 sunt
774 908 986 1006 leqes,
1025 920 1484 982 mutaverunt
1540 906 1690 996 ius,
1730 908 2263 1009 dissipaverunt
2298 912 2440 1011 foe-

302 1028 428 1104 dus
481 1030 1002 1130 sempiternum
1054 1024 1192 1126 (1).

449 1146 714 1223 Verum
767 1148 840 1221 in
915 1156 1118 1220 tanta
1191 1145 1654 1222 tenebrarum
1728 1144 2157 1223 obscuritate
2197 1202 2219 1238 ,
2294 1175 2437 1249 qua

297 1262 482 1340 Deus
515 1265 954 1341 inscrutabili
989 1290 1120 1341 suo
1155 1266 1344 1340 iudic
1357 1266 1432 1341 io
1468 1277 1720 1363 gentes
1754 1265 1927 1340 sinit
1960 1264 2251 1356 offundi,
2288 1268 2435 1345 Nos

294 1404 576 1457 omnem
625 1382 964 1459 Nostram
999 1405 1204 1479 spem
1239 1382 1713 1480 fiduciamque
1751 1381 1969 1479 plane
2006 1384 2435 1461 collocamus

292 1501 360 1571 in
409 1500 565 1597 ipso
615 1499 1178 1575 clementissimo
1231 1499 1887 1575 misericordiarum
1926 1498 2137 1577 Patre
2172 1514 2247 1577 et
2282 1500 2435 1581 Deo

303 1618 526 1691 totius
552 1615 1086 1703 consolationis,
1113 1616 1236 1713 qui
1261 1615 1408 1692 Nos
1444 1616 1853 1692 consolatur
1878 1618 1953 1690 in
1980 1620 2175 1694 omni
2204 1619 2435 1696 tribu-

293 1734 552 1811 latione
605 1734 888 1811 Nostra.
947 1734 1108 1831 lpse
1159 1756 1467 1832 namque
1520 1745 1658 1822 est,
1716 1736 1839 1832 qui
1892 1734 2137 1826 Vobis,
2196 1736 2433 1814 Vene-

288 1852 540 1929 rabiles
595 1852 908 1941 Fratres,
965 1853 1380 1929 concordiae
1419 1864 1496 1926 et
1531 1854 2027 1929 unanimitatis
2062 1855 2249 1931 inter
2284 1856 2429 1934 Vos

285 1973 614 2069 spiritum
663 1972 920 2069 ingerit
947 2024 970 2060 ,
1026 1984 1102 2046 et
1153 1972 1472 2069 quotidie
1524 1972 1755 2069 magis
1806 1973 2105 2071 ingeret,
2162 1988 2250 2051 ut
2278 1974 2429 2053 No-

283 2090 562 2166 biscum
611 2092 1004 2166 arctissime
1057 2112 1284 2187 aeque
1335 2113 1420 2165 ac
1471 2090 2017 2167 concordissime
2067 2095 2429 2170 coniuncti

282 2210 510 2305 parati
561 2209 714 2283 sitis
766 2230 910 2283 una
959 2205 1344 2283 Nobiscum
1395 2218 1667 2282 sortem
1702 2206 1897 2281 illam
1932 2209 2195 2298 subire,
2235 2235 2421 2309 quae

283 2348 540 2403 arcano
589 2327 870 2402 divinae
921 2348 1096 2401 suae
1135 2325 1624 2424 providentiae
1666 2328 1959 2404 consilio
1992 2332 2247 2428 cuique
2294 2353 2428 2407 no-

286 2455 516 2520 strum
543 2456 908 2520 reservata
927 2446 1046 2520 sit.
1077 2445 1240 2542 lpse
1269 2454 1408 2533 est,
1439 2444 1562 2542 qui
1588 2446 1907 2520 caritatis
1934 2446 2217 2523 vinculo
2241 2448 2429 2523 inter

285 2582 386 2649 se,
443 2572 518 2636 et
568 2582 734 2636 cum
769 2562 906 2637 hoc
943 2561 1334 2637 catholicae
1389 2560 1713 2635 veritatis
1750 2572 1825 2635 et
1857 2562 2153 2638 unitatis
2180 2576 2427 2641 centro

281 2678 644 2776 coniungit
695 2700 1060 2753 sacrorum
1093 2676 1466 2752 christiani
1503 2676 1697 2753 orbis
1736 2676 2136 2768 Antistites,
2174 2682 2299 2779 qui
2338 2682 2427 2753 fl-

283 2796 474 2871 deles
503 2796 638 2870 sibi
689 2797 1108 2871 commissos
1143 2794 1590 2892 evangelicae
1619 2794 1939 2870 veritatis
1969 2798 2293 2871 doctrina
2322 2799 2425 2872 in-

279 2915 614 3002 stituunt,
668 2914 912 3011 eisque
966 2913 1102 2987 iter
1153 2910 1229 2984 in
1285 2922 1484 2985 tanta
1538 2909 1835 3007 caligine
1888 2923 2047 2988 tuto
2112 2936 2427 3012 sequen-

279 3032 454 3107 dum
507 3041 910 3105 monstrant
937 3082 959 3117 ,
1017 3029 1430 3103 nuntiantes
1485 3028 1759 3101 virtute
1809 3029 2227 3125 prudentiae
2280 3054 2428 3127 po-

273 3151 462 3249 pulis
515 3150 966 3225 sanctissima
1019 3146 1260 3222 verba.
1318 3146 1480 3242 lpse
1537 3168 1757 3241 super
1814 3168 2063 3223 omnes
2124 3148 2429 3224 catholi-

276 3288 398 3342 ωε
449 3276 698 3364 gentes
751 3264 1048 3340 effundit
1099 3262 1430 3359 spiritum
1481 3282 1799 3356 precum,
1888 3272 1966 3335 et
2016 3262 2422 3339 acatholicis

282 3385 668 3484 aequitatis
717 3406 1012 3459 sensum
1065 3382 1368 3478 inspirat
1388 3430 1410 3469 ,
1465 3388 1547 3453 ut
1597 3388 1875 3451 rectum
1926 3379 2015 3452 de
2065 3378 2425 3457 hodiernis

279 3504 660 3581 eventibus
709 3503 945 3579 ferant
995 3501 1358 3577 iudicium.
1399 3497 1592 3572 Haec
1645 3506 1887 3572 autem
1940 3511 2093 3573 tam
2126 3501 2307 3575 mira
2352 3503 2425 3577 in

272 3624 612 3699 universo
662 3622 1010 3698 catholico
1065 3619 1237 3697 orbe
1289 3640 1584 3716 precum
1635 3618 2008 3693 consensio
2048 3670 2070 3706 ,
2128 3630 2423 3717 tamque

273 3742 654 3816 unanimes
703 3762 870 3837 erga
917 3738 1062 3815 Nos
1116 3736 1377 3814 amoris
1431 3734 1981 3833 significationes
2010 3788 2033 3821 ‚
2088 3746 2203 3811 tot
2250 3759 2425 3812 sanc

273 3858 634 3957 variisque
687 3857 918 3934 modis
969 3854 1348 3952 ex'pressae
1403 3852 1620 3953 (quod
1674 3853 1749 3926 in
1802 3852 2149 3927 anteactis
2212 3842 2426 3926 aeta-

271 3978 474 4056 tibus
525 3976 716 4055 haud
769 3978 970 4054 facile
1023 3988 1241 4075 queat
1292 3973 1622 4072 inveniri)
1699 3970 2281 4049 manifestissime
2342 4000 2427 4049 o-

441 4223 528 4305 (1)
574 4220 654 4288 ls.
700 4238 835 4303 cap.
881 4219 961 4286 st
1001 4238 1064 4286 v.
1111 4218 1169 4285 t.
1201 4218 1262 4282 ὃ.
