3317 5267
912 431 952 501 4

845 432 1264 649 graisertim
1303 535 1889 639 Lugdunensibus
1923 557 2287 614 summam
2330 535 2574 614 attulit
2608 533 2979 630 laetitiam,

841 665 1240 740 secundum
1293 659 1549 734 Nostra
1599 681 1685 732 ac
1740 657 1893 731 Tua
1942 659 2285 732 desideria
2338 660 2491 730 sine
2544 657 2695 730 ulla
2764 660 2989 734 mule-

844 786 986 858 stia
1039 803 1370 882 prospere
1419 779 1849 864 succederet,
1889 778 2125 852 dolere
2152 777 2525 853 debuimus
2568 777 2987 873 improban-

845 905 1013 980 dam
1067 901 1560 978 nonnullorum
1615 897 2195 994 Lugdunensium
2226 895 2707 972 parochorum
2734 900 2995 994 agendi

841 1028 1217 1100 rationem.
1272 1018 1364 1093 Hi
1415 1021 1606 1094 enim
1664 1018 1775 1091 vel
1824 1015 1915 1090 ab
1952 1019 2107 1114 ipso
2135 1017 2425 1092 huiusce
2465 1019 2731 1114 negotii
2770 1041 2989 1092 exor-

847 1142 962 1216 dio
1013 1141 1308 1212 minime
1361 1136 1566 1210 veriti
1618 1147 1789 1210 sunt
1839 1135 1910 1207 in
1964 1135 2097 1208 hac
2150 1158 2252 1222 re,
2293 1135 2494 1208 cuius
2530 1135 2869 1210 iudicium
2900 1137 2989 1210 ad

855 1279 1266 1355 supremam
1321 1255 1650 1330 Nostram
1708 1263 1783 1326 et
1836 1251 2283 1350 Apostolicae
2335 1253 2547 1326 huius
2600 1251 2805 1327 Sedis
2854 1276 2993 1325 au·-

854 1376 1262 1450 etoritatem
1317 1373 1520 1446 unice
1573 1371 1889 1468 pertinet
1918 1421 1939 1454 ‚
1993 1369 2298 1444 'Nostrae
2350 1391 2433 1442 ac
2484 1364 2679 1442 Tuae
2734 1370 2995 1444 volun-

845 1495 976 1568 tati
1033 1492 1406 1567 obsisteres
1464 1490 1711 1586 Neque
1762 1489 2253 1562 extimuerunt
2332 1501 2487 1560 tum
2540 1509 2669 1582 per
2717 1486 2995 1560 libellos

849 1613 1039 1711 typis
1091 1610 1346 1696 editos,
1403 1623 1478 1684 et
1527 1606 1883 1682 erroribus
1940 1605 2266 1690 infectOS,
2322 1618 2398 1678 et
2448 1606 2518 1676 in
2574 1605 2757 1678 hanc
2806 1605 2999 1679 San-

853 1744 1049 1808 ctam
1103 1711 1390 1817 Sedem,
1447 1751 1530 1802 ac
1583 1729 1656 1800 in
1712 1727 2169 1801 venerabiles
2224 1726 2506 1799 Fratres
2560 1723 2999 1805 GalliaeSa-

847 1849 1134 1923 crorum
1193 1845 1567 1918 Antistites
1621 1843 1935 1916 maxime
1989 1843 2359 1916 iniuriosos
2391 1893 2412 1927 ,
2468 1855 2623 1915 tum
2678 1863 2805 1938 per
2858 1863 3001 1938 pu-

855 1961 1073 2040 blicas
1125 1963 1622 2060 ephemerides
1673 1962 1840 2037 huic
1890 1961 2193 2034 Sanctae
2248 1961 2409 2033 Sedi
2442 1959 2775 2032 adversas
2826 1983 2999 2056 spe—

859 2093 1135 2158 ctatum
1188 2080 1452 2155 Galliae
1505 2077 1792 2154 Clerum
1846 2077 2090 2165 Nobis,
2147 2091 2223 2150 et
2277 2077 2447 2151 huic
2500 2071 2691 2149 Petri
2730 2075 2999 2152 Cathe-

854 2203 1022 2276 drae
1075 2201 1432 2275 addietum
1487 2209 1733 2272 contra
1794 2197 2151 2270 Romanae
2188 2195 2546 2270 Ecclesiae
2584 2193 2980 2292 Liturgiam

849 2317 1034 2391 inter
1085 2315 1218 2389 alia
1273 2316 1607 2389 excitare.
1664 2311 1861 2403 Quae
1901 2311 2382 2386 Parochorum
2420 2313 2869 2386 contumacia
2902 2335 2993 2386 eo

853 2434 1084 2530 magis
1138 2443 1250 2505 est
1299 2431 1778 2528 redarguenda
1808 2479 1829 2516 ,
1888 2429 2075 2526 quod
2130 2449 2297 2502 cum
2372 2429 2589 2525 aliqui
2652 2451 2745 2502 ex
2818 2428 2989 2525 ipsis

855 2551 929 2622 in
983 2549 1170 2621 hanc
1223 2548 1481 2620 almam
1536 2546 1786 2621 urbem
1815 2545 2163 2620 'Nostram
2193 2551 2579 2631 venissent,
2610 2547 2790 2620 etin
2817 2569 2993 2622 con-

851 2677 1184 2765 spectum
1240 2661 1580 2740 Nostrum
1631 2663 1939 2738 fuissent
1987 2665 2273 2738 admissi
2329 2667 2645 2761 paternis
2718 2665 2993 2744 Nostris

853 2782 1144 2859 monitis
1197 2796 1274 2858 et
1331 2783 1947 2859 exhortationibus
2026 2785 2476 2881 acquiescere
2553 2786 2933 2860 noluerunt
2962 2838 2985 2875 ,

850 2893 1106 3002 quibus
1163 2912 1500 2999 prompto
1553 2901 1909 2996 alacrique
1964 2897 2521 2976 animo'obedire
2548 2901 2989 2992 debuissent,

852 3021 1488 3120 quemadmodum·
1527 3019 2036 3095 ecclesiasticos
2120 3015 2339 3094 viros'
2384 3021 2675 3096 omnino
2754 3021 2989 3098 decet.

852 3136 1298 3236 Quapropter
1327 3189 1348 3223 ,
1429 3147 1510 3210 ut
1561 3137 1959 3212 huiusmodi
2014 3159 2129 3210 res
2180 3161 2270 3209 ex
2319 3137 2593 3212 Nostris
2674 3134 2993 3236 Tuisque

853 3257 1042 3330 votis
1097 3275 1305 3329 suum
1340 3254 1625 3327 tandem
1672 3265 2094 3354 assequatur
2128 3246 2431 3342 exitum,
2463 3256 2591 3329 has
2620 3255 2779 3330 Tibi
2814 3259 2997 3330 scri·-

852 3370 1088 3446 bimus
1143 3369 1448 3446 Litteras
1488 3423 1508 3460 ,
1566 3373 1825 3470 quibus
1878 3370 2112 3447 denuo
2165 3369 2491 3446 Nostram
2548 3372 2993 3449 voluntatem

853 3488 1035 3562 clare
1069 3498 1452 3584 aperteque
1505 3487 2001 3585 significamus.
2050 3487 2345 3562 Etenim
2400 3487 2753 3578 volumus,
2784 3513 2997 3588 prae-

855 3604 1183 3704 cipimuS,
1224 3617 1298 3677 et
1337 3607 1785 3692 mandamus,
1816 3617 1897 3680 ut
1936 3607 2151 3681 veluti
2186 3605 2323 3680 fuit
2372 3607 2869 3698 constitutum,
2916 3614 2991 3684 in

835 3721 1406 3822 Lugdunensem
1462 3722 1856 3799 Dioecesim
1914 3725 2315 3801 Romanum
2371 3726 2673 3818 Missam,
2704 3743 2783 3803 et
2815 3731 2997 3806 Bre-

831 3845 1164 3917 ·viarium
1217 3844 1480 3916 sensim
1536 3840 1933 3931 inducatur,
1974 3858 2057 3918 ut
2109 3843 2377 3951 scilicet
2434 3847 2485 3920 ii
2536 3867 2811 3937 omnae,
2867 3855 2993 3948 qui

853 3964 923 4034 in
978 3976 1342 4060 posterum
1403 3985 1606 4039 sacro
1655 3961 2221 4040 Subdiaconatus
2257 3963 2519 4043 Ordine
2556 3969 2691 4041 rite
2730 3969 2999 4044 fuerint

853 4081 1140 4170 initiati,
1201 4093 1579 4156 teneantur
1629 4095 1707 4158 et
1756 4085 2127 4159 canonicas
2181 4083 2399 4160 horas
2450 4087 2747 4162 recitare
2787 4089 2991 4164 iuxta

861 4195 1263 4276 Romanum
1317 4199 1785 4292 Breviarium‚
1842 4215 1919 4277 et
1952 4203 2068 4276 illa
2094 4203 2512 4280 Sanctorum
2544 4203 2767 4279 officia
2804 4233 2849 4282 a
2887 4207 2995 4283 Te
