3317 5267
884 389 1330 577 giliensem
1411 503 1482 571 in
1538 498 1860 596 partibus
1938 498 2324 573 infidelium
2375 506 2454 569 et
2529 494 3026 592 Apostolicum

878 619 1219 695 Nostrum
1256 618 1442 715 apud
1482 618 1750 713 regiam
1785 616 2154 712 utriusque
2190 612 2470 690 Siciliae
2519 613 2756 687 aulam
2813 612 3028 689 Nun-

880 740 1063 811 tium
1114 736 1440 831 eligimus
1500 745 1577 808 et
1630 735 2062 831 deputamus
2113 734 2185 807 in
2249 732 2506 805 harum
2571 730 3024 828 Apostolica-

882 874 1043 925 rum
1091 849 1487 925 litterarum
1542 850 2080 948 Exequutorem
2113 901 2134 936 ,
2193 848 2398 944 eique
2451 849 2893 925 necessarias
2947 859 3030 921 et

882 978 1317 1066 opportunas
1369 968 1740 1043 facultates
1795 967 2172 1042 tribuimus
2242 967 2452 1039 aliam
2526 965 2830 1061 probam
2909 968 3028 1041 di-

881 1109 1233 1185 gnamque
1270 1110 1645 1184 personam
1701 1088 1774 1160 in
1831 1086 2332 1161 Ecclesiastica
2365 1086 2712 1179 dignit-ate
2743 1086 3029 1161 consti-

882 1216 1114 1282 tutam
1152 1206 1560 1281 huiusmodi
1594 1206 2060 1304 exequutioni
2097 1202 2640 1299 subdelegandi‚
2679 1205 2804 1301 qui
2855 1204 3025 1301 qui-

882 1325 1048 1397 dem
1114 1320 1370 1397 Petrus
1412 1322 1996 1419 Archiepiscopus
2031 1322 2181 1396 sive
2217 1318 2674 1417 subdelegata
2709 1342 3019 1417 persona

876 1438 1113 1513 omnia
1142 1440 1466 1534 superius
1492 1439 1834 1535 disposita
1859 1436 3029 1533 disquirere‚ordinare,disponere,

882 1565 1221 1642 statuere,
1252 1564 1467 1650 atque
1506 1554 1682 1628 adeo
1720 1576 1934 1649 super
1982 1572 2428 1649 quacumque
2465 1552 2914 1648 quaestione,
2949 1554 3015 1625 si

874 1677 947 1747 in
984 1686 1149 1747 actu
1182 1676 1677 1772 exequutionis
1713 1674 2116 1770 hujusmodi
2155 1672 2388 1747 forsan
2437 1671 2786 1760 inciderit,
2835 1672 3016 1747 defl-

872 1794 1050 1880 nire‚
1084 1802 1299 1887 atque
1324 1812 1774 1888 quacumque
1813 1790 2282 1887 appellatione
2306 1800 2582 1863 remota
2633 1789 3018 1865 decernere
3157 1786 3165 1801 ²

871 1906 1089 1983 libere
1144 1908 1375 1981 valeat
1405 1960 1426 1997 ,
1496 1932 1680 2005 quae
1735 1906 2398 2004 quomodocumque
2463 1907 2860 2004 oportuerit
2925 1906 3014 1981 ad

869 2036 1105 2101 totum
1156 2028 1293 2101 hoc
1344 2028 1712 2124 negotium
1767 2035 1961 2101 recte
2016 2035 2092 2098 et
2171 2024 2554 2120 prudenter
2631 2024 3013 2123 perficien-

868 2146 1067 2233 dum,
1120 2144 1425 2219 iubendo
1480 2146 1772 2242 insuper
1825 2154 1908 2216 ut
1959 2144 2146 2215 intra
2199 2152 2348 2215 tres
2401 2165 2684 2218 menses
2719 2142 2813 2216 ab
2877 2143 3013 2217 ha·-

865 2283 1027 2333 rum
1076 2261 1483 2335 litterarum
1544 2260 2030 2357 exequutione
2085 2280 2276 2355 nunc
2327 2281 2459 2355 pro
2511 2269 2683 2333 tunc
2737 2260 2845 2333 uti
2881 2282 3010 2333 su·-

866 2375 1103 2471 perius
1140 2376 1543 2471 peragenda
1578 2376 1668 2449 ad
1703 2376 1888 2447 hanc
1929 2372 2404 2469 Apostolicam
2443 2372 2700 2449 Sedem
2735 2374 2810 2447 in
2851 2372 3004 2448 for-

868 2514 989 2565 ma
1040 2492 1449 2567 authentica
1500 2492 1938 2587 singulorum
1996 2491 2338 2565 Actorum
2389 2492 2754 2587 exemplar
2816 2492 3006 2567 fide-

866 2610 1029 2685 liter
1066 2610 1537 2696 transmittat,
1569 2612 1641 2683 in
1673 2608 2047 2685 Tabulario
2084 2610 2382 2685 Nostrae
2411 2607 3006 2706 Congregationis

866 2730 1079 2805 rebus
1114 2728 1736 2805 ConsistoriaIibus
1773 2730 2216 2825 praepositae
2251 2729 2340 2803 de
2375 2750 2574 2803 more
2611 2738 2688 2801 et
2721 2728 2814 2801 ad
2864 2750 3004 2824 po-

868 2858 1133 2921 steram
1187 2846 1581 2944 quamlibet
1632 2849 2247 2943 opportunitatem
2299 2846 2759 2921 servandum.

993 2965 1413 3041 Praesentes
1438 2989 1720 3064 quoque
1749 2966 2054 3043 Litteras
2079 2979 2156 3042 et
2180 2969 2252 3041 in
2281 2967 2382 3041 eis
2409 2974 2753 3043 contenta
2781 2986 3002 3062 quae-

862 3106 1193 3182 cumque,
1224 3084 1502 3159 etiamsi
1541 3085 1840 3182 quilibet
1879 3087 1994 3160 alii
2031 3087 2118 3160 ad
2145 3088 2215 3161 id
2253 3086 2596 3159 iuteresse
2632 3081 2998 3157 babentes

868 3201 979 3275 vel
1014 3200 1279 3276 habere
1314 3204 1864 3299 praetendentes
1901 3205 2133 3279 vocati
2163 3214 2238 3277 et
2273 3202 2492 3277 auditi
2529 3225 2674 3276 non
2725 3198 3002 3275 fuerint

865 3340 947 3391 ac
972 3318 1379 3414 praemissis
1406 3343 1551 3393 non
1580 3322 2074 3394 consenserint
2099 3342 2350 3395 eorum
2375 3319 2781 3404 consensui,
2815 3340 2996 3413 qua-

764 3428 775 3441 '
868 3444 1075 3507 tenus
1126 3454 1305 3530 opus
1358 3436 1479 3522 sit,
1510 3435 1597 3509 de
1638 3434 2083 3532 Apostolieae
2137 3435 2514 3532 potestatis
2549 3434 2994 3531 plenitudine

864 3550 1301 3646 supplenteS‚
1317 3552 1509 3626 nullo
1536 3575 1880 3649 umquam
1906 3562 2224 3649 tempore
2251 3554 2338 3627 de
2365 3552 2844 3649 subreptionis
2877 3551 2992 3625 vel

858 3668 1300 3766 'obreptionis
1353 3682 1475 3745 aut
1528 3672 1870 3747 nullitatis
1923 3672 2098 3748 vitio
2151 3694 2277 3745 seu
2331 3672 2748 3746 intentionis
2838 3670 2984 3745 No-

860 3798 1050 3861 strae
1106 3788 1219 3863 vel
1270 3787 1505 3886 aliquo
1558 3788 1694 3863 alio
1747 3790 1966 3863 etiam
2017 3789 2464 3865 substantiali
2515 3788 2800 3863 defectu
2851 3812 2988 3865 no-

866 3906 1026 3994 tari,
1086 3906 1489 4002 impugnari
1545 3904 1657 3979 vel
1712 3905 1788 3979 in
1838 3908 2388 3983 controversiam
2464 3906 2701 3982 vocari
2751 3930 2990 4004 posse,

862 4021 990 4096 sed
1040 4045 1161 4096 eas
1213 4046 1497 4120 semper
1548 4026 1814 4101 validas
1867 4037 1940 4099 et
1975 4026 2292 4101 efficaces
2329 4026 2674 4101 exsistere
2713 4038 2790 4099 et
2836 4026 2990 4101 fore

862 4160 1166 4235 suosque
1218 4141 1569 4241 plenarios
1624 4156 1696 4219 et
1749 4145 2062 4242 integros
2115 4143 2409 4221 effectus
2463 4144 2696 4221 sortiri
2737 4154 2814 4217 et
2851 4144 2982 4221 ob-
