3317 5267
867 518 1013 591 Ma

870 633 1099 709 induti
1148 628 1434 704 loricam
1511 628 1724 713 fidei,
1798 638 1874 701 et
1951 622 2222 722 galeam
2300 646 2506 721 spem
2579 624 2828 701 salutis
2885 624 2998 727 (l)

868 767 1117 823 omnes
1171 746 1415 819 mundi
1470 741 1857 831 illecebras,
1933 740 2240 817 fallacias
2279 753 2356 814 et
2406 742 2712 819 insanias
2789 743 3006 841 plane

869 868 1349 961 despexerunt
1388 915 1409 951 ,
1492 884 1575 935 ac
1628 884 1758 957 pro
1839 858 2124 933 Christo
2186 857 2467 933 fortiter
2541 872 2946 955 pugnantes
2977 914 3006 949 ,

870 980 1345 1076 omnibusque
1398 977 1990 1073 splendidissimis
2043 974 2395 1071 fulgentes
2479 976 2865 1053 virtutibus
2921 980 2996 1053 in

880 1100 1088 1171 variis
1142 1098 1310 1171 licet
1363 1095 1736 1171 constituti
1784 1092 2294 1167 tentationibus
2329 1093 2615 1169 stabiles
2641 1106 3004 1169 steterunt

872 1228 951 1291 et
1002 1216 1253 1303 fortes,
1308 1234 1593 1311 semper
1642 1236 1826 1309 quae
1882 1210 2136 1307 placita
2171 1223 2376 1285 erant
2423 1232 2660 1287 coram
2701 1210 2852 1287 Deo
2905 1210 3009 1285 fa-

873 1335 1176 1407 cientes.

1036 1448 1311 1524 Horum
1364 1450 1584 1546 igitur
1636 1446 1992 1542 exempla,
2035 1444 2488 1523 venerabiles
2513 1446 2824 1537 FratreS,
2863 1444 3012 1524 Di—

886 1564 1047 1641 lecti
1103 1565 1288 1655 Filii,
1344 1564 1549 1642 nobis
1580 1566 1671 1639 ad
1725 1566 2146 1639 imitandum
2179 1576 2426 1640 sancta
2477 1567 2812 1662 proponit
2861 1566 3012 1643 Ec-

884 1685 1125 1760 clesia.
1182 1683 1271 1757 Hi
1324 1686 1613 1781 quidem
1665 1684 1918 1757 heroes
1957 1682 2282 1758 homines
2309 1697 2512 1758 erant
2563 1687 2830 1761 similes
2872 1710 3014 1761 no·-

879 1802 991 1877 bis
1044 1800 1441 1899 passibileS,
1500 1804 1750 1877 eadem
1780 1802 2196 1877 circumdati
2234 1801 2672 1891 infirmitate,
2702 1818 2778 1879 et
2811 1805 3014 1879 carni

880 1945 1051 1997 suae
1106 1920 1354 1995 eodem
1412 1921 1690 1994 vinculo
1743 1919 2086 1994 naturalis
2169 1919 2560 1995 affectionis
2619 1921 3014 1997 inhaeren-

886 2050 994 2110 tes
1050 2032 1182 2135 (2),
1212 2036 1337 2110 sed
1392 2047 1635 2109 tamen
1692 2033 1826 2109 sibi
1881 2035 2085 2109 diffisi
2145 2047 2218 2111 et
2279 2034 2626 2111 hahentes
2677 2037 3012 2113 fiduciam

886 2158 957 2228 in
1012 2144 1315 2231 Domino
1366 2180 1455 2229 ex
1512 2166 1670 2231 toto
1723 2156 1934 2229 corde
1987 2162 2144 2243 su'o,
2199 2176 2506 2255 eumque
2559 2156 2842 2233 assidue
2895 2158 3014 2231 in-

890 2286 1221 2349 vocantes
1274 2288 1490 2371 atque
1540 2286 1794 2349 euntes
1847 2276 1936 2349 de
1991 2275 2256 2347 virtute
2305 2276 2375 2347 in
2435 2275 2772 2373 virtutem
2813 2298 3016 2351 asse-

886 2392 1091 2489 quuti
1144 2404 1315 2465 sunt
1368 2404 1447 2465 ut
1482 2394 1880 2467 sanctitatis
1917 2392 2138 2490 gloria
2169 2390 2524 2489 fulgentes
2551 2416 2742 2469 nunc
2780 2391 3014 2467 Deum

890 2532 1033 2583 non
1081 2512 1232 2607 jam
1288 2533 1415 2607 per
1465 2512 1834 2606 speculum
1887 2512 2064 2585 etin
2101 2512 2527 2608 aenigmate,
2557 2514 2682 2589 sed
2719 2511 3018 2586 videant

888 2628 1071 2701 facie
1122 2630 1213 2702 ad
1270 2628 1553 2717 faciem,
1610 2642 1685 2702 et
1737 2642 2166 2727 cognoscant
2201 2631 2386 2705 sicut
2411 2644 2486 2703 et
2511 2631 2778 2727 cogniti
2811 2640 3010 2705 sunt.

892 2744 1363 2845 Quapropter,
1423 2748 1880 2823 venerabiles
1932 2749 2242 2837 FratreS,
2300 2746 2548 2823 Dilecti
2604 2748 2762 2825 Filii
2803 2802 2826 2836 ,
2883 2772 3016 2823 nos

894 2869 1113 2941 etiam
1167 2868 1471 2964 propriis
1528 2866 1796 2942 viribus
1867 2868 2288 2955 diffidentes,
2369 2888 2798 2964 omnemque
2879 2890 3014 2943 no-

895 2994 1121 3059 stram
1172 3005 1377 3081 spem
1432 2986 1505 3059 in
1562 2985 1802 3059 divino
1855 2984 2115 3059 auxilio
2167 2984 2615 3073 collocantes,
2679 2983 3018 3081 quando—

892 3102 1187 3200 quidem
1240 3103 1481 3177 omnia
1536 3124 1916 3197 possumus
1970 3103 2042 3181 in
2093 3101 2224 3189 Eo,
2280 3102 2400 3199 qui
2453 3125 2584 3180 nos
2633 3100 3014 3189 confortat,

894 3220 1191 3297 illustria
1246 3217 1505 3293 horum
1562 3216 1898 3313 exempla
1943 3218 2184 3305 alacri,
2215 3216 2824 3317 libentissimoque
2847 3216 3020 3290 ani-

896 3360 1016 3411 mo
1040 3336 1467 3421 :imitemun
1504 3348 1607 3407 'ac
1658 3344 1952 3413 strenue,
2001 3336 2430 3429 praeliantes
2481 3356 2646 3409 cum
2725 3335 3022 3430 antiquo

897 3464 1258 3549 serpente,
1313 3463 1386 3525 et
1438 3450 1876 3547 abnegantes
1929 3453 2374 3547 impietatem
2405 3506 2428 3541 ,
2483 3464 2560 3535 et
2634 3452 3018 3527 saecularia

893 3573 1239 3648 desideria
1290 3572 1550 3657 sobrie,
1608 3584 1688 3647 et
1739 3573 1932 3669 juste
1965 3626 1986 3658 ,
2041 3586 2136 3651 et,
2168 3574 2280 3669 pie
2337 3575 2660 3647 vivamus
2735 3573 2809 3643 in
2881 3570 3016 3645 hoc

900 3690 1229 3776 saeculus.
1257 3712 1505 3785 aspera
1560 3712 1886 3787 quaeque
1925 3714 2052 3787 pro
2105 3692 2548 3765 sanctissima
2585 3700 2825 3765 nostra
2852 3688 3014 3777 fide,

902 3822 993 3883 et.
1030 3810 1305 3883 animae
1358 3820 1649 3883 nostrae
1701 3808 1936 3883 salute
1991 3808 2417 3906 perlibenter
2467 3810 2875 3887 tolerantes.
2920 3808 3022 3881 Ac

919 3940 1163 4001 mente
1216 3928 1488 4022 integra
1520 3978 1539 4013 ,
1594 3924 1730 3998 fide
1781 3924 2009 4012 firma,
2049 3926 2312 3999 virtute
2371 3925 2688 4014 robusta,
2725 3924 3021 3999 caritate

1068 4176 1228 4259 (nl
1280 4176 1547 4241 Thessal.
1592 4193 1645 4237 c.
1693 4178 1751 4239 ὅ.
1797 4194 1857 4238 v.
1891 4176 1949 4240 8.
2129 4232 2136 4239 .

1068 4273 1153 4355 (2)
1196 4272 1256 4337 S.
1300 4270 1582 4339 Bernard.
1628 4272 1817 4336 Serm.
1845 4271 1920 4337 de
1949 4274 2009 4339 S
2035 4232 2326 4343 clement.
2365 4276 2510 4360 Pap.
2557 4272 2819 4341 etMnrt
2853 4289 2914 4337 ιι.
2949 4272 3006 4335 3.
