3317 5267
2250 449 2400 521 395

279 594 418 669 que
474 563 1015 662 Coadjutoribus
1077 576 1293 661 atque
1375 560 1664 636 Vicariis
1709 543 2066 657 'perpetuo
2120 562 2400 637 stabili-

282 707 533 787 terque
585 687 1065 786 praestandaS,
1121 683 1371 759 sarctis
1406 682 1816 778 ceteroquin
1855 683 2204 778 tectisque
2242 706 2400 758 scr-

288 810 485 889 vatis
532 805 775 878 favore
828 802 1259 898 singularum
1294 800 1706 896 quarumvis
1743 798 2243 887 Ecclesiarum,
2285 802 2395 875 vel

284 924 649 1021 quaejam
706 919 815 993 vel
872 921 945 991 in
983 930 1348 1016 posterum
1386 916 1782 1001 extiterint,
1839 916 1924 988 iis
1977 918 2192 989 etiam
2231 941 2402 1014 pro-

282 1034 641 1126 ventibus,
696 1037 815 1134 qui
874 1036 1260 1109 dummodo
1312 1032 1629 1127 legitimo
1681 1054 1814 1105 usu
1869 1044 2082 1129 atque
2156 1048 2404 1109 aucto-

284 1158 496 1255 ritate
550 1154 987 1250 comprobati
1042 1154 1189 1225 sint
1238 1174 1365 1247 per
1398 1172 1480 1235 ea
1520 1149 1676 1223 loca
1735 1151 1999 1246 percipi
2037 1162 2251 1248 atque
2288 1152 2406 1225 ha-

282 1274 433 1347 beri
472 1274 701 1347 solent
738 1296 826 1347 ex
880 1272 1015 1367 piis
1069 1282 1145 1343 et
1196 1269 1591 1342 numerosis
1643 1279 1802 1341 tum
1837 1266 2408 1343 Confi-aternita-

288 1371 475 1465 tibus
527 1403 683 1462 tum
738 1387 1297 1473 fundationibus&
1341 1386 1453 1460 vel
1490 1408 1581 1459 ex
1618 1386 1704 1459 iis
1740 1386 1964 1459 titulis
2003 1386 2096 1461 ibi
2139 1388 2404 1483 vulgari

288 1508 621 1584 idiomate
672 1546 727 1561 ·-
774 1507 897 1605 pie
950 1505 1041 1577 de
1090 1502 1295 1576 Altar
1344 1542 1399 1555 -
1458 1506 1907 1599 nuncupatis,
1967 1504 2076 1576 'vel
2129 1528 2220 1577 ex
2271 1504 2406 1577 alia

286 1628 539 1723 quavis
590 1622 921 1719 religiosa
974 1644 1189 1695 causa
1226 1621 1635 1717 adsignatis,
1693 1621 1922 1694 eidem
1961 1621 2398 1696 Peruvianae

292 1741 747 1840 Reipublicae
798 1741 927 1813 seu
981 1738 1339 1814 Gubernio
1392 1740 1601 1811 enixe
1653 1741 2240 1815 commendantes
2291 1764 2414 1815 so-

292 1860 637 1934 lutionem
711 1858 1169 1957 quadraginta
1223 1869 1519 1931 centena
1588 1857 1810 1929 millia
1857 1859 2248 1954 ponderum
2296 1883 2414 1932 ar-

294 1990 711 2076 genteorum
744 2031 764 2064 ‚
832 2000 959 2051 seu
1011 1988 1454 2051 scutatorum
1506 1998 1962 2052 romanorum
2011 2000 2138 2074 pro
2191 1980 2412 2052 sarci·-

289 2098 489 2171 tione
527 2149 550 2183 ,
624 2096 1191 2171 substentatione
1268 2109 1341 2169 et
1394 2096 1881 2170 incolumitate
1931 2092 2410 2172 Ecclesiarum

290 2213 615 2288 omnium
669 2214 739 2285 in
794 2215 1040 2287 eadem
1100 2210 1489 2287 Peruviana
1527 2212 1912 2310 Republica
1955 2217 2414 2290 consitat-um.

292 2328 525 2420 Quam
554 2331 843 2426 quidem
874 2352 1330 2405 nummorum
1358 2351 1713 2404 summam
1745 2332 1815 2403 in
1844 2330 2164 2407 Comitiis
2199 2356 2420 2431 spon-

296 2470 451 2521 sam
506 2462 581 2521 et
636 2448 1093 2523 deliberatam
1158 2450 1451 2522 minime
1511 2448 1917 2525 dubitamus
1974 2448 2413 2525 Gubernium

296 2590 455 2641 esse
506 2566 689 2641 illico
743 2567 1139 2642 soluturum
1190 2591 1321 2664 pro
1358 2589 1443 2641 eo
1479 2590 1623 2663 quo
1656 2570 1956 2643 afficitur
2009 2570 2156 2645 zelo
2209 2570 2412 2643 cbri-

301 2686 573 2758 stianae
628 2684 1021 2782 Religionis
1072 2686 1446 2761 efficaciter
1494 2688 2017 2783 provehendae.

454 2800 609 2892 Quo
640 2824 811 2878 vero
838 2804 925 2876 ad
959 2805 1380 2892 dotationeS‚
1410 2828 1589 2901 quae
1618 2830 1874 2880 novam
1907 2808 2089 2880 hanc
2120 2801 2424 2881 Punien-

302 2940 455 2992 sem
530 2918 1024 2995 Cathedralem
1096 2924 1511 3017 respiciunt,
1566 2924 1861 3019 eJusque
1917 2947 2046 3018 pro
2101 2934 2426 3017 tempore

308 3034 747 3124 Antistitem,
798 3038 1157 3132 jubemus,
1196 3058 1321 3110 eas
1352 3058 1604 3110 omnes
1657 3037 1992 3111 constitui
2045 3052 2258 3136 atque
2311 3039 2426 3109 in·-

304 3154 605 3249 scriptas
634 3178 787 3229 csse
818 3164 1321 3251 permanenter
1358 3176 1571 3248 super
1605 3153 1888 3250 publico
1929 3152 2214 3228 Aerario
2250 3154 2432 3249 ejus-

306 3270 473 3345 dem
532 3268 973 3353 Peruviensis
1032 3255 1513 3369 Reipublicae,
1576 3274 1802 3345 donec
1856 3274 1959 3345 uti
1999 3272 2216 3347 Nobis
2271 3296 2430 3345 ma-

308 3388 501 3463 xime
565 3392 753 3465 cordi
818 3404 953 3478 est,
1018 3404 1103 3464 ut
1160 3390 1251 3463 ab
1285 3391 1535 3464 eodem
1574 3388 1930 3467 Gubernio
1968 3393 2426 3489 promissum,

312 3508 611 3580 totidem
664 3510 835 3581 certi
882 3510 1319 3604 penitusque
1372 3508 1529 3603 puri
1586 3507 1898 3583 redditus
1935 3532 2026 3582 ex
2061 3509 2266 3583 honis
2291 3520 2436 3581 sta-

314 3624 573 3699 bilibus
599 3622 1005 3724 singillatim
1038 3628 1487 3724 adsignandis
1539 3626 1888 3726 plenoque
1925 3652 2088 3703 cum
2124 3630 2440 3705 dominio

194 3838 201 3845 .
312 3744 789 3842 adjudicandis
842 3748 1089 3821 confici
1150 3750 1519 3822 commode
1582 3734 1974 3844 potuerint,
2037 3751 2434 3847 adsignan—

314 3876 425 3938 tes
464 3879 703 3939 taxam
741 3870 829 3941 de
868 3892 1061 3943 more
1098 3868 1564 3943 adhibendam
1604 3893 1730 3965 pro
1765 3868 2194 3945 Litterarum
2235 3870 2428 3967 Apo-

318 3984 723 4059 stolicarum
775 3986 1223 4084 expeditione
1274 3984 1515 4061 favore
1550 3989 1890 4085 cujusque
1924 3990 2091 4063 novi
2131 3988 2432 4061 Antisti-

322 4102 413 4178 tis
468 4104 537 4175 in
592 4104 819 4177 aureis
868 4104 1155 4181 florenis
1208 4106 1295 4178 de
1350 4102 1643 4179 Camera
1682 4104 1972 4206 triginta
2008 4104 2234 4183 trihus
2267 4127 2434 4183 cum
