3317 5267
935 382 1077 456 {86

927 500 1444 597 potentissimis
1507 496 1833 596 Europae
1913 493 2378 597 Principibus.
2448 498 2785 575 Attamen
2864 498 3039 577 dum

927 618 1204 690 illarum
1259 616 1524 691 iamdiu
1573 627 2037 713 expectamus
2072 616 2433 704 effectum,
2477 639 2621 691 non
2656 639 3045 713 possumus

927 757 1069 808 non
1123 734 1586 808 vehementer
1617 735 1781 829 angi
1818 757 1899 807 ac
1935 732 2330 830 perturbari
2364 756 2531 808 cum
2578 734 3045 831 inspiciamus

927 852 1268 927 nefandae
1317 852 1793 948 usurpationis
1844 864 2167 927 auctores
2216 850 2665 949 fautoresque
2702 852 3042 927 audacter

927 969 1448 1066 insolenterque
1501 972 1574 1043 in
1625 968 1892 1043 nefario
1944 992 2073 1044 suo
2124 971 2489 1065 proposito
2540 968 2925 1065 persistere
2962 992 3046 1043 ac

927 1086 1274 1185 progredi,
1336 1096 1700 1183 tamquam
1763 1098 1957 1161 certo
2006 1085 2439 1161 confidentes
2490 1086 2851 1161 neminem
2908 1086 3047 1159 sibi

929 1226 1178 1301 reapse
1231 1203 1612 1277 adversari.

1079 1320 1266 1395 Haec
1318 1330 1560 1394 autem
1613 1320 2041 1417 perversitas
2074 1344 2161 1407 eo
2194 1320 2511 1408 devenit,
2546 1329 2629 1393 ut
2665 1320 3047 1395 hostilibus

921 1437 1286 1534 Subalpini
1339 1438 1693 1513 exercitus
1746 1438 1964 1533 copiis
2018 1438 2107 1511 ad
2160 1437 2439 1512 moenia
2476 1437 2623 1512 fere
2672 1436 2887 1513 huius
2940 1440 3048 1513 al·-

931 1580 1088 1632 mae
1140 1558 1440 1633 Nostrae
1491 1557 1685 1631 urbis
1721 1555 2086 1645 immissis,
2128 1578 2617 1655 quaecumque
2652 1555 2871 1631 fuerit
2910 1558 3053 1631 im—

929 1676 1188 1771 plicata
1239 1676 1812 1763 communicatio,
1867 1674 2187 1772 publicae
2223 1676 2681 1774 privataeque
2734 1676 3047 1753 rationes

921 1793 994 1865 in
1045 1794 1428 1869 discrimen
1481 1794 1821 1867 adductae
1852 1844 1873 1879 ,
1928 1804 2375 1867 commeatus
2426 1793 2803 1890 intercepti
2838 1844 2863 1879 ,
2922 1807 2999 1869 et
3022 1848 3045 1883 ,

927 1914 1116 2009 quod
1168 1913 1666 2009 gravissimum
1726 1922 1839 1985 est
1876 1964 1899 1999 ,
1956 1912 2297 1986 Summus
2378 1913 2599 1987 totius
2680 1912 3043 1989 Ecclesiae

931 2029 1081 2107 Pon
1091 2031 1260 2107 tifex
1313 2031 1386 2105 in
1443 2031 1821 2105 molestam
1870 2028 2198 2103 redactus
2250 2028 2743 2103 difficultatem
2796 2028 3053 2105 Eccle-

925 2151 1072 2225 siae
1123 2150 1344 2247 ipsius
1395 2148 1725 2246 negotiis,
1783 2155 1997 2243 prout
2047 2170 2163 2219 res
2216 2146 2561 2242 postulat,
2600 2146 3045 2231 consulendi,

928 2278 1302 2362 propterea
1353 2266 1544 2363 quod
1595 2264 1913 2338 maxime
1964 2274 2365 2338 coarctetur
2418 2264 2533 2337 via
2584 2286 2753 2338 cum
2829 2264 3047 2338 variis

931 2381 1118 2457 orbis
1171 2383 1490 2479 partibus
1539 2381 2135 2458 communicandi.
2194 2379 2675 2471 Quamobrem
2712 2382 2785 2454 in
2825 2383 3049 2455 tantis

927 2502 1202 2577 Nostris
1253 2501 1600 2598 angustiis
1630 2554 1651 2589 ,
1710 2510 2061 2596 tantoque
2122 2523 2362 2575 rerum
2412 2500 2823 2577 discrimine
2854 2552 2879 2588 ,
2938 2500 3051 2574 vel

933 2622 1134 2697 facile
1161 2622 1578 2719 intelligitis,
1635 2618 2087 2695 Venerabiles
2142 2619 2455 2709 Fratres,
2488 2619 2633 2695 Nos
2672 2620 2865 2695 tristi
2922 2642 3055 2693 ne·-

931 2739 1263 2813 cessitate
1315 2762 1402 2813 eo
1453 2738 1592 2812 iam
1641 2736 1867 2814 ferme
1916 2735 2191 2833 impelli
2226 2789 2247 2825 ,
2304 2748 2387 2811 ut
2436 2737 2553 2811 vel
2592 2737 2801 2813 inviti
2854 2738 3057 2834 cogi-

937 2870 1092 2931 tare
1127 2856 1512 2931 debeamus
1563 2857 1652 2931 de
1690 2866 2093 2954 opportuno
2128 2855 2579 2953 suscipiendo
2614 2854 2917 2931 consilio
2968 2854 3055 2928 ad

929 2972 1274 3050 Nostram
1323 2974 1747 3071 dignitatem
1800 2978 2169 3051 tuendam.

1085 3090 1376 3165 Interim
1430 3091 1783 3166 abstinere
1834 3118 1977 3169 non
2038 3113 2421 3190 possumus
2464 3142 2486 3179 ,
2543 3090 2715 3188 quin
2770 3100 3055 3187 praeter

931 3209 1064 3283 alia
1089 3208 1534 3306 deploremus
1569 3207 1933 3285 funestum
1968 3232 2051 3285 ac
2076 3209 2550 3305 perniciosum
2588 3208 3041 3305 principium,

932 3326 1123 3422 quod
1174 3336 1433 3401 vocant
1481 3326 1570 3400 de
1621 3349 1765 3399 non
1827 3324 2273 3414 Inter-ventu,
2328 3348 2369 3398 a
2422 3324 2851 3422 quibusdam
2902 3322 3053 3399 Gu-

935 3440 1198 3516 berniis
1250 3443 1438 3518 haud
1488 3444 1590 3516 ita
1641 3444 1943 3540 pridem,
1996 3444 2251 3517 ceteris
2326 3442 2821 3530 tolerantibus,
2880 3464 3053 3539 pro-

935 3558 1344 3645 clamatum,
1401 3571 1476 3634 et
1527 3559 1923 3637 adhibitum
1972 3560 2187 3634 etiam
2240 3582 2405 3634 cum
2456 3561 2545 3635 de
2600 3559 2869 3634 iniusta
2922 3560 3051 3633 ali-

937 3677 1135 3752 cuius
1187 3675 1524 3751 Gubernii
1575 3690 1827 3753 contra
1862 3676 2051 3752 aliud
2086 3678 2533 3775 aggressione
2576 3689 2833 3774 agatur
2872 3701 2891 3748 ε
2954 3676 3049 3749 ita

935 3810 1018 3870 ut
1067 3796 1414 3893 quaedam
1466 3795 1689 3869 veluti
1740 3796 2135 3892 impunitas
2188 3818 2271 3868 ac
2322 3794 2607 3869 licentia
2660 3794 3049 3891 impetendi

935 3938 1018 3988 ac
1065 3912 1433 4009 diripiendi
1485 3914 1713 3989 aliena
1760 3915 1913 3987 iura
1943 3965 1962 4001 ,
2006 3913 2481 4012 proprietates
2522 3963 2542 4000 ,
2602 3936 2687 3985 ac
2738 3912 3052 3989 ditiones

937 4033 1124 4129 ipsas
1175 4042 1418 4107 contra
1470 4032 1747 4107 divinas
1811 4032 2303 4131 humanasque
2380 4030 2573 4130 leges
2624 4030 2883 4105 sanciri
2942 4032 3053 4103 vi-

935 4152 1210 4236 deatur-3
1237 4152 1839 4245 quemadmodum
1892 4150 2213 4228 luctuosa
2250 4152 2381 4227 hac
2416 4160 2851 4249 tempestate
2886 4172 3047 4225 cer-
