3317 5267
2318 424 2463 496 5⁰3

339 536 538 612 cultu
599 536 910 632 corporis
971 536 1356 609 immutato
1423 539 1713 612 strenue
1782 554 1933 608 rem
2006 535 2465 611 christianam

341 653 730 750 agitabant.
790 651 898 728 Ab
949 653 1034 726 iis
1085 653 1454 749 sexaginta
1507 665 1584 726 et
1635 655 1945 751 quinque
1996 655 2217 728 millia
2258 676 2467 751 prae-

344 781 457 842 ter
517 767 826 844 infantes
889 768 1106 842 sacris
1172 769 1378 842 undis
1440 766 1673 842 abluti·
1724 781 1915 842 sunt.
1983 768 2120 844 Per
2180 792 2467 866 asperas

343 895 560 982 atque
617 885 958 960 secundas
1017 884 1338 960 fortunas
1409 907 1819 981 processum
1890 896 2001 958 est
2068 910 2295 984 usque
2370 888 2459 962 ad

345 1025 610 1078 annum
681 1001 1264 1092 MDLxxxxffl,
1335 1025 1480 1100 quo
1546 1003 1865 1079 nonnulli
1934 1027 2025 1076 ex
2092 1006 2457 1102 seraphica

343 1119 612 1196 familia
673 1123 998 1199 homines
1061 1137 1533 1200 accesserunt.
1604 1124 1805 1197 Tunc
1876 1125 2217 1220 temporis
2284 1147 2469 1198 cen—

347 1253 504 1317 tum
555 1265 639 1317 ac
703 1243 994 1340 triginta
1054 1255 1360 1340 quatuor
1407 1243 1781 1320 Societatis
1846 1243 2113 1323 alumni
2172 1245 2261 1318 ad
2322 1258 2471 1316 ter·-

343 1370 551 1434 centa
611 1362 926 1456 capitum
989 1361 1209 1435 millia
1271 1371 1426 1438 toto
1485 1361 1628 1435 late
1698 1363 1997 1458 imperio
2066 1363 2467 1436 christianis

340 1476 491 1572 jam
545 1489 700 1552 tum
753 1479 1030 1552 initiata
1085 1480 1442 1577 mysteriis
1494 1478 1624 1555 soli
1659 1479 2291 1578 colebant‚quum·
2324 1505 2471 1577 op-

341 1607 644 1692 portune
699 1600 898 1672 venit
949 1599 1022 1670 in
1062 1597 1436 1694 Japoniam
1471 1599 1881 1694 designatus
1924 1599 2295 1696 episcopus
2333 1597 2473 1673 Pe-

345 1726 500 1788 trus
549 1715 892 1790 Martinez
942 1739 985 1788 e
1027 1715 1382 1790 Societate
1443 1715 1616 1790 Jesu
1678 1715 1767 1789 ad
1831 1717 2319 1790 Taicosamam
2380 1717 2469 1790 ab

341 1828 578 1904 Indiae
639 1844 964 1928 praetore
1025 1833 1394 1928 legationis
1455 1832 1819 1906 obeundae
1883 1833 2116 1928 specie
2180 1833 2467 1915 missus,

342 1947 490 2043 qui.
517 1949 814 2022 comiter
865 1969 908 2022 a
959 1961 1263 2046 tyranno
1311 1959 1656 2044 exceptus
1708 1948 1953 2022 sedem
2005 1949 2223 2022 etiam
2252 1948 2323 2022 in
2353 1971 2471 2022 re-

342 2086 482 2159 gno
532 2064 746 2162 figere
800 2067 1058 2162 potuit.

495 2181 560 2274 S.
621 2188 694 2254 4.
751 2183 1064 2258 Maxima
1111 2185 1522 2260 dominandi
1571 2186 1827 2284 cupido
1874 2186 2025 2280 jam
2076 2185 2295 2260 totius
2347 2183 2473 2258 Ja-

343 2305 596 2398 poniae
647 2315 928 2402 potens,
991 2327 1130 2407 qua
1183 2303 1478 2380 affectus
1537 2305 1769 2380 fuerat
1806 2307 2243 2392 Taicosama‚
2282 2305 2473 2380 Bon-

345 2421 754 2519 ziorumque
779 2423 1150 2529 clamor-ee,
1191 2421 1448 2518 quibus
1483 2423 1849 2519 antiquam
1876 2422 2159 2520 imperii
2180 2423 2476 2520 religio-

342 2547 508 2612 nem
560 2540 858 2635 deprimi
911 2552 986 2614 et
1037 2539 1401 2616 contemni
1451 2539 1959 2634 querebantur,
2011 2541 2470 2634 gravissimae

341 2659 814 2751 persecutioni
841 2659 1126 2732 initium
1153 2659 1434 2732 dedere.
1473 2657 1576 2732 Ad
1609 2658 1997 2732 acuendam
2026 2648 2471 2754 imperatoris

341 2771 518 2848 iram
569 2784 858 2870 praesto
907 2773 1046 2848 fuit
1100 2772 1462 2858 saucians,
1519 2773 1755 2870 regius
1808 2775 2151 2860 mediam,
2202 2773 2325 2870 qui
2356 2796 2475 2846 ar-

339 2889 516 2966 dens
577 2893 737 2968 odio
799 2891 1170 2966 christiani
1232 2891 1542 2966 nominis
1603 2904 1678 2964 et
1751 2904 2035 2986 patrum
2098 2891 2472 2966 Societatis

343 3006 537 3097 Jcsu,
593 3011 1038 3086 occasionem
1089 3021 1370 3096 nactus,
1427 3031 1679 3104 graves
1730 3009 1803 3080 in
1858 3009 2281 3084 christianos
2339 3033 2471 3083 ca·—

340 3127 649 3203 lumnias
699 3132 962 3204 struxit
999 3183 1022 3218 ‚
1079 3139 1158 3204 et
1209 3151 1350 3226 qua
1391 3127 1689 3201 'valebat
1742 3128 1813 3199 in
1870 3129 2259 3226 principem
2312 3152 2479 3226 gra·-

342 3245 442 3320 tia
501 3269 674 3322 usus
735 3249 822 3324 ad
901 3247 1312 3344 religionem
1385 3245 1671 3341 penitus
1746 3248 2205 3322 evertendam
2276 3251 2473 3344 gravi

339 3365 659 3438 oratione
710 3365 1124 3440 commovit.
1157 3363 1414 3451 -Quare
1501 3361 1917 3436 Taicosama
1976 3363 2083 3439 ira
2142 3365 2471 3440 incensus

346 3482 568 3556 edixit
613 3483 928 3578 primum
978 3494 1062 3556 ut
1119 3500 1374 3556 omnes
1435 3503 1568 3556 seu
1635 3481 1941 3554 ministri
2000 3481 2467 3578 Evangelicae

344 3603 886 3698 praedicationis
939 3627 1068 3676 seu
1145 3600 1685 3678 Christifideles.
1730 3600 2182 3677 acerbissima
2240 3616 2475 3678 morte

343 3710 848 3814 plecterentur.
903 3716 1134 3808 Quam
1187 3720 1482 3815 quidem
1529 3719 1963 3793 sententiam
2026 3731 2277 3814 rogatu
2340 3725 2471 3816 gu·

343 3834 738 3912 bernatoris
791 3836 1206 3922 Maeeensisg
1261 3836 1382 3932 qui
1434 3835 1837 3909 christianis
1872 3834 2181 3923 favebat,
2219 3838 2471 3912 deinde

341 3955 430 4030 ad
483 3979 606 4032 eos
659 3957 1070 4042 coarctavit,
1124 3955 1246 4052 qui
1297 3977 1337 4026 e
1403 3951 1823 4049 Philippinis
1884 3955 2337 4037 advenissent
2398 3960 2472 4029 et

345 4071 576 4169 legem
638 4072 1096 4148 christianam
1159 4095 1204 4146 a
1263 4089 1340 4148 se
1413 4069 1845 4166 prohibitam
1918 4071 2469 4166 praedicassent,

339 4213 519 4288 quos
573 4191 644 4268 in
699 4213 982 4268 crucem
1033 4191 1144 4288 agi
1199 4189 1663 4286 Nangasacbii
1696 4190 1933 4284 iussit.
1974 4189 2123 4266 Hoc
2160 4190 2471 4286 impera-
