3317 5267
2254 452 2392 524 481

447 571 512 666 §-
575 577 694 645 19.
751 572 1164 648 Franciscus
1220 567 1606 644 Meacensis
1634 567 2149 666 hippocraticae
2221 570 2409 642 artis

297 687 568 776 doctor,
613 700 894 766 tantum
921 690 1052 764 sibi
1093 708 1352 764 nomen
1389 688 1827 782 comparavit
1878 687 1951 760 in
1986 685 2255 762 morbis
2290 709 2411 760 sa·-

295 803 574 891 nandis,
611 817 696 880 ut
743 807 816 878 in
869 806 1200 879 universo
1252 802 1594 899 Japoniae
1630 823 1848 897 regno
1885 803 2250 897 splendide
2288 825 2413 878 ce-

296 919 711 1011 lebraretur,
750 922 1138 1022 Medicique
1184 921 1566 1019 agnomine
1605 919 2101 1016 appellaretur.
2146 917 2407 994 Adole-

292 1057 496 1110 scens
533 1035 952 1112 Bonziorum
989 1048 1262 1111 sectam
1305 1035 1654 1118 coluerat,
1700 1033 2121 1130 assidueque
2174 1035 2409 1108 animo

295 1152 688 1240 volutabat,
727 1176 818 1226 an
871 1175 1038 1227 vera
1109 1163 1353 1226 essent
1403 1150 1765 1246 religionis
1828 1171 1998 1222 suae
2049 1149 2405 1244 dogmata.

297 1267 452 1341 Una
489 1291 650 1344 cum
679 1270 818 1345 fflio
851 1269 1168 1366 proregis
1202 1267 1458 1364 Bungii
1493 1267 1793 1362 aliisque
1833 1265 2006 1341 viris
2032 1266 2415 1340 comitatus

295 1396 410 1458 est
433 1387 729 1460 classem
757 1384 846 1458 ab
873 1387 1298 1482 imperatore
1328 1385 1741 1460 Taicosama
1772 1383 2113 1456 adversus
2146 1379 2411 1457 Coreae

309 1523 548 1597 regem
599 1515 1106 1598 comparatam.
1183 1501 1379 1577 Bello
1427 1498 1847 1596 composito,
1920 1500 2009 1573 de
2062 1499 2417 1594 religionis

301 1639 470 1690 suae
505 1619 806 1692 veritate
841 1619 1356 1693 sermocinatus
1391 1628 1504 1690 est
1537 1638 1703 1691 cum
1759 1615 2071 1702 ethnico,
2098 1615 2221 1712 qui
2274 1639 2413 1688 nu-

299 1755 428 1830 per
461 1755 773 1809 errorem
801 1733 1272 1830 abjuraverat.
1306 1733 1545 1808 Placet
1571 1732 1945 1806 consilium
1982 1732 2073 1805 ab
2124 1756 2210 1806 eo
2247 1745 2412 1806 tra-

300 1852 530 1926 ditum
580 1851 1044 1927 christianum
1123 1853 1588 1928 catechistam
1668 1851 1995 1924 adeundi.
2055 1849 2233 1924 Cum
2288 1849 2405 1924 illo

301 1969 747 2066 colloquitur,
800 1970 924 2043 dat
973 1989 1228 2043 manus
1281 1969 1529 2056 victas,
1589 1967 2018 2064 baptismate
2071 1966 2403 2041 abluitur.

301 2081 476 2181 Ejus
528 2086 630 2159 rei
665 2086 848 2160 sama
902 2109 1030 2183 per
1065 2087 1438 2184 Japoniam
1475 2087 1879 2160 universam
1905 2085 2199 2181 perlata,
2232 2109 2410 2159 uxor

301 2203 584 2298 etipsa
634 2202 1014 2276 christiana
1084 2205 1404 2278 efficitur.
1472 2203 1883 2279 Franciscus
1932 2204 2076 2276 acri
2129 2204 2409 2300 ingenio

299 2321 659 2416 praeditus
709 2330 858 2394 non*
903 2321 1116 2395 modo
1170 2320 1385 2394 libros
1437 2321 1749 2395 medicos
1803 2319 2245 2414 conscripsit,
2284 2319 2411 2392 sed

301 2433 554 2530 quibus
606 2439 824 2510 etiam
875 2435 1230 2532 religionis
1282 2435 1703 2509 christianae
1741 2436 2117 2509 veritatem
2171 2445 2411 2506 tuere-

301 2563 442 2640 tur,
481 2553 902 2628 Bonziorum
933 2553 1370 2652 argumentis
1403 2553 1753 2628 refutatis.
1790 2553 1973 2629 Toto
2025 2554 2215 2626 vitae
2241 2573 2411 2624 suae

297 2673 526 2766 spatio
581 2673 836 2744 animis
887 2671 1438 2768 corporibusque
1468 2671 1799 2768 juvandis
1852 2694 1929 2746 se
1983 2671 2205 2744 dedit.
2245 2667 2411 2740 Fra-

301 2796 446 2861 tres
496 2787 802 2862 Minores
877 2811 963 2862 eo
1017 2790 1396 2884 interprete
1451 2787 1861 2876 utebantur-3
1928 2789 2134 2884 eique
2214 2787 2407 2859 tertii

297 2901 580 2980 Ordinis
631 2906 978 3002 seraphici
1009 2906 1228 3000 patris
1263 2904 1582 2978 habitum
1608 2906 1841 3000 largiti
1880 2903 2187 2978 fuerant.
2230 2903 2411 2978 Sex-

299 3034 458 3095 tum
509 3035 586 3096 et
635 3023 1252 3121 quadragesimum
1305 3023 1559 3095 aetatis
1613 3043 1877 3095 annum
1933 3020 2211 3117 agebat.

449 3139 514 3232 g.
573 3143 697 3212 20.
761 3138 1076 3213 Thomas
1111 3136 1414 3233 Cosaqui
1444 3137 1695 3232 quinto
1730 3159 1812 3209 ac
1844 3137 2119 3212 decimo
2157 3137 2412 3212 aetatis

299 3277 484 3330 anno
537 3255 858 3352 martyrii
913 3255 1204 3352 gloriam
1245 3265 1669 3348 assequutus
1706 3264 1841 3326 est.
1883 3251 2101 3348 Aquis
2152 3255 2413 3328 lustra-

297 3369 479 3444 libus
531 3393 671 3444 una
723 3393 884 3444 cum
940 3382 1140 3467 patre
1201 3393 1332 3443 suo
1384 3380 1837 3464 regeneratus
1890 3367 2150 3458 fuerat,
2192 3383 2409 3468 atque

296 3489 668 3563 undecimo
705 3488 892 3561 vitae
921 3511 1108 3564 anno
1161 3488 1460 3562 traditus
1511 3485 1722 3559 beato
1760 3483 1971 3560 Petro
2013 3486 2404 3584 Baptistae,

297 3607 418 3703 qui
473 3607 668 3679 illum
721 3607 948 3680 sancti
1001 3606 1352 3680 Francisci
1418 3603 1610 3676 tertii
1645 3600 1927 3677 Ordinis
1989 3604 2239 3680 habitu
2290 3631 2410 3682 or-

298 3725 520 3795 navit.
582 3724 887 3818 Accepto
941 3723 1363 3798 catechistae
1401 3741 1697 3794 munere
1728 3771 1749 3806 ‚
1808 3719 2215 3797 adolescens
2268 3746 2411 3799 non

299 3843 512 3916 modo
563 3842 770 3914 rudes
795 3889 822 3926 ‚
903 3841 1027 3915 sed
1079 3841 1526 3915 doctissimos
1587 3857 1869 3934 quoque
1923 3839 2009 3912 ad
2070 3839 2231 3914 fidei
2280 3841 2413 3914 do—

295 3971 535 4054 gmata
587 3958 1082 4054 amplectenda
1115 3957 1308 4030 falsis
1362 3954 1919 4050 sophismatibus
1944 3955 2241 4030 detectis
2270 3956 2409 4030 im·-

295 4076 626 4174 pellebat.
671 4075 940 4171 Vigiliis
963 4074 1254 4171 aliisque
1283 4073 1849 4148 afflictationibus
1876 4097 2129 4170 corpus
2162 4077 2229 4147 in
2259 4097 2411 4150 ser-

299 4198 601 4270 vitutem
629 4195 1015 4292 redigebat.
1058 4191 1414 4290 Seraphici
1443 4190 1675 4266 Patris
1704 4195 2017 4290 vestigiis
2046 4194 2401 4284 insistenS,
