3317 5267
2332 430 2421 499 41

310 540 776 627 Cancelleria,
843 540 942 613 ita
1004 548 1086 613 ut
1153 538 1237 612 iis
1275 538 1751 636 pariformiter
1804 536 2437 639 Archiepiscopalis

313 674 390 733 et
477 658 990 754 Metropolitica
1065 657 1502 753 nuncupatio
1575 655 1949 745 inferatur,
2042 658 2433 755 itidemque

307 790 614 877 utraque
665 776 974 851 aedificia
1028 800 1157 875 pro
1192 776 1404 865 bime,
1439 788 1522 849 ut
1554 787 1791 863 antea,
1830 774 2240 850 Seminariis
2292 776 2436 851 Ee-

310 896 882 971 clesiasticorum
917 894 1386 969 Alumnorum
1432 895 1505 967 in
1554 893 1899 983 bonitate,
1956 893 2323 992 disciplina
2375 906 2451 969 et

309 1013 612 1087 seientia
641 1013 840 1087 iuxta
873 1032 1234 1085 sacrorum
1263 1006 1630 1099 Canonum
1659 1011 2089 1105 praescripta
2126 1011 2437 1086 educan-

308 1130 568 1203 dorum
647 1128 973 1203 instituta
1061 1128 1134 1200 in
1214 1125 1847 1223 Archiepiscopalia
1897 1126 2435 1223 Metropolitana

307 1246 708 1322 Seminaria
741 1269 910 1327 cum
945 1248 1094 1321 suis
1131 1244 1390 1343 ubique
1426 1244 1757 1320 omnihus
1783 1256 1857 1319 et
1892 1246 2183 1340 singulis
2225 1268 2437 1341 prae-

307 1364 672 1459 rogativis,
727 1362 1021 1450 iuribus,
1052 1348 1446 1459 ceterisque
1471 1360 1622 1435 aliis
1679 1359 1789 1433 vel
1840 1360 1927 1433 de
1980 1358 2158 1445 iure,
2196 1360 2309 1433 vel
2344 1360 2433 1433 de
2516 1351 2524 1359 ’

305 1502 508 1556 more
531 1481 1168 1557 concomitantibus
1193 1482 1380 1555 dicta
1407 1477 1809 1577 Apostolica
1836 1478 2249 1553 auctoritate
2282 1500 2435 1573 per·
2484 1554 2489 1557 ,

306 1610 524 1695 petuo
575 1599 842 1695 pariter
893 1600 1362 1695 assignamus.

473 1714 746 1791 Rursus
795 1728 1062 1804 autem,
1119 1729 1198 1790 ut
1225 1715 1522 1813 quisque
1565 1712 2051 1788 Rhedonensis
2088 1738 2215 1809 pro
2245 1725 2433 1789 tem-

305 1858 477 1932 pore
527 1834 974 1935 Metropolita
1027 1836 1255 1911 valeat
1307 1857 1536 1921 suam,
1567 1834 1676 1907 uti
1728 1857 1857 1930 par
1922 1846 2059 1919 est,
2098 1834 2433 1907 decenter

310 1952 492 2026 tueri
543 1953 988 2049 dignitatem,
1045 1965 1120 2027 et
1171 1951 1510 2027 oneribus
1564 1950 2212 2047 Archiepiseopatui
2266 1948 2431 2023 Me·—

314 2068 748 2164 tropolitano
800 2068 1330 2145 inhaerentibus
1384 2066 1785 2163 prospicere
1864 2089 1946 2141 ac
1997 2065 2431 2153 satisfacere3

310 2184 472 2260 ideo
503 2208 693 2274 eam,
731 2210 914 2283 quae
951 2188 1096 2261 iam
1151 2210 1280 2283 pro
1357 2184 1614 2260 ceteris
1653 2184 1725 2255 in
1783 2182 2006 2257 Gallia
2064 2182 2428 2279 Archiepi-

305 2304 714 2400 scopatibus
749 2306 1104 2403 assignata
1138 2315 1213 2379 et
1250 2312 1522 2387 statuta
1557 2284 2012 2397 comperitur,
2048 2324 2431 2399 congruam

307 2423 748 2499 dotationem
784 2424 1236 2501 Rhedonensi
1273 2446 1554 2521 quoque
1595 2419 2183 2520 Archiepiscopali
2226 2446 2431 2499 men-

309 2564 432 2615 sae
463 2594 486 2629 ,
542 2543 854 2640 itemque
907 2543 1157 2617 Curiae
1211 2542 1749 2617 Ecclesiasticae
1804 2553 1878 2619 et
1942 2542 2429 2637 Archiepisco-

313 2660 458 2756 pali
511 2660 788 2739 vicario
817 2662 1220 2759 Apostolica
1253 2660 1673 2737 auctoritate
1708 2660 2065 2756 praedicta
2093 2670 2435 2758 perpetuo

299 2781 532 2853 'etiam
585 2781 1064 2871 attribuimus,
1093 2784 1284 2859 nulla
1337 2793 1578 2860 tamen
1615 2782 1899 2857 inducta
1937 2784 2431 2859 immutatione

310 2898 546 2993 quoad
571 2898 868 2974 huiusce
897 2922 1122 2975 novae
1159 2898 1739 2995 Metropolitanae
1776 2899 2131 2975 Ecclesiae
2162 2911 2431 2986 taxam,

311 3036 500 3110 quae
545 3038 677 3112 pro
729 3018 1182 3113 expeditione
1233 3014 1661 3092 Litterarum
1690 3014 2247 3115 Apostolicarum
2298 3016 2435 3091 suh

315 3129 618 3205 Plumho
665 3132 742 3205 in
793 3133 1050 3207 {lituris
1097 3130 1656 3229 quibuscumque
1708 3132 1895 3208 illius
1918 3132 2433 3229 provisionibus

313 3248 390 3323 in
441 3250 676 3323 aureis
727 3252 1070 3328 tercentis
1145 3272 1358 3347 supra
1410 3250 1861 3347 septuaginta
1953 3248 2007 3321 F
2011 3249 2269 3323 lorenis
2345 3248 2431 3321 de

313 3363 612 3439 Camera
661 3377 1143 3441 conservetur.

471 3480 624 3572 Qus
673 3484 964 3581 quidem
1015 3483 1466 3558 Rhodonensi
1525 3481 1847 3557 Ecclesia
1880 3494 2049 3577 post
2079 3481 2261 3557 illius
2298 3482 2433 3555 Ca-

313 3600 653 3676 thedralis
705 3602 1216 3677 extinctionem
1267 3603 1344 3675 in
1391 3602 2039 3699 metropolitanam,
2094 3612 2178 3675 ut
2210 3622 2432 3697 prae-
2476 3686 2479 3691 ,

315 3717 656 3807 mittitur,
740 3730 974 3793 erecta
1004 3771 1024 3806 ,
1079 3742 1170 3793 ne
1221 3742 1601 3816 parumper
1680 3718 1965 3815 quidem
2044 3718 2141 3790 illi
2248 3717 2433 3791 desit

315 3834 572 3910 Pastor
641 3837 974 3913 canonice
1036 3837 1577 3934 praeficiendus,
1629 3848 2103 3913 memoratum
2160 3832 2431 3910 Gothe-

315 3949 578 4025 frisium
627 3976 859 4051 usque
883 3954 1094 4031 modo
1129 3953 1564 4050 Episcopum
1596 3953 2139 4027 Rhedonensem
2170 3952 2242 4025 in
2296 3952 2429 4025 Ar-

311 4066 846 4164 chiep‘mcopnm
867 4070 1336 4157 declaramus,
1359 4072 1462 4143 ita
1491 4070 1679 4166 quod
1732 4068 2036 4165 ipsemet
2062 4066 2433 4143 Gutheffi-ff-

310 4184 446 4259 dus
483 4183 803 4261 Antistes
837 4187 1103 4286 absque
1131 4190 1269 4263 ulla
1303 4189 1391 4263 de
1425 4189 1578 4261 eius
1603 4187 1961 4263 Ecclesiae
2006 4186 2431 4261 Rhedonen-

313 4301 412 4373 sis
463 4303 860 4398 provisione
911 4305 1000 4381 de
1051 4328 1237 4381 novo
1289 4304 1606 4381 facienda
1655 4306 1725 4378 in
1808 4301 2427 4403 Archiepiscopum
