<?xml version="1.0" encoding="UTF-8"?>
<!DOCTYPE html PUBLIC "-//W3C//DTD XHTML 1.0 Transitional//EN"
    "http://www.w3.org/TR/xhtml1/DTD/xhtml1-transitional.dtd">
<html xmlns="http://www.w3.org/1999/xhtml" xml:lang="en" lang="en">
 <head>
  <title>
</title>
<meta http-equiv="Content-Type" content="text/html;charset=utf-8" />
  <meta name='ocr-system' content='tesseract 3.04.00' />
  <meta name='ocr-capabilities' content='ocr_page ocr_carea ocr_par ocr_line ocrx_word'/>
</head>
<body>
  <div class='ocr_page' id='page_1' title='image "./piiixpontificis00ixgoog_0549.png"; bbox 0 0 3317 5267; ppageno 0'>
   <div class='ocr_carea' id='block_1_1' title="bbox 183 437 2481 4252">
    <p class='ocr_par' dir='ltr' id='par_1_1' title="bbox 261 437 2481 2626">
     <span class='ocr_line' id='line_1_1' title="bbox 2239 437 2380 509; baseline 0.007 -3"><span class='ocrx_word' id='word_1_1' title='bbox 2239 437 2380 509; x_wconf 77' lang='lat'><strong>539</strong></span> 
     </span>
     <span class='ocr_line' id='line_1_2' title="bbox 275 541 2387 646; baseline 0.001 -24"><span class='ocrx_word' id='word_1_2' title='bbox 275 547 616 646; x_wconf 78' lang='lat' dir='ltr'><strong>nogalliae</strong></span> <span class='ocrx_word' id='word_1_3' title='bbox 667 543 962 640; x_wconf 85' lang='lat' dir='ltr'><strong>eiusque</strong></span> <span class='ocrx_word' id='word_1_4' title='bbox 1013 541 1508 618; x_wconf 78' lang='lat' dir='ltr'><strong>suburbiorum</strong></span> <span class='ocrx_word' id='word_1_5' title='bbox 1585 543 1919 622; x_wconf 87' lang='lat' dir='ltr'><strong>Paroehis</strong></span> <span class='ocrx_word' id='word_1_6' title='bbox 1992 551 2387 626; x_wconf 87' lang='lat' dir='ltr'><strong>animarum</strong></span> 
     </span>
     <span class='ocr_line' id='line_1_3' title="bbox 277 656 2393 745; baseline 0.002 -6"><span class='ocrx_word' id='word_1_7' title='bbox 277 685 528 739; x_wconf 89' lang='lat' dir='ltr'><strong>curam</strong></span> <span class='ocrx_word' id='word_1_8' title='bbox 581 656 1102 745; x_wconf 75' lang='lat' dir='ltr'><strong>exercentibuS,</strong></span> <span class='ocrx_word' id='word_1_9' title='bbox 1155 670 1232 731; x_wconf 89' lang='lat' dir='ltr'><strong>et</strong></span> <span class='ocrx_word' id='word_1_10' title='bbox 1281 658 1371 732; x_wconf 90' lang='lat' dir='ltr'><strong>ab</strong></span> <span class='ocrx_word' id='word_1_11' title='bbox 1441 659 1594 736; x_wconf 87' lang='lat' dir='ltr'><strong>aliis</strong></span> <span class='ocrx_word' id='word_1_12' title='bbox 1631 673 1785 735; x_wconf 89' lang='lat' dir='ltr'><strong>tum</strong></span> <span class='ocrx_word' id='word_1_13' title='bbox 1820 665 2125 741; x_wconf 86' lang='lat' dir='ltr'><strong>civitatis</strong></span> <span class='ocrx_word' id='word_1_14' title='bbox 2174 667 2393 744; x_wconf 89' lang='lat' dir='ltr'><strong>Seno-</strong></span> 
     </span>
     <span class='ocr_line' id='line_1_4' title="bbox 277 776 2389 880; baseline 0.001 -25"><span class='ocrx_word' id='word_1_15' title='bbox 277 779 660 880; x_wconf 80' lang='lat' dir='ltr'><strong>galliensis‚</strong></span> <span class='ocrx_word' id='word_1_16' title='bbox 717 788 872 852; x_wconf 89' lang='lat' dir='ltr'><strong>tum</strong></span> <span class='ocrx_word' id='word_1_17' title='bbox 909 777 1060 850; x_wconf 87' lang='lat' dir='ltr'><strong>eius</strong></span> <span class='ocrx_word' id='word_1_18' title='bbox 1086 776 1582 854; x_wconf 77' lang='lat' dir='ltr'><strong>suburbiorum</strong></span> <span class='ocrx_word' id='word_1_19' title='bbox 1609 777 1943 856; x_wconf 84' lang='lat' dir='ltr'><strong>Parochis</strong></span> <span class='ocrx_word' id='word_1_20' title='bbox 1994 785 2389 859; x_wconf 89' lang='lat' dir='ltr'><strong>animarum</strong></span> 
     </span>
     <span class='ocr_line' id='line_1_5' title="bbox 273 893 2391 990; baseline 0 -17"><span class='ocrx_word' id='word_1_21' title='bbox 273 919 487 973; x_wconf 86' lang='lat' dir='ltr'><strong>curae</strong></span> <span class='ocrx_word' id='word_1_22' title='bbox 539 895 863 981; x_wconf 86' lang='lat' dir='ltr'><strong>addictis,</strong></span> <span class='ocrx_word' id='word_1_23' title='bbox 919 895 1200 990; x_wconf 85' lang='lat' dir='ltr'><strong>quoties</strong></span> <span class='ocrx_word' id='word_1_24' title='bbox 1227 893 1502 970; x_wconf 89' lang='lat' dir='ltr'><strong>illorum</strong></span> <span class='ocrx_word' id='word_1_25' title='bbox 1543 917 1882 972; x_wconf 88' lang='lat' dir='ltr'><strong>numerus</strong></span> <span class='ocrx_word' id='word_1_26' title='bbox 1918 897 2171 974; x_wconf 78' lang='lat' dir='ltr'><strong>futuris</strong></span> <span class='ocrx_word' id='word_1_27' title='bbox 2200 913 2391 974; x_wconf 87' lang='lat' dir='ltr'><strong>tem-</strong></span> 
     </span>
     <span class='ocr_line' id='line_1_6' title="bbox 270 1011 2481 1119; baseline 0.002 -29"><span class='ocrx_word' id='word_1_28' title='bbox 270 1013 562 1112; x_wconf 79' lang='lat' dir='ltr'><strong>poribus</strong></span> <span class='ocrx_word' id='word_1_29' title='bbox 614 1011 710 1084; x_wconf 91' lang='lat' dir='ltr'><strong>ibi</strong></span> <span class='ocrx_word' id='word_1_30' title='bbox 764 1022 1192 1107; x_wconf 83' lang='lat' dir='ltr'><strong>augeretur3</strong></span> <span class='ocrx_word' id='word_1_31' title='bbox 1246 1035 1336 1086; x_wconf 83' lang='lat' dir='ltr'><strong>ex</strong></span> <span class='ocrx_word' id='word_1_32' title='bbox 1391 1013 1872 1112; x_wconf 79' lang='lat' dir='ltr'><strong>Primogenito</strong></span> <span class='ocrx_word' id='word_1_33' title='bbox 1942 1015 2207 1092; x_wconf 82' lang='lat' dir='ltr'><strong>Nobilis</strong></span> <span class='ocrx_word' id='word_1_34' title='bbox 2238 1017 2387 1094; x_wconf 89' lang='lat' dir='ltr'><strong>No-</strong></span> <span class='ocrx_word' id='word_1_35' title='bbox 2472 1111 2481 1119; x_wconf 28' lang='grc' dir='ltr'>ι</span> 
     </span>
     <span class='ocr_line' id='line_1_7' title="bbox 273 1126 2389 1227; baseline 0.002 -22"><span class='ocrx_word' id='word_1_36' title='bbox 273 1146 468 1205; x_wconf 88' lang='lat' dir='ltr'><strong>strae</strong></span> <span class='ocrx_word' id='word_1_37' title='bbox 521 1127 858 1202; x_wconf 88' lang='lat' dir='ltr'><strong>Familiae</strong></span> <span class='ocrx_word' id='word_1_38' title='bbox 911 1126 1162 1201; x_wconf 84' lang='lat' dir='ltr'><strong>Mastai</strong></span> <span class='ocrx_word' id='word_1_39' title='bbox 1187 1127 1623 1227; x_wconf 75' lang='lat' dir='ltr'><strong>Senogalliae</strong></span> <span class='ocrx_word' id='word_1_40' title='bbox 1664 1155 1688 1219; x_wconf 84' lang='lat'><em>3</em></span> <span class='ocrx_word' id='word_1_41' title='bbox 1742 1154 1829 1205; x_wconf 81' lang='lat' dir='ltr'><strong>ex</strong></span> <span class='ocrx_word' id='word_1_42' title='bbox 1868 1129 2231 1208; x_wconf 76' lang='lat' dir='ltr'><strong>Praefecto</strong></span> <span class='ocrx_word' id='word_1_43' title='bbox 2256 1133 2389 1208; x_wconf 87' lang='lat' dir='ltr'><strong>Se-</strong></span> 
     </span>
     <span class='ocr_line' id='line_1_8' title="bbox 273 1243 2391 1348; baseline 0.003 -28"><span class='ocrx_word' id='word_1_44' title='bbox 273 1247 724 1345; x_wconf 79' lang='lat' dir='ltr'><strong>nogalliensis</strong></span> <span class='ocrx_word' id='word_1_45' title='bbox 777 1243 1162 1341; x_wconf 85' lang='lat' dir='ltr'><strong>Municipii,</strong></span> <span class='ocrx_word' id='word_1_46' title='bbox 1219 1247 1428 1342; x_wconf 83' lang='lat' dir='ltr'><strong>vulgo</strong></span> <span class='ocrx_word' id='word_1_47' title='bbox 1485 1245 2021 1345; x_wconf 69' lang='lat' dir='ltr'><strong>Gonsalouierc,</strong></span> <span class='ocrx_word' id='word_1_48' title='bbox 2052 1261 2265 1348; x_wconf 88' lang='lat' dir='ltr'><strong>atque</strong></span> <span class='ocrx_word' id='word_1_49' title='bbox 2299 1274 2391 1326; x_wconf 84' lang='lat' dir='ltr'><strong>ex</strong></span> 
     </span>
     <span class='ocr_line' id='line_1_9' title="bbox 278 1361 2389 1464; baseline 0.004 -28"><span class='ocrx_word' id='word_1_50' title='bbox 278 1363 580 1440; x_wconf 87' lang='lat' dir='ltr'><strong>Rectore</strong></span> <span class='ocrx_word' id='word_1_51' title='bbox 635 1361 1000 1459; x_wconf 80' lang='lat' dir='ltr'><strong>Gymnasii</strong></span> <span class='ocrx_word' id='word_1_52' title='bbox 1051 1384 1094 1434; x_wconf 91' lang='lat' dir='ltr'><strong>a</strong></span> <span class='ocrx_word' id='word_1_53' title='bbox 1146 1361 1362 1437; x_wconf 88' lang='lat' dir='ltr'><strong>Nobis</strong></span> <span class='ocrx_word' id='word_1_54' title='bbox 1416 1364 1713 1440; x_wconf 86' lang='lat' dir='ltr'><strong>fundati.</strong></span> <span class='ocrx_word' id='word_1_55' title='bbox 1774 1367 1869 1439; x_wconf 90' lang='lat' dir='ltr'><strong>Ut</strong></span> <span class='ocrx_word' id='word_1_56' title='bbox 1920 1378 2162 1442; x_wconf 85' lang='lat' dir='ltr'><strong>antem</strong></span> <span class='ocrx_word' id='word_1_57' title='bbox 2208 1391 2389 1464; x_wconf 86' lang='lat' dir='ltr'><strong>pau-</strong></span> 
     </span>
     <span class='ocr_line' id='line_1_10' title="bbox 273 1478 2389 1577; baseline 0.003 -23"><span class='ocrx_word' id='word_1_58' title='bbox 273 1481 560 1577; x_wconf 84' lang='lat' dir='ltr'><strong>peribus</strong></span> <span class='ocrx_word' id='word_1_59' title='bbox 610 1480 906 1553; x_wconf 87' lang='lat' dir='ltr'><strong>adversa</strong></span> <span class='ocrx_word' id='word_1_60' title='bbox 959 1478 1360 1554; x_wconf 79' lang='lat' dir='ltr'><strong>valetudine</strong></span> <span class='ocrx_word' id='word_1_61' title='bbox 1415 1482 1691 1556; x_wconf 83' lang='lat' dir='ltr'><strong>assidue</strong></span> <span class='ocrx_word' id='word_1_62' title='bbox 1742 1483 2018 1558; x_wconf 85' lang='lat' dir='ltr'><strong>afflictis</strong></span> <span class='ocrx_word' id='word_1_63' title='bbox 2048 1535 2069 1571; x_wconf 93' lang='lat'><strong>,</strong></span> <span class='ocrx_word' id='word_1_64' title='bbox 2125 1496 2201 1557; x_wconf 89' lang='lat' dir='ltr'><strong>et</strong></span> <span class='ocrx_word' id='word_1_65' title='bbox 2260 1485 2389 1560; x_wconf 87' lang='lat' dir='ltr'><strong>de·</strong></span> 
     </span>
     <span class='ocr_line' id='line_1_11' title="bbox 269 1597 2392 1699; baseline 0.003 -28"><span class='ocrx_word' id='word_1_66' title='bbox 269 1599 529 1674; x_wconf 88' lang='lat' dir='ltr'><strong>relictis</strong></span> <span class='ocrx_word' id='word_1_67' title='bbox 581 1597 830 1694; x_wconf 82' lang='lat' dir='ltr'><strong>puellis</strong></span> <span class='ocrx_word' id='word_1_68' title='bbox 883 1598 1117 1670; x_wconf 88' lang='lat' dir='ltr'><strong>aditus</strong></span> <span class='ocrx_word' id='word_1_69' title='bbox 1169 1599 1256 1672; x_wconf 90' lang='lat' dir='ltr'><strong>ad</strong></span> <span class='ocrx_word' id='word_1_70' title='bbox 1305 1599 1442 1674; x_wconf 89' lang='lat' dir='ltr'><strong>hoc</strong></span> <span class='ocrx_word' id='word_1_71' title='bbox 1493 1598 1697 1673; x_wconf 87' lang='lat' dir='ltr'><strong>Pium</strong></span> <span class='ocrx_word' id='word_1_72' title='bbox 1736 1599 2147 1676; x_wconf 85' lang='lat' dir='ltr'><strong>Institutum</strong></span> <span class='ocrx_word' id='word_1_73' title='bbox 2184 1617 2392 1699; x_wconf 86' lang='lat' dir='ltr'><strong>pate-</strong></span> 
     </span>
     <span class='ocr_line' id='line_1_12' title="bbox 269 1709 2387 1812; baseline 0.003 -24"><span class='ocrx_word' id='word_1_74' title='bbox 269 1727 406 1802; x_wconf 89' lang='lat' dir='ltr'><strong>ret,</strong></span> <span class='ocrx_word' id='word_1_75' title='bbox 461 1737 590 1810; x_wconf 90' lang='lat' dir='ltr'><strong>per</strong></span> <span class='ocrx_word' id='word_1_76' title='bbox 639 1714 924 1786; x_wconf 86' lang='lat' dir='ltr'><strong>easdem</strong></span> <span class='ocrx_word' id='word_1_77' title='bbox 977 1709 1280 1788; x_wconf 80' lang='lat' dir='ltr'><strong>Litteras</strong></span> <span class='ocrx_word' id='word_1_78' title='bbox 1332 1714 1685 1812; x_wconf 82' lang='lat' dir='ltr'><strong>Episcopo</strong></span> <span class='ocrx_word' id='word_1_79' title='bbox 1738 1717 2265 1812; x_wconf 73' lang='lat' dir='ltr'><strong>senogalliensi,</strong></span> <span class='ocrx_word' id='word_1_80' title='bbox 2304 1743 2387 1796; x_wconf 87' lang='lat' dir='ltr'><strong>ac</strong></span> 
     </span>
     <span class='ocr_line' id='line_1_13' title="bbox 267 1826 2389 1932; baseline 0.003 -28"><span class='ocrx_word' id='word_1_81' title='bbox 267 1829 566 1905; x_wconf 79' lang='lat' dir='ltr'><strong>Nostrae</strong></span> <span class='ocrx_word' id='word_1_82' title='bbox 620 1826 888 1902; x_wconf 90' lang='lat' dir='ltr'><strong>Domus</strong></span> <span class='ocrx_word' id='word_1_83' title='bbox 940 1827 1420 1925; x_wconf 78' lang='lat' dir='ltr'><strong>Primogenito</strong></span> <span class='ocrx_word' id='word_1_84' title='bbox 1471 1843 1546 1906; x_wconf 87' lang='lat' dir='ltr'><strong>et</strong></span> <span class='ocrx_word' id='word_1_85' title='bbox 1597 1832 2105 1930; x_wconf 79' lang='lat' dir='ltr'><strong>Senogalliensi</strong></span> <span class='ocrx_word' id='word_1_86' title='bbox 2160 1833 2389 1932; x_wconf 77' lang='lat' dir='ltr'><strong>Magi-</strong></span> 
     </span>
     <span class='ocr_line' id='line_1_14' title="bbox 265 1941 2389 2044; baseline 0.003 -24"><span class='ocrx_word' id='word_1_87' title='bbox 265 1941 522 2020; x_wconf 87' lang='lat' dir='ltr'><strong>stratui</strong></span> <span class='ocrx_word' id='word_1_88' title='bbox 551 1947 658 2020; x_wconf 91' lang='lat' dir='ltr'><strong>ius</strong></span> <span class='ocrx_word' id='word_1_89' title='bbox 687 1945 1090 2032; x_wconf 86' lang='lat' dir='ltr'><strong>tribuimus,</strong></span> <span class='ocrx_word' id='word_1_90' title='bbox 1108 1958 1187 2019; x_wconf 92' lang='lat' dir='ltr'><strong>ut</strong></span> <span class='ocrx_word' id='word_1_91' title='bbox 1213 1948 1510 2044; x_wconf 87' lang='lat' dir='ltr'><strong>quisque</strong></span> <span class='ocrx_word' id='word_1_92' title='bbox 1539 1971 1789 2022; x_wconf 88' lang='lat' dir='ltr'><strong>eorum</strong></span> <span class='ocrx_word' id='word_1_93' title='bbox 1818 1951 2105 2022; x_wconf 83' lang='lat' dir='ltr'><strong>tertiam</strong></span> <span class='ocrx_word' id='word_1_94' title='bbox 2132 1951 2389 2026; x_wconf 85' lang='lat' dir='ltr'><strong>utrius-</strong></span> 
     </span>
     <span class='ocr_line' id='line_1_15' title="bbox 265 2063 2385 2162; baseline 0.002 -24"><span class='ocrx_word' id='word_1_95' title='bbox 265 2087 409 2162; x_wconf 81' lang='lat' dir='ltr'><strong>que</strong></span> <span class='ocrx_word' id='word_1_96' title='bbox 497 2063 742 2138; x_wconf 87' lang='lat' dir='ltr'><strong>elassis</strong></span> <span class='ocrx_word' id='word_1_97' title='bbox 794 2063 1396 2140; x_wconf 82' lang='lat' dir='ltr'><strong>admittendorum</strong></span> <span class='ocrx_word' id='word_1_98' title='bbox 1450 2077 1729 2161; x_wconf 83' lang='lat' dir='ltr'><strong>partem</strong></span> <span class='ocrx_word' id='word_1_99' title='bbox 1779 2065 2001 2140; x_wconf 87' lang='lat' dir='ltr'><strong>libere</strong></span> <span class='ocrx_word' id='word_1_100' title='bbox 2063 2089 2145 2140; x_wconf 88' lang='lat' dir='ltr'><strong>ac</strong></span> <span class='ocrx_word' id='word_1_101' title='bbox 2196 2066 2385 2142; x_wconf 87' lang='lat' dir='ltr'><strong>licite</strong></span> 
     </span>
     <span class='ocr_line' id='line_1_16' title="bbox 261 2179 2385 2279; baseline 0.001 -25"><span class='ocrx_word' id='word_1_102' title='bbox 261 2181 632 2256; x_wconf 88' lang='lat' dir='ltr'><strong>nominare</strong></span> <span class='ocrx_word' id='word_1_103' title='bbox 685 2191 760 2252; x_wconf 92' lang='lat' dir='ltr'><strong>et</strong></span> <span class='ocrx_word' id='word_1_104' title='bbox 823 2179 1078 2276; x_wconf 83' lang='lat' dir='ltr'><strong>eligere</strong></span> <span class='ocrx_word' id='word_1_105' title='bbox 1139 2191 1406 2275; x_wconf 88' lang='lat' dir='ltr'><strong>posset.</strong></span> <span class='ocrx_word' id='word_1_106' title='bbox 1465 2181 1699 2279; x_wconf 88' lang='lat' dir='ltr'><strong>Atque</strong></span> <span class='ocrx_word' id='word_1_107' title='bbox 1751 2183 2019 2256; x_wconf 89' lang='lat' dir='ltr'><strong>eisdem</strong></span> <span class='ocrx_word' id='word_1_108' title='bbox 2096 2181 2385 2258; x_wconf 86' lang='lat' dir='ltr'><strong>Litteris</strong></span> 
     </span>
     <span class='ocr_line' id='line_1_17' title="bbox 261 2293 2385 2394; baseline -0.001 -20"><span class='ocrx_word' id='word_1_109' title='bbox 261 2293 484 2374; x_wconf 88' lang='lat' dir='ltr'><strong>Nobis</strong></span> <span class='ocrx_word' id='word_1_110' title='bbox 557 2297 1076 2370; x_wconf 83' lang='lat' dir='ltr'><strong>reservavimus</strong></span> <span class='ocrx_word' id='word_1_111' title='bbox 1156 2295 1290 2370; x_wconf 88' lang='lat' dir='ltr'><strong>alia</strong></span> <span class='ocrx_word' id='word_1_112' title='bbox 1345 2297 1416 2370; x_wconf 89' lang='lat' dir='ltr'><strong>in</strong></span> <span class='ocrx_word' id='word_1_113' title='bbox 1469 2311 1837 2394; x_wconf 86' lang='lat' dir='ltr'><strong>posterum</strong></span> <span class='ocrx_word' id='word_1_114' title='bbox 1922 2309 2231 2374; x_wconf 84' lang='lat' dir='ltr'><strong>statuere</strong></span> <span class='ocrx_word' id='word_1_115' title='bbox 2307 2309 2385 2372; x_wconf 88' lang='lat' dir='ltr'><strong>et</strong></span> 
     </span>
     <span class='ocr_line' id='line_1_18' title="bbox 263 2413 2385 2526; baseline 0.002 -38"><span class='ocrx_word' id='word_1_116' title='bbox 263 2413 768 2526; x_wconf 76' lang='lat' dir='ltr'><strong>praescribere,</strong></span> <span class='ocrx_word' id='word_1_117' title='bbox 824 2435 1006 2510; x_wconf 88' lang='lat' dir='ltr'><strong>quae</strong></span> <span class='ocrx_word' id='word_1_118' title='bbox 1061 2437 1190 2512; x_wconf 88' lang='lat' dir='ltr'><strong>pro</strong></span> <span class='ocrx_word' id='word_1_119' title='bbox 1240 2437 1478 2490; x_wconf 88' lang='lat' dir='ltr'><strong>rerum</strong></span> <span class='ocrx_word' id='word_1_120' title='bbox 1515 2415 1955 2512; x_wconf 83' lang='lat' dir='ltr'><strong>experientia</strong></span> <span class='ocrx_word' id='word_1_121' title='bbox 1988 2415 2214 2511; x_wconf 76' lang='lat' dir='ltr'><strong>magis</strong></span> <span class='ocrx_word' id='word_1_122' title='bbox 2252 2437 2385 2513; x_wconf 88' lang='lat' dir='ltr'><strong>op-</strong></span> 
     </span>
     <span class='ocr_line' id='line_1_19' title="bbox 263 2527 1328 2626; baseline 0 -24"><span class='ocrx_word' id='word_1_123' title='bbox 263 2541 568 2626; x_wconf 87' lang='lat' dir='ltr'><strong>portuna</strong></span> <span class='ocrx_word' id='word_1_124' title='bbox 621 2527 840 2604; x_wconf 90' lang='lat' dir='ltr'><strong>Nobis</strong></span> <span class='ocrx_word' id='word_1_125' title='bbox 897 2529 1328 2604; x_wconf 80' lang='lat' dir='ltr'><strong>viderentur.</strong></span> 
     </span>
    </p>

    <p class='ocr_par' dir='ltr' id='par_1_2' title="bbox 183 2646 2386 4252">
     <span class='ocr_line' id='line_1_20' title="bbox 419 2646 2383 2750; baseline 0.004 -30"><span class='ocrx_word' id='word_1_126' title='bbox 419 2647 726 2724; x_wconf 86' lang='lat' dir='ltr'><strong>Demum</strong></span> <span class='ocrx_word' id='word_1_127' title='bbox 783 2647 1040 2724; x_wconf 88' lang='lat' dir='ltr'><strong>Nostro</strong></span> <span class='ocrx_word' id='word_1_128' title='bbox 1095 2646 1576 2750; x_wconf 76' lang='lat' dir='ltr'><strong>chirographo</strong></span> <span class='ocrx_word' id='word_1_129' title='bbox 1613 2649 2049 2748; x_wconf 75' lang='lat' dir='ltr'><strong>senogalliae</strong></span> <span class='ocrx_word' id='word_1_130' title='bbox 2075 2652 2383 2748; x_wconf 81' lang='lat' dir='ltr'><strong>septimo</strong></span> 
     </span>
     <span class='ocr_line' id='line_1_21' title="bbox 261 2763 2382 2866; baseline 0.002 -28"><span class='ocrx_word' id='word_1_131' title='bbox 261 2763 612 2839; x_wconf 86' lang='lat' dir='ltr'><strong>Kalendas</strong></span> <span class='ocrx_word' id='word_1_132' title='bbox 646 2765 884 2839; x_wconf 88' lang='lat' dir='ltr'><strong>lunias</strong></span> <span class='ocrx_word' id='word_1_133' title='bbox 909 2787 1096 2838; x_wconf 87' lang='lat' dir='ltr'><strong>anno</strong></span> <span class='ocrx_word' id='word_1_134' title='bbox 1133 2763 1510 2844; x_wconf 83' lang='lat' dir='ltr'><strong>millesimo</strong></span> <span class='ocrx_word' id='word_1_135' title='bbox 1545 2769 2133 2864; x_wconf 81' lang='lat' dir='ltr'><strong>octingentesimo</strong></span> <span class='ocrx_word' id='word_1_136' title='bbox 2168 2769 2382 2866; x_wconf 87' lang='lat' dir='ltr'><strong>quin-</strong></span> 
     </span>
     <span class='ocr_line' id='line_1_22' title="bbox 265 2881 2380 2982; baseline 0.002 -28"><span class='ocrx_word' id='word_1_137' title='bbox 265 2881 676 2979; x_wconf 82' lang='lat' dir='ltr'><strong>quagesimo</strong></span> <span class='ocrx_word' id='word_1_138' title='bbox 727 2882 1034 2977; x_wconf 90' lang='lat' dir='ltr'><strong>septimo</strong></span> <span class='ocrx_word' id='word_1_139' title='bbox 1087 2906 1128 2954; x_wconf 88' lang='lat' dir='ltr'><strong>a</strong></span> <span class='ocrx_word' id='word_1_140' title='bbox 1181 2881 1398 2958; x_wconf 88' lang='lat' dir='ltr'><strong>Nobis</strong></span> <span class='ocrx_word' id='word_1_141' title='bbox 1468 2883 1864 2980; x_wconf 88' lang='lat' dir='ltr'><strong>subscripto</strong></span> <span class='ocrx_word' id='word_1_142' title='bbox 1894 2935 1917 2971; x_wconf 87' lang='lat'><strong>‚</strong></span> <span class='ocrx_word' id='word_1_143' title='bbox 1996 2897 2209 2982; x_wconf 88' lang='lat' dir='ltr'><strong>atque</strong></span> <span class='ocrx_word' id='word_1_144' title='bbox 2290 2886 2380 2960; x_wconf 86' lang='lat' dir='ltr'><strong>ad</strong></span> 
     </span>
     <span class='ocr_line' id='line_1_23' title="bbox 264 2999 2383 3098; baseline 0.001 -24"><span class='ocrx_word' id='word_1_145' title='bbox 264 2999 862 3076; x_wconf 86' lang='lat' dir='ltr'><strong>Archidiaconum</strong></span> <span class='ocrx_word' id='word_1_146' title='bbox 917 2999 1270 3076; x_wconf 82' lang='lat' dir='ltr'><strong>Andream</strong></span> <span class='ocrx_word' id='word_1_147' title='bbox 1319 3001 1546 3076; x_wconf 88' lang='lat' dir='ltr'><strong>Monti</strong></span> <span class='ocrx_word' id='word_1_148' title='bbox 1598 3002 1857 3098; x_wconf 84' lang='lat' dir='ltr'><strong>privati</strong></span> <span class='ocrx_word' id='word_1_149' title='bbox 1884 3000 2119 3076; x_wconf 85' lang='lat' dir='ltr'><strong>Nostri</strong></span> <span class='ocrx_word' id='word_1_150' title='bbox 2156 3001 2383 3077; x_wconf 89' lang='lat' dir='ltr'><strong>Seno-</strong></span> 
     </span>
     <span class='ocr_line' id='line_1_24' title="bbox 263 3117 2380 3214; baseline 0.001 -23"><span class='ocrx_word' id='word_1_151' title='bbox 263 3117 515 3214; x_wconf 75' lang='lat' dir='ltr'><strong>galliae</strong></span> <span class='ocrx_word' id='word_1_152' title='bbox 566 3117 970 3213; x_wconf 87' lang='lat' dir='ltr'><strong>patrimonii</strong></span> <span class='ocrx_word' id='word_1_153' title='bbox 1025 3127 1549 3213; x_wconf 86' lang='lat' dir='ltr'><strong>procuratorem</strong></span> <span class='ocrx_word' id='word_1_154' title='bbox 1606 3127 1779 3190; x_wconf 88' lang='lat' dir='ltr'><strong>tunc</strong></span> <span class='ocrx_word' id='word_1_155' title='bbox 1814 3118 2175 3190; x_wconf 82' lang='lat' dir='ltr'><strong>viventem</strong></span> <span class='ocrx_word' id='word_1_156' title='bbox 2212 3118 2380 3193; x_wconf 83' lang='lat' dir='ltr'><strong>dato</strong></span> 
     </span>
     <span class='ocr_line' id='line_1_25' title="bbox 265 3233 2385 3333; baseline 0 -23"><span class='ocrx_word' id='word_1_157' title='bbox 265 3249 574 3333; x_wconf 89' lang='lat' dir='ltr'><strong>quatuor</strong></span> <span class='ocrx_word' id='word_1_158' title='bbox 623 3238 1036 3312; x_wconf 87' lang='lat' dir='ltr'><strong>enunciatas</strong></span> <span class='ocrx_word' id='word_1_159' title='bbox 1089 3235 1380 3310; x_wconf 87' lang='lat' dir='ltr'><strong>Nostras</strong></span> <span class='ocrx_word' id='word_1_160' title='bbox 1435 3234 1872 3332; x_wconf 88' lang='lat' dir='ltr'><strong>Apostolicas</strong></span> <span class='ocrx_word' id='word_1_161' title='bbox 1925 3233 2253 3324; x_wconf 74' lang='lat' dir='ltr'><strong>Litterae,</strong></span> <span class='ocrx_word' id='word_1_162' title='bbox 2308 3247 2385 3310; x_wconf 89' lang='lat' dir='ltr'><strong>et</strong></span> 
     </span>
     <span class='ocr_line' id='line_1_26' title="bbox 265 3357 2383 3455; baseline 0 -23"><span class='ocrx_word' id='word_1_163' title='bbox 265 3381 758 3455; x_wconf 86' lang='lat' dir='ltr'><strong>quaecumque</strong></span> <span class='ocrx_word' id='word_1_164' title='bbox 811 3359 882 3430; x_wconf 90' lang='lat' dir='ltr'><strong>in</strong></span> <span class='ocrx_word' id='word_1_165' title='bbox 938 3358 1072 3432; x_wconf 91' lang='lat' dir='ltr'><strong>illis</strong></span> <span class='ocrx_word' id='word_1_166' title='bbox 1107 3359 1494 3433; x_wconf 90' lang='lat' dir='ltr'><strong>constituta</strong></span> <span class='ocrx_word' id='word_1_167' title='bbox 1529 3357 2129 3444; x_wconf 79' lang='lat' dir='ltr'><strong>confirmavimus,</strong></span> <span class='ocrx_word' id='word_1_168' title='bbox 2168 3369 2383 3454; x_wconf 84' lang='lat' dir='ltr'><strong>atque</strong></span> 
     </span>
     <span class='ocr_line' id='line_1_27' title="bbox 279 3472 2386 3550; baseline 0.001 -4"><span class='ocrx_word' id='word_1_169' title='bbox 279 3475 370 3548; x_wconf 74' lang='lat' dir='ltr'><strong>ad</strong></span> <span class='ocrx_word' id='word_1_170' title='bbox 423 3474 662 3548; x_wconf 89' lang='lat' dir='ltr'><strong>omnia</strong></span> <span class='ocrx_word' id='word_1_171' title='bbox 714 3473 926 3550; x_wconf 89' lang='lat' dir='ltr'><strong>dubia</strong></span> <span class='ocrx_word' id='word_1_172' title='bbox 977 3475 1370 3550; x_wconf 85' lang='lat' dir='ltr'><strong>amovenda</strong></span> <span class='ocrx_word' id='word_1_173' title='bbox 1407 3474 1845 3548; x_wconf 84' lang='lat' dir='ltr'><strong>voluntatem</strong></span> <span class='ocrx_word' id='word_1_174' title='bbox 1874 3472 2203 3548; x_wconf 87' lang='lat' dir='ltr'><strong>Nostram</strong></span> <span class='ocrx_word' id='word_1_175' title='bbox 2238 3473 2386 3548; x_wconf 89' lang='lat' dir='ltr'><strong>cla-</strong></span> 
     </span>
     <span class='ocr_line' id='line_1_28' title="bbox 265 3590 2381 3688; baseline 0.002 -26"><span class='ocrx_word' id='word_1_176' title='bbox 265 3591 414 3664; x_wconf 85' lang='lat' dir='ltr'><strong>rius</strong></span> <span class='ocrx_word' id='word_1_177' title='bbox 463 3590 976 3666; x_wconf 80' lang='lat' dir='ltr'><strong>declaravimus</strong></span> <span class='ocrx_word' id='word_1_178' title='bbox 1029 3601 1102 3664; x_wconf 90' lang='lat' dir='ltr'><strong>et</strong></span> <span class='ocrx_word' id='word_1_179' title='bbox 1156 3591 1688 3688; x_wconf 80' lang='lat' dir='ltr'><strong>explicavimus.</strong></span> <span class='ocrx_word' id='word_1_180' title='bbox 1762 3590 2047 3668; x_wconf 85' lang='lat' dir='ltr'><strong>Etenim</strong></span> <span class='ocrx_word' id='word_1_181' title='bbox 2128 3593 2381 3668; x_wconf 87' lang='lat' dir='ltr'><strong>eodem</strong></span> 
     </span>
     <span class='ocr_line' id='line_1_29' title="bbox 269 3703 2376 3804; baseline 0.001 -26"><span class='ocrx_word' id='word_1_182' title='bbox 269 3703 750 3804; x_wconf 82' lang='lat' dir='ltr'><strong>Chirographo</strong></span> <span class='ocrx_word' id='word_1_183' title='bbox 787 3717 1014 3780; x_wconf 86' lang='lat' dir='ltr'><strong>ratam</strong></span> <span class='ocrx_word' id='word_1_184' title='bbox 1043 3707 1554 3804; x_wconf 87' lang='lat' dir='ltr'><strong>probatamque</strong></span> <span class='ocrx_word' id='word_1_185' title='bbox 1579 3705 1958 3782; x_wconf 88' lang='lat' dir='ltr'><strong>habuimus</strong></span> <span class='ocrx_word' id='word_1_186' title='bbox 1986 3705 2376 3780; x_wconf 77' lang='lat' dir='ltr'><strong>cessionem</strong></span> 
     </span>
     <span class='ocr_line' id='line_1_30' title="bbox 263 3820 2379 3920; baseline 0.001 -24"><span class='ocrx_word' id='word_1_187' title='bbox 263 3821 358 3896; x_wconf 87' lang='lat' dir='ltr'><strong>ab</strong></span> <span class='ocrx_word' id='word_1_188' title='bbox 409 3824 566 3920; x_wconf 90' lang='lat' dir='ltr'><strong>ipso</strong></span> <span class='ocrx_word' id='word_1_189' title='bbox 618 3823 1124 3899; x_wconf 85' lang='lat' dir='ltr'><strong>Archidiacono</strong></span> <span class='ocrx_word' id='word_1_190' title='bbox 1177 3849 1270 3899; x_wconf 84' lang='lat' dir='ltr'><strong>ex</strong></span> <span class='ocrx_word' id='word_1_191' title='bbox 1319 3823 1576 3900; x_wconf 88' lang='lat' dir='ltr'><strong>Nostro</strong></span> <span class='ocrx_word' id='word_1_192' title='bbox 1627 3824 1849 3910; x_wconf 87' lang='lat' dir='ltr'><strong>iussu,</strong></span> <span class='ocrx_word' id='word_1_193' title='bbox 1922 3845 2005 3898; x_wconf 87' lang='lat' dir='ltr'><strong>ae</strong></span> <span class='ocrx_word' id='word_1_194' title='bbox 2082 3820 2379 3919; x_wconf 87' lang='lat' dir='ltr'><strong>publicis</strong></span> 
     </span>
     <span class='ocr_line' id='line_1_31' title="bbox 183 3939 2381 4036; baseline 0 -23"><span class='ocrx_word' id='word_1_195' title='bbox 183 4025 190 4032; x_wconf 41' lang='lat'><em>‚</em></span> <span class='ocrx_word' id='word_1_196' title='bbox 269 3939 527 4015; x_wconf 87' lang='lat' dir='ltr'><strong>tabulis</strong></span> <span class='ocrx_word' id='word_1_197' title='bbox 580 3965 622 4014; x_wconf 91' lang='lat' dir='ltr'><strong>a</strong></span> <span class='ocrx_word' id='word_1_198' title='bbox 673 3941 960 4018; x_wconf 83' lang='lat' dir='ltr'><strong>Notario</strong></span> <span class='ocrx_word' id='word_1_199' title='bbox 1039 3941 1544 4036; x_wconf 40' lang='lat' dir='ltr'><strong>Bruschettini·</strong></span> <span class='ocrx_word' id='word_1_200' title='bbox 1595 3941 1709 4014; x_wconf 89' lang='lat' dir='ltr'><strong>die</strong></span> <span class='ocrx_word' id='word_1_201' title='bbox 1760 3939 2035 4014; x_wconf 89' lang='lat' dir='ltr'><strong>decima</strong></span> <span class='ocrx_word' id='word_1_202' title='bbox 2123 3939 2381 4034; x_wconf 88' lang='lat' dir='ltr'><strong>Aprilis</strong></span> 
     </span>
     <span class='ocr_line' id='line_1_32' title="bbox 269 4057 2379 4156; baseline 0.002 -27"><span class='ocrx_word' id='word_1_203' title='bbox 269 4079 454 4132; x_wconf 87' lang='lat' dir='ltr'><strong>anno</strong></span> <span class='ocrx_word' id='word_1_204' title='bbox 505 4057 886 4134; x_wconf 85' lang='lat' dir='ltr'><strong>millesimo</strong></span> <span class='ocrx_word' id='word_1_205' title='bbox 937 4058 1525 4156; x_wconf 77' lang='lat' dir='ltr'><strong>octingentesimo</strong></span> <span class='ocrx_word' id='word_1_206' title='bbox 1562 4057 2147 4154; x_wconf 77' lang='lat' dir='ltr'><strong>quinquagesimo</strong></span> <span class='ocrx_word' id='word_1_207' title='bbox 2172 4067 2379 4134; x_wconf 84' lang='lat' dir='ltr'><strong>sexto</strong></span> 
     </span>
     <span class='ocr_line' id='line_1_33' title="bbox 267 4169 2379 4252; baseline -0.001 -6"><span class='ocrx_word' id='word_1_208' title='bbox 267 4174 578 4248; x_wconf 83' lang='lat' dir='ltr'><strong>exaratis</strong></span> <span class='ocrx_word' id='word_1_209' title='bbox 629 4173 890 4250; x_wconf 78' lang='lat' dir='ltr'><strong>factam</strong></span> <span class='ocrx_word' id='word_1_210' title='bbox 943 4174 1014 4246; x_wconf 87' lang='lat' dir='ltr'><strong>in</strong></span> <span class='ocrx_word' id='word_1_211' title='bbox 1067 4171 1384 4248; x_wconf 80' lang='lat' dir='ltr'><strong>savorem</strong></span> <span class='ocrx_word' id='word_1_212' title='bbox 1440 4195 1665 4248; x_wconf 88' lang='lat' dir='ltr'><strong>novae</strong></span> <span class='ocrx_word' id='word_1_213' title='bbox 1702 4171 2081 4250; x_wconf 86' lang='lat' dir='ltr'><strong>Parochiae</strong></span> <span class='ocrx_word' id='word_1_214' title='bbox 2118 4169 2379 4252; x_wconf 84' lang='lat' dir='ltr'><strong>Mariae</strong></span> 
     </span>
    </p>
   </div>
  </div>
 </body>
</html>
