3317 5267
862 445 1007 517 378

856 570 939 631 et
988 557 1299 654 plenarie
1350 557 1800 653 reintegrata,
1845 579 1927 632 ac
1962 558 2050 631 de
2101 578 2288 632 novo
2341 558 2558 630 etiam
2599 554 2731 631 suh
2785 580 2966 654 qua·

862 698 1167 773 cumque
1252 678 1625 772 posteriori
1710 678 1876 751 data
1963 678 2551 774 quandocumque
2639 675 2964 773 eligenda

866 816 1199 867 concessa
1254 816 1410 867 esse
1462 806 1537 867 et
1574 792 1750 880 fore,
1789 794 2048 891 sicque.
2081 803 2158 867 et
2193 816 2336 868 non
2371 793 2544 867 alias
2579 816 2710 889 per
2745 817 2972 890 quos-

863 932 1165 1007 cumque
1262 908 1533 985 ludices
1618 912 2008 985 ordinarios
2079 911 2194 985 vel
2264 910 2622 1009 delegatos
2710 912 2964 1007 quavis

862 1026 1291 1101 auctoritate
1342 1026 1750 1123 fungentes3
1799 1028 2018 1101 etiam
2055 1024 2440 1101 Causarum
2495 1025 2748 1101 Palatii
2785 1030 2972 1124 Apo-

866 1143 1103 1217 stolici
1184 1143 1555 1220 Auditores
1626 1168 1710 1217 ac
1781 1146 1855 1219 S.
1933 1144 2021 1219 R.
2121 1144 2477 1219 Ecclesiae
2563 1142 2972 1219 cardinales

873 1262 1093 1335 etiam
1147 1262 1235 1335 de
1294 1262 1515 1337 latere
1574 1264 1844 1360 legatos
1909 1264 2060 1337 vice
2120 1264 2392 1360 legatos
2453 1274 2532 1336 et
2594 1261 2972 1359 Apostoli-

880 1399 1005 1451 cae
1055 1377 1259 1451 Sedis
1310 1378 1617 1456 Nuncios
1669 1404 1750 1454 ac
1801 1380 1976 1455 alios
2011 1400 2498 1477 quoscumque
2535 1380 2788 1476 quavis
2841 1402 2974 1452 au-

862 1496 1229 1583 ctoritate,
1266 1507 1647 1593 potestate,
1695 1493 2202 1593 praerogativa,
2241 1495 2632 1592 privilegio,
2671 1494 2965 1583 honore,

858 1627 945 1689 et
977 1616 1529 1711 praeeminentia
1556 1614 1935 1711 fulgentes,
1967 1614 2242 1690 sublata
2279 1616 2382 1689 eis
2419 1626 2497 1689 et
2531 1636 2780 1689 eorum
2815 1614 2970 1688 cui-

860 1732 1035 1806 libet
1085 1731 1335 1829 quavis
1384 1733 1587 1805 aliter
1631 1732 1988 1827 judicandi
2034 1741 2112 1805 et
2159 1714 2670 1829 interpretandi
2735 1730 2958 1807 facul-

866 1860 1015 1921 tate
1080 1861 1155 1921 et
1214 1850 1631 1923 auctoritate
1665 1900 1684 1933 ,
1747 1848 2040 1942 judicari
2091 1858 2168 1921 et
2215 1846 2484 1922 definiri
2537 1846 2796 1923 debere
2827 1900 2848 1935 ‚
2903 1860 2980 1923 et

864 1964 1203 2063 quidquid
1254 1988 1457 2039 secus
1508 1987 1721 2061 super
1754 1964 1866 2038 his
1917 1984 1958 2035 a
2009 1984 2365 2061 quoquam
2416 1964 2670 2060 quavis
2719 1974 2968 2037 aucto-

862 2083 1075 2156 ritate
1144 2082 1451 2157 scienter
1522 2082 1635 2155 vel
1706 2082 2112 2177 ignoranter
2181 2080 2560 2177 contigerit
2631 2082 2970 2153 attentari

864 2201 1141 2275 irritum
1200 2210 1275 2275 et
1326 2200 1533 2273 inane
1568 2200 2038 2275 decernimus,

1018 2316 1361 2405 Quocirca
1424 2313 1698 2391 Dilecto
1747 2316 1922 2392 Filio
1977 2312 2288 2389 Praesuli
2357 2314 2657 2389 Martiali
2707 2313 2968 2389 Mariae

868 2436 927 2509 T
932 2436 1163 2511 estard
1225 2436 1321 2509 du
1378 2435 1694 2533 Cosquer
1763 2435 2202 2533 Apostolicae
2263 2432 2462 2509 Sedis
2527 2431 2966 2510 protonota-

864 2555 971 2627 rio
1038 2565 1115 2626 et
1182 2554 1367 2649 apud
1440 2551 1870 2627 Gubernium
1943 2552 2282 2627 Haitanae
2355 2551 2808 2649 Reipublicae
2877 2553 2964 2627 ad

870 2670 1149 2743 interim
1221 2666 1559 2767 Delegato
1630 2669 2029 2767 Apostolico
2097 2693 2224 2765 per
2295 2670 2484 2765 ipsas
2553 2683 2963 2765 praesentes

867 2788 1379 2865 committimus
1440 2801 1517 2865 et
1574 2790 1994 2863 mandamus
2023 2842 2044 2874 ‚
2101 2800 2450 2884 quatenus
2502 2788 2588 2861 ad
2641 2808 2957 2883 exequu-

870 2909 1135 2983 tionem
1208 2907 1758 3002 praemissorum
1828 2905 2150 2981 omnium
2209 2904 2568 3001 procedat,
2623 2917 2966 3001 opportu-

870 3048 997 3101 nas
1056 3038 1133 3099 et
1188 3026 1615 3101 necessarias
1677 3024 1764 3097 Ei
1826 3023 2292 3120 impertiendo
2351 3020 2747 3110 facultates,
2801 3024 2963 3119 qui-

868 3144 1001 3221 bus
1062 3146 1121 3219 is
1182 3146 1271 3219 ad
1323 3145 1394 3219 id
1453 3144 1717 3238 negotii
1779 3143 2078 3217 alteram
2142 3140 2466 3217 idoneam
2528 3138 2964 3237 probamque

864 3286 1233 3362 personam
1296 3264 1369 3337 in
1432 3260 1926 3337 Ecclesiastica
1989 3272 2229 3337 tamen
2292 3260 2634 3357 dignitate
2695 3261 2966 3333 consti-

870 3392 1101 3456 tutam
1152 3380 1601 3477 subdelegare
1655 3382 1911 3467 valeat,
1951 3380 2051 3453 ita
2109 3388 2374 3465 tamen,
2413 3389 2496 3453 ut
2529 3378 2720 3453 idem
2743 3377 2962 3452 Prae-

872 3498 983 3571 sul
1032 3495 1369 3573 Martialis
1417 3496 1662 3585 Maria,
1730 3496 1844 3571 vel
1901 3495 2056 3595 ejus
2107 3494 2602 3592 subdelegatus
2653 3518 2737 3571 ea
2785 3516 2964 3571 cun-

872 3626 989 3689 cta
1030 3616 1251 3710 possit
1300 3626 1377 3689 et
1426 3626 1704 3712 satagat
1751 3614 2132 3702 declarare,
2187 3636 2438 3689 curare
2497 3624 2714 3711 atque
2747 3613 2964 3687 etiam

870 3726 1253 3820 definitive,
1288 3733 1487 3806 omni
1524 3732 1993 3828 appellatione
2046 3754 2256 3829 super
2309 3752 2754 3830 quacumque
2807 3732 2962 3811 ani-

870 3850 1353 3923 madversione
1424 3848 1955 3946 quomodolibet
2023 3848 2260 3925 forsan
2329 3850 2598 3925 oritura
2681 3850 2964 3946 penitus

872 3976 1143 4041 remota
1174 4018 1195 4053 ‚
1258 3968 1633 4041 decernere
1667 4018 1688 4053 ‚
1743 3988 1923 4062 quae
1991 3966 2382 4063 oportuerit
2421 3966 2508 4040 ad
2578 3965 2964 4064 praemissa

868 4087 1105 4157 omnia
1156 4080 1373 4177 probe
1428 4080 1860 4178 feliciterque
1913 4081 2356 4179 perficienda.
