3317 5267
856 392 1001 467 382

852 508 1185 581 idiomate
1208 505 1565 602 appellant
1600 501 2376 589 Chicuito,Huancane,
2399 498 2694 597 Lampa,
2735 500 2974 576 Azan-

855 622 1822 719 garo‚et,Caraboya,nempe
1877 632 2104 696 totam
2139 620 2524 695 sectionem
2565 619 2972 697 territoria-

854 738 997 813 lem
1037 790 1057 827 ,
1112 764 1293 837 quae
1343 740 1515 815 inibi
1567 738 2080 836 Departement
2153 739 2242 811 (le
2319 734 2522 813 Puno
2607 749 2900 815 vocatm·
2941 790 2963 825 ,

858 871 933 933 et
984 861 1055 933 in
1084 884 1223 957 qua
1274 861 1784 958 quinquaginta
1835 868 2112 955 septem
2169 856 2538 931 paroeciae
2591 868 2666 930 et
2723 858 2968 953 trigin-

860 991 936 1056 ta
1010 992 1170 1055 octo
1248 981 1834 1078 viceparochiales
1917 977 2270 1054 Ecclesiae
2327 1028 2350 1065 ,
2429 1000 2598 1051 cum
2681 978 2968 1053 hiscen-

860 1110 1017 1173 tum
1066 1122 1279 1197 supra
1358 1100 1869 1197 quinquaginta
1947 1097 2335 1173 incolarum
2387 1097 2698 1181 millibus
2759 1120 2968 1193 repe-

856 1216 1163 1303 riuntur,
1198 1212 1607 1311 Apostolica
1634 1214 2056 1289 auctoritate
2109 1236 2152 1286 a
2188 1216 2438 1309 quavis
2473 1213 2970 1289 Ecclesiastica

860 1332 1212 1407 ordinaria
1290 1333 1646 1409 Antistitis
1699 1332 2112 1408 Cuzscensis
2190 1332 2708 1427 superioritatc,
2763 1332 2968 1427 regi-

860 1451 1079 1536 mine,
1118 1462 1194 1525 et
1239 1452 1726 1548 jurisdictione
1801 1450 2181 1525 eximimus
2209 1460 2286 1523 et
2306 1450 2900 1524 dismembramus
2939 1500 2968 1534 ,

860 1568 1192 1666 ipsasque
1242 1570 1553 1667 quinque
1581 1571 1982 1667 provincias
2007 1592 2172 1643 cum
2201 1570 2532 1645 omnibus
2567 1581 2642 1645 et
2675 1568 2974 1667 singuiis

860 1687 1257 1785 quibusque
1308 1689 1716 1765 civitatibus
1745 1740 1766 1776 ,
1796 1690 1946 1763 sive
1971 1688 2247 1785 oppidis
2277 1741 2298 1777 ,
2335 1689 2488 1763 sive
2523 1690 2722 1785 pagis
2747 1698 2824 1761 et
2847 1710 2970 1760 ru·-

862 1802 1083 1891 ribus‚
1139 1816 1353 1901 atque
1404 1806 1579 1881 adeo
1629 1805 1998 1901 utriusque
2049 1828 2264 1879 sexus
2293 1804 2566 1892 inedie,
2605 1804 2970 1892 Ecclesiis,

860 1917 1228 2007 Orator-iis,
1285 1921 1421 2016 piis
1472 1920 1814 2019 cujusque
1840 1921 2118 2018 generis
2172 1920 2554 2005 Institutis,
2584 1943 2972 2018 eorumque

866 2034 1097 2124 bonis,
1152 2036 1391 2123 rebus,
1442 2038 1720 2133 juribus
1796 2039 2192 2134 ceterisque
2241 2037 2804 2125 inhaerentibus,
2855 2037 2970 2111 vel

840 2150 949 2225 ‘de
982 2174 1181 2227 more
1231 2152 1872 2230 concomitantibus
1899 2152 2304 2229 accessoriis
2341 2205 2364 2241 ,
2396 2154 2470 2225 in
2507 2154 2866 2250 propriam
2901 2164 2972 2227 et

772 2304 781 2317 ⁴
850 2278 1271 2364 separatam
1324 2266 1718 2345 Dioecesim
1767 2292 1896 2365 pro
1947 2290 2130 2344 nova
2181 2290 2353 2345 mox
2405 2270 2737 2367 erigenda
2813 2267 2969 2343 Ec·-

864 2384 1075 2458 clesia
1128 2382 1461 2461 Puniensi
1510 2384 2040 2461 constabilimus
2091 2397 2308 2483 atque
2359 2386 2865 2481 adjudicamus.

1021 2499 1287 2577 Idcirco
1338 2500 1696 2598 Oppidum
1749 2500 2054 2577 Punium
2111 2500 2368 2600 (Puno)
2396 2502 2774 2579 vernaculo
2809 2528 2976 2579 ser-

864 2642 1075 2695 mone
1124 2630 1611 2716 nuncupatum
1662 2621 1886 2696 civilis
1925 2620 2108 2695 illius
2161 2619 2696 2717 Departementi
2729 2635 2965 2718 eaput,

864 2738 1051 2836 quod
1102 2749 1339 2845 cetera
1389 2740 1666 2815 illarum
1717 2740 2026 2837 partium
2109 2742 2365 2839 oppida
2417 2751 2734 2837 praestat
2768 2793 2789 2828 ‚
2825 2764 2970 2838 po·-

867 2856 1303 2954 tioribusque
1358 2858 1866 2954 praerogativis
1918 2860 2287 2956 magisque
2339 2856 2758 2952 opportunis
2783 2880 2972 2931 com-

845 2976 1096 3049 ’modis
1148 2986 1363 3073 atque
1416 2975 1858 3051 adminiculis
1909 2974 2451 3052 commendatur
2477 3026 2501 3061 ,
2535 2973 2607 3045 in
2659 2972 2974 3069 Episco-

867 3092 1101 3189 palem
1136 3090 1535 3169 'Civitatem
1568 3096 2047 3191 adsignemus,
2087 3093 2326 3189 illique
2361 3091 2804 3187 praeclarum
2837 3092 2973 3169 hoc

869 3210 1135 3285 summi
1183 3210 1469 3289 honoris
1520 3212 2039 3287 incrementum
2069 3218 2422 3306 perpetuo
2461 3209 2676 3283 etiam
2729 3209 2976 3304 adjici-

868 3348 1028 3403 mus
1077 3327 1457 3405 fruiturum
1510 3331 1583 3403 in
1636 3338 1999 3426 posterum
2077 3324 2410 3403 omnibus
2463 3325 2596 3399 illis
2669 3324 2972 3420 juribus,

868 3446 2004 3544 praerogativisfflraeeminentiis,
2035 3442 2418 3529 favoribus,
2447 3442 2716 3540 gratiis,
2731 3443 2978 3518 indul-

870 3564 991 3651 tis,
1018 3563 1506 3659 privilegiis,et
1532 3564 1686 3638 aliis
1719 3562 2177 3662 quibuslibet,
2205 3561 2464 3659 quibus
2499 3560 2676 3636 aliae
2703 3560 2980 3637 illarum

862 3681 1175 3776 partium
1228 3680 1555 3755 civitates
1608 3680 1980 3777 praeconio
2041 3691 2118 3755 et
2167 3676 2546 3753 residentia
2577 3674 2980 3775 Episcopali

866 3798 1369 3876 condecoratae
1414 3797 1573 3893 jure
1622 3796 1984 3873 communi
2035 3794 2366 3872 fruuntur
2419 3805 2496 3867 et
2559 3795 2894 3891 gaudent.

1024 3916 1227 3995 Illam
1276 3939 1447 3995 vero
1496 3917 1917 4004 Ecclesiam,
1955 3938 2138 4013 quae
2171 3915 2484 4012 singulas
2533 3934 2785 3989 omnes
2835 3936 2979 3987 an·-

872 4035 1157 4123 tecellit,
1209 4057 1567 4134 quamque
1618 4035 1878 4108 harum
1927 4032 2344 4109 Nostrarum
2419 4031 2983 4129 Apostolicorum

874 4148 1303 4227 Litterarum
1330 4150 1748 4249 Exequutor
1799 4152 2087 4227 inferius
2139 4152 2612 4229 nominandus
2663 4148 2982 4223 arbitra-
