3317 5267
2267 494 2350 563 41
2370 496 2410 565 5

286 603 467 678 tales
512 604 641 702 qui
692 604 1115 681 catholicam
1168 605 1545 698 veritatem
1606 606 1918 703 profiteri
1969 608 2362 707 gloriantur
2389 664 2412 699 ‚

290 721 488 795 hisce
541 723 863 818 paternis
916 722 1193 798 Nostris
1245 722 1499 799 studiis
1552 723 1784 820 magis
1809 724 1882 799 in
1933 727 2083 801 dies
2117 749 2418 823 respon-

288 838 531 927 deant,
586 839 905 937 nihilque
958 841 1273 938 antiqius
1320 840 1662 927 habeant,
1719 865 1942 939 quam·
1989 856 2076 919 ut
2125 845 2414 920 arctiori

286 979 513 1053 usque
566 959 827 1033 amoris
879 969 955 1031 et
1008 957 1326 1057 obsequii
1384 958 1672 1033 vinculo
1722 959 1892 1035 huic
1929 961 2122 1037 Petri
2151 960 2416 1039 Cathe-

288 1075 459 1149 drae
509 1074 807 1150 firmiter
858 1090 1411 1175 constanterque
1464 1076 1922 1165 adhaereant,
1973 1102 2054 1154 ac
2107 1082 2408 1157 miseros

285 1206 605 1268 errantes
630 1196 719 1268 ad
746 1196 1187 1272 catholicam.
1204 1197 1557 1271 unitatem
1594 1198 1930 1273 reducere
1949 1200 2412 1275 contendant.

444 1308 637 1387 Haec
686 1313 1043 1403 volumus,
1098 1314 1512 1402 statuimus,
1567 1316 2042 1413 praecipimus
2077 1328 2154 1391 et
2204 1339 2414 1390 man-

286 1431 541 1506 damus
591 1430 1055 1506 decernentes
1104 1430 1239 1503 has
1292 1428 1585 1505 Nostras
1638 1430 1947 1509 Litteras
1981 1486 2003 1523 ,
2059 1444 2134 1509 et
2185 1434 2262 1507 in
2313 1434 2416 1507 eis

283 1561 623 1625 contenta
672 1570 1163 1648 quaecumque
1216 1548 1433 1621 etiam
1488 1574 1575 1625 ex
1606 1573 1694 1626 eo
1732 1552 1920 1648 quod
1958 1551 2259 1651 quilibet
2297 1551 2414 1623 in·-

286 1680 557 1745 teresse
608 1668 958 1743 habentes
1011 1668 1125 1743 vel
1176 1670 1439 1745 habere
1477 1672 2028 1767 praetendentes
2067 1672 2304 1748 vocati
2341 1683 2418 1747 et
2545 1724 2552 1733 -

286 1788 509 1863 auditi
564 1811 706 1864 non
759 1784 1047 1873 fuerint,
1104 1810 1187 1862 ac
1238 1788 1651 1885 praemissis
1705 1812 1852 1865 non
1888 1790 2410 1874 consenserint,

284 1904 491 1983 nullo.
532 1926 845 2003 unquam
900 1914 1221 2000 tempore
1274 1905 1365 1979 de
1414 1904 1894 2003 subreptionis
1923 1959 1946 1994 ‚
2029 1907 2146 1981 vel
2197 1906 2414 1983 obre-

281 2024 553 2121 ptionis
604 2033 729 2097 aut
779 2022 1123 2096 nullitatis
1178 2021 1381 2109 vitio,
1438 2046 1569 2096 seu
1620 2024 2040 2099 intentionis
2078 2022 2406 2111 Nostrae,

282 2142 402 2216 vel
456 2144 593 2218 alio
648 2140 967 2240 quolibet
1019 2142 1241 2215 etiam
1292 2140 1748 2216 substantiali
1812 2142 2099 2219 defectu
2179 2143 2416 2219 notari

284 2262 719 2357 impugnari,
774 2271 899 2332 aut
950 2259 1123 2332 alias
1178 2257 1519 2356 infringi,
1576 2262 1970 2355 suspendi,
2025 2261 2410 2357 restringi,

280 2378 603 2467 limitari,
662 2378 775 2452 vel
826 2378 903 2450 in
954 2380 1517 2453 controversiam
1557 2380 1794 2453 vocari
1829 2431 1850 2467 ,
1906 2402 2034 2455 seu
2073 2381 2412 2454 adversus

282 2518 409 2569 eas
462 2494 937 2570 restitutionis
986 2496 1059 2567 in
1113 2494 1505 2591 integrum,
1561 2497 1976 2593 aperitionis
2054 2498 2196 2572 oris
2225 2550 2250 2585 ,
2272 2506 2416 2571 ‚aut

284 2613 475 2687 aliud
529 2614 1031 2712 quodcumque
1084 2614 1257 2687 iuris
1314 2612 1429 2688 vel
1484 2610 1686 2703 facti,
1742 2626 1866 2688 aut
1915 2615 2228 2691 iustitiae
2310 2636 2414 2687 re-

280 2734 600 2811 medium
652 2734 1023 2831 impetrari
1075 2756 1291 2830 posse
1333 2787 1356 2822 ‚
1412 2733 1538 2808 sed
1590 2758 1880 2831 semper
1927 2746 2004 2808 et
2064 2743 2412 2831 perpetuo

279 2851 553 2925 validas
606 2862 681 2925 et
732 2850 1049 2945 efficaces
1100 2852 1411 2925 existere
1466 2864 1541 2923 et
1591 2850 1772 2939 fore,
1825 2857 2135 2950 suosque
2161 2851 2410 2949 plena-

278 2970 427 3044 rios
480 2979 555 3041 et
604 2968 923 3065 integros
976 2964 1271 3041 effectus
1326 2967 1563 3041 sortiri
1618 2978 1695 3040 et
1747 2966 2068 3043 obtinere
2099 3022 2120 3055 ‚
2166 2974 2254 3041 'et
2316 2965 2407 3039 ab

279 3085 644 3175 omnibuS,
700 3086 789 3160 ad
842 3108 1023 3183 quos
1076 3096 1379 3183 spectat,
1440 3095 1515 3159 et
1568 3084 1922 3181 spectabit
1960 3083 2406 3183 quomodoli-

277 3204 413 3279 bet
461 3204 535 3277 in
560 3201 878 3277 futurum
906 3200 1408 3277 inviolabiliter
1433 3199 1824 3290 observari,
1901 3224 1982 3276 ac
2008 3201 2408 3299 praedictae

278 3347 512 3399 novae
564 3320 1107 3419 Congregationi
1184 3344 1315 3419 pro
1367 3321 1671 3418 negotiis
1723 3321 1908 3395 ritus
1989 3320 2351 3398 orientalis
2382 3373 2403 3409 ‚

278 3466 416 3515 nec
468 3464 610 3514 non
665 3440 1009 3536 personis,
1064 3460 1368 3537 quarum
1421 3435 1740 3531 favorem
1795 3449 2206 3535 praesentes
2258 3436 2408 3513 No-

275 3570 475 3632 strae
527 3554 837 3631 Litterae
889 3567 1350 3644 concernunt,
1406 3554 1769 3651 perpetuis
1824 3552 2082 3630 futuris
2121 3566 2406 3651 tempo·-

278 3677 487 3780 ribus
530 3676 937 3772 plenissime
990 3674 1356 3773 suffragari
1409 3672 1695 3763 debere,
1733 3697 1966 3773 neque
2003 3674 2092 3748 ad
2144 3671 2408 3771 proba-

280 3796 583 3881 tionem,
638 3818 765 3869 seu
819 3792 1370 3869 verificationem
1397 3814 2008 3891 quorumcumque
2038 3792 2108 3865 in
2151 3792 2403 3866 iisdem

274 3912 775 4011 praesentibus
828 3925 1277 3988 narratorum
1331 3933 1650 4008 unquam
1709 3911 1960 3997 teneri,
2015 3932 2148 3983 nec
2201 3908 2288 3983 ad
2337 3908 2410 3983 id

277 4028 354 4101 in
408 4028 691 4117 iudicio,
747 4028 863 4103 vel
914 4039 1117 4103 extra
1169 4026 1352 4124 cogi,
1408 4050 1538 4101 seu
1572 4026 1900 4123 compelli
1937 4050 2172 4123 posse,
2230 4037 2306 4099 et
2338 4026 2402 4099 si

273 4168 484 4221 secus
539 4170 754 4245 super
787 4145 901 4221 his
938 4169 979 4219 a
1017 4166 1377 4244 quoquam
1405 4144 1655 4244 quavis
1692 4147 2117 4221 auctoritate
2153 4144 2400 4221 scien-

1988 4267 2086 4339 27
