3317 5267
2286 453 2435 533 225

283 564 400 647 sed
451 588 538 645 eo
573 568 790 645 etiam
829 564 1080 657 tendit,
1121 572 1204 644 ut
1237 564 1661 658 infirmetur,
1698 580 1799 659 et,
1838 573 1897 645 si
1934 569 2081 646 fieri
2122 591 2437 672 unquam

281 700 542 787 posset,
581 688 789 786 plane
825 688 1113 764 tollatur
1147 689 1472 763 salutaris
1505 689 1891 767 catholicae
1926 690 2281 788 religionis
2306 693 2443 765 vira

247 818 394 895 ‚tus
429 830 448 877 ι
505 828 588 881 ac
627 817 1012 903 propterea
1064 808 1352 904 impetit
1403 805 1530 881 Dei
1585 809 1807 904 ipsius
1859 826 2089 906 opus»,
2144 811 2433 885 rodem-⁶

281 924 540 1021 ptionis
586 922 900 999 fructum
932 976 954 1015 ‚
1007 936 1084 1000 et
1135 926 1661 1001 sanctissimam
1712 926 1904 1003 illam
1952 927 2167 1003 fldem
2196 974 2219 1018 ,
2257 950 2440 1027 quae

280 1042 783 1140 pretiosissima
831 1057 944 1120 est
995 1045 1396 1121 haereditas
1435 1045 1506 1118 in·
1545 1068 1677 1121 nos
1710 1046 2031 1119 derivata
2064 1069 2159 1121 ex
2191 1047 2443 1123 ineffa-

277 1156 394 1233 bili
445 1160 786 1243 sacrificio
816 1214 839 1250 ‚
894 1162 1084 1260 quod
1136 1163 1210 1236 in
1265 1162 1616 1260 Golgotha
1669 1176 2247 1239 consummatum
2299 1178 2435 1241 est·

279 1276 508 1377 Atque
570 1280 672 1353 ita
723 1304 802 1355 se
851 1304 1005 1356 rem
1040 1280 1305 1356 habere
1341 1282 1518 1357 satis
1553 1303 1909 1378 superque
1944 1274 2443 1357 demonstrant

280 1406 430 1471 tum
456 1410 1014 1475 commemorata
1039 1400 1184 1473 iarn
1211 1388 1426 1487 facta,
1444 1406 1614 1498 pum
1641 1420 1727 1472 ea
1764 1399 2045 1495 quaein
2083 1398 2233 1473 dies
2272 1420 2445 1475 eve-

278 1513 424 1587 nire
477 1510 825 1590 videmus.
879 1505 1073 1605 Quot
1125 1514 1318 1589 enim
1354 1516 1428 1589 in
1466 1515 1669 1588 ltalia
1708 1502 2082 1591 Dioeceses
2122 1512 2213 1589 ob
2251 1514 2443 1591 illata

277 1630 788 1726 impedimenta
864 1632 1012 1705 suis
1089 1631 1460 1730 Episcopis
1513 1632 1803 1708 orbatae
1838 1684 1859 1720 ‚
1942 1632 2440 1729 plaudentibus

274 1750 652 1824 modernae
703 1749 1066 1825 civilitatis
1117 1744 1464 1847 patronis,
1505 1746 1630 1847 q‘ui
1684 1760 1797 1824 tot
1848 1750 2273 1825 christianos
2306 1772 2441 1846 po-

269 1866 470 1963 pulos
493 1860 648 1942 sine
674 1867 1076 1965 pastoribus
1112 1868 1637 1966 derelinquunt,
1670 1878 1745 1942 et
1774 1869 2053 1944 illorum
2081 1867 2287 1943 bonis
2312 1890 2444 1965 po·-

277 1986 577 2076 tiuntur,
631 1999 714 2063 ut
747 2009 830 2062 ea
865 1988 940 2061 in
975 2010 1234 2084 pravos
1271 1988 1489 2061 etiam
1523 2010 1701 2062 usus
1736 1985 2211 2062 convertant!
2252 1984 2443 2076 Quot

265 2128 632 2181 sacrorum
687 2106 1062 2182 Antistites
1123 2101 1198 2179 in
1259 2107 1472 2182 exilio
1533 2104 1963 2183 versantur!
2030 2103 2225 2197 Quot
2250 2099 2443 2205 (cum

277 2222 663 2299 incredibili
717 2222 937 2297 animi
971 2224 1212 2300 Nostri
1249 2219 1488 2299 dolore
1522 2222 1849 2325 dicimus)
1892 2236 2281 2321 apostatae,
2319 2224 2443 2322 qui

278 2362 422 2417 non
460 2338 590 2417 Dei
626 2342 752 2418 sed
789 2342 1098 2417 Satanae
1133 2342 1424 2417 nomine
1459 2342 1861 2439 loquentes,
1900 2366 1985 2417 ac
2020 2342 2443 2440 impunitate

265 2458 449 2555 ipsis
501 2480 544 2532 a
595 2458 794 2533 fatali
845 2460 1208 2558 regiminis
1258 2470 1652 2557 systemate
1694 2484 2027 2536 concessa
2088 2460 2388 2535 fidentes
2417 2506 2439 2546 ,

277 2584 352 2650 et
401 2578 872 2653 conscientias
923 2546 1315 2675 exagitaflt,
1370 2588 1446 2651 et
1481 2569 1797 2652 infirmos
1834 2579 1923 2653 ad
1948 2579 2444 2675 praevarican-

269 2694 446 2769 dum
473 2695 874 2793 impellunt,
903 2708 978 2770 et
1011 2696 1268 2770 misere
1303 2694 1537 2792 lapsos
1571 2696 1646 2768 in
1688 2696 2115 2795 turpissimis
2148 2692 2445 2795 quibus-

275 2832 418 2909 que
467 2813 808 2889 doctrinis
859 2810 1241 2889 obfirmant
1281 2863 1304 2902 ‚
1360 2825 1438 2887 et
1487 2811 1752 2887 Christi
1806 2824 2083 2888 vestem
2141 2815 2449 2889 lacerare

274 2930 742 3017 contendunt,
797 2952 958 3005 cum
999 2931 1292 3004 minime
1343 2928 1808 3004 reformident
1858 2928 2289 3019 Nationales,
2346 2932 2451 3005 uti

273 3046 550 3133 dicunt,
605 3048 988 3136 Ecclesiae,
1019 3048 1332 3147 aliasque
1383 3050 1450 3123 id
1479 3070 1731 3146 genus
1757 3048 2163 3146 impietates
2188 3072 2455 3148 propo-

273 3184 448 3241 nere
499 3188 582 3241 ac
631 3168 923 3243 suadere
960 3166 978 3241 !
1021 3166 1412 3263 Postquam
1447 3188 1617 3240 vero
1653 3165 1754 3237 ita
1788 3165 2108 3262 religioni
2150 3165 2451 3240 insulta-

277 3285 539 3374 verint,
576 3304 792 3384 quam
828 3307 958 3382 per
991 3284 1422 3383 hypocrisim
1458 3284 1767 3357 invitant
1800 3294 1883 3356 ut
1916 3306 2079 3358 cum
2114 3284 2451 3359 hodierna

273 3402 615 3477 civilitate
665 3403 1069 3490 conveniat,
1121 3424 1266 3476 non
1317 3398 1646 3475 dubitant
1698 3400 1848 3495 pari
1899 3422 2065 3474 cum
2097 3400 2453 3499 hypocrisi

279 3519 431 3597 Nos
468 3518 780 3598 excitare
805 3533 890 3595 ut
915 3543 1080 3597 cum
1105 3520 1306 3596 ltalia
1360 3520 1923 3595 reconciliemur.
1952 3520 2261 3611 Scilicet,
2286 3542 2453 3597 cum

277 3642 478 3716 omni
524 3642 676 3718 fere
729 3642 918 3719 civili
953 3643 1212 3720 Nostro
1250 3642 1654 3740 principatu
1705 3637 1989 3738 spoliati
2040 3642 2456 3739 gravissima

279 3758 648 3837 Pontificis
697 3773 776 3839 et
825 3761 1171 3861 Principis
1207 3782 1422 3837 onera
1462 3760 1967 3835 sustineamus
2016 3761 2153 3856 piis
2205 3758 2460 3836 Catho‘

265 3874 460 3954 ,licae
509 3878 870 3955 Ecclesiae
920 3874 1222 3955 filiorum
1277 3877 1774 3976 largitionibus
1828 3876 2152 3975 quotidie
2210 3898 2465 3951 aman-

273 3996 562 4072 tissime
611 3997 700 4073 ad
751 3994 898 4072 Nos
933 3996 1201 4084 missis,
1241 4018 1548 4093 cumque
1587 3994 1813 4091 gratis
1872 3994 2179 4069 invidiae
2214 4002 2290 4067 et
2320 3992 2462 4069 odii

269 4114 568 4212 signum
615 4112 788 4191 facti
841 4114 1065 4189 simus
1111 4134 1360 4189 eorum
1413 4113 1739 4209 ipsorum
1802 4132 2053 4211 opera,
2116 4113 2239 4211 qui
2290 4130 2465 4188 con-

275 4233 716 4309 ciliationem
771 4256 816 4306 a
865 4232 1084 4310 Nobis
1133 4231 1554 4329 postulant3
1609 4232 1680 4305 id
1734 4232 2001 4307 vellent
2050 4240 2449 4330 praeterea,
