3317 5267
915 417 1012 487 60

912 527 1221 603 vicissim
1275 525 1364 601 de
1415 527 1566 601 iure
1621 522 2051 623 praeseferre
2102 524 2332 602 solent
2382 524 2847 625 legitimoque
2900 550 3043 605 usu

913 655 1227 718 tuentur.

1065 760 1246 835 Cum
1299 784 1468 835 vero
1523 757 2059 856 Pastopolitana
2102 758 2419 835 Ecclesia
2453 760 2553 833 ita
2588 785 2629 835 a
2654 760 3039 859 Popayano

914 876 1348 975 Episcopatu
1398 878 1751 953 disiuncta
1803 890 1879 951 et
1930 890 2257 974 separata
2308 879 2479 953 satis
2517 880 2755 977 ampla
2807 879 3039 953 adhuc

910 995 1255 1070 habeatur
1285 1048 1306 1082 ,
1361 997 1957 1092 quemadmodum
1992 1007 2160 1070 sunt
2194 1008 2468 1071 ceterae
2504 995 3041 1094 Neogranaten-

901 1115 1000 1189 sis
1059 1114 1506 1210 Reipublicae
1559 1113 1931 1189 Dioeceses
1962 1167 1983 1200 ‚
2044 1112 2483 1210 Apostolicae
2516 1113 2683 1187 huic
2734 1112 3041 1187 Sanctae

913 1232 1078 1307 Sedi
1133 1230 1519 1329 Nobisque,
1575 1242 1650 1305 et
1704 1230 2225 1307 successoribus
2278 1228 2553 1304 Nostris
2596 1226 2892 1301 liberam
2926 1226 3041 1299 fa-

906 1348 1245 1423 cultatem
1334 1369 1783 1422 reservamus
1870 1358 2023 1420 tum
2112 1348 2340 1443 ipsam
2431 1342 3033 1441 Pastopolitanam

907 1466 1296 1543 Ecclesiam
1338 1519 1358 1554 ‚
1415 1477 1568 1542 tum
1613 1480 1885 1542 ceteras
1938 1466 2009 1537 in
2062 1488 2147 1540 eo
2209 1464 2551 1562 gubernio
2634 1464 3040 1539 consisten-

909 1597 1043 1673 tes,
1099 1584 1416 1683 quolibet
1467 1586 1681 1659 modo
1732 1595 1809 1657 et
1862 1594 2183 1680 tempore
2224 1584 2295 1655 in
2334 1580 2637 1658 Domino
2674 1581 3033 1679 expediat,

905 1702 1524 1778 circumscribendi
1575 1716 1791 1799 atque
1844 1702 2227 1777 dividendi.

1059 1819 1422 1895 Edicimus
1475 1831 1713 1893 taxam
1768 1818 2167 1916 Episcopali
2249 1817 2818 1915 Pastopolitanae
2892 1814 3033 1889 Ec-

906 1937 1052 2011 siae
1106 1938 1550 2034 irrogandam
1581 1960 1739 2011 esse
1791 1936 2047 2011 debere
2098 1936 2170 2008 in
2222 1936 2508 2011 florenis
2536 1938 2764 2010 aureis
2790 1936 2880 2009 de
2910 1933 3038 2007 Ca-

905 2074 1100 2126 mera
1141 2051 1664 2150 trigintatribus
1721 2075 1887 2127 cum
1928 2054 2135 2126 tertia
2176 2052 2493 2126 eiusdem
2532 2052 2776 2127 floreni
2804 2062 3033 2148 parte,

906 2192 1122 2266 quam
1176 2181 1418 2242 taxam
1471 2169 1541 2241 in
1597 2168 1934 2243 Gamerae
1992 2168 2435 2265 Apostolicae
2486 2180 2562 2241 et
2614 2168 2804 2243 Sacri
2857 2164 3038 2241 Col-

905 2284 1066 2381 legii
1117 2285 1310 2359 libris
1361 2310 1450 2361 ex
1507 2308 1705 2359 more
1756 2284 2281 2359 inscribendam
2334 2308 2489 2359 esse
2542 2284 2983 2358 mandamus.

1064 2400 1162 2475 Ut
1209 2416 1448 2478 autem
1503 2406 1748 2478 omnia
1788 2404 2117 2502 superius
2198 2415 2473 2477 statuta
2522 2403 2683 2489 rite,
2739 2401 3037 2475 feliciter

904 2532 1120 2617 atque
1172 2519 1494 2594 celeriter
1545 2521 1632 2594 ad
1686 2522 2215 2617 optatissimum
2266 2520 2481 2595 finem
2535 2520 3033 2615 perducantur,

904 2635 1241 2711 dilectum
1298 2635 1552 2710 Filium
1589 2635 2023 2712 Miecislaum
2052 2662 2139 2711 ex
2171 2636 2564 2712 Comitibus
2601 2634 3037 2711 Ledochow-

905 2752 1014 2825 ski
1066 2750 1406 2827 Nostrum
1489 2753 1971 2849 Apostolicum
2052 2754 2475 2850 Delegatum
2552 2776 2771 2849 penes
2850 2750 3038 2827 Neo-

905 2872 1252 2967 gratensis
1306 2870 1761 2967 Reipublicae
1816 2872 2255 2948 Gubernium
2312 2873 2383 2945 in
2436 2871 2689 2944 harum
2743 2868 3040 2945 Nostra-

906 3009 1065 3061 rum
1093 2984 1526 3062 Litterarum
1554 3001 2067 3086 exequutorem
2109 2989 2459 3087 eligimuS‚
2500 2988 3034 3075 constituimuS,

905 3120 980 3182 et
1041 3110 1496 3207 deputamuS,
1539 3109 1780 3207 illique
1833 3134 2079 3186 omnes
2124 3123 2559 3208 opportunas
2596 3122 2672 3185 et
2708 3132 3041 3185 necessa-

908 3227 1048 3299 rias
1103 3225 1488 3301 facultates
1545 3226 1951 3315 tribuimus,
2008 3240 2089 3301 ut
2140 3229 2379 3304 omnia
2432 3250 2645 3323 supra
2696 3228 3039 3323 disposita

905 3367 1265 3442 peragere,
1297 3357 1640 3434 statuere,
1674 3362 1749 3421 et
1784 3348 2161 3422 decernere
2196 3347 2517 3443 delegata
2556 3344 2689 3419 sibi
2732 3345 3036 3442 Aposto-

903 3461 1035 3537 lica
1087 3464 1506 3541 auctoritate
1587 3466 1803 3539 libere
1850 3515 1871 3537 .
1926 3490 2007 3539 ac
2060 3465 2249 3539 licite
2328 3468 2554 3563 possit
2607 3479 2680 3539 et
2732 3464 2965 3538 valeat
3010 3488 3035 3552 ;

905 3589 1118 3677 atque
1163 3582 1448 3679 insuper
1509 3584 1741 3657 eidem
1818 3584 2171 3660 Miecislao
2248 3584 2650 3659 facultatem
2734 3583 3037 3657 facimus

901 3698 988 3771 ad
1045 3698 1326 3793 plenam
1379 3722 1618 3773 rerum
1699 3700 2020 3775 omnium
2100 3703 2649 3799 exequutionem
2730 3698 3034 3795 probum

901 3814 1132 3888 virum
1167 3814 1330 3901 fide,
1361 3816 1721 3912 religione,
1761 3817 2165 3913 integritate
2202 3830 2629 3915 spectatum,
2672 3829 2747 3890 et
2784 3817 2859 3888 in
2896 3814 3037 3889 Ec-

897 3931 1284 4005 clesiastica
1320 3932 1665 4029 dignitate
1701 3936 2169 4007 constitutum
2201 3933 2729 4031 subdelegandi,
2776 3944 2853 4007 et
2881 3944 3033 4005 tam

905 4048 1055 4141 ipse
1112 4046 1514 4146 Delegatus‚
1561 4074 1777 4147 quam
1814 4052 1965 4125 eius
2002 4050 2559 4149 subdelegandus
2596 4075 2809 4147 super
2852 4074 3037 4147 qua-

903 4188 1208 4263 cumque
1263 4172 1675 4265 quaestione
1730 4171 1799 4243 in
1854 4184 2014 4245 actu
2069 4172 2563 4269 exequutionis
2625 4170 3033 4245 huiusmodi
