3317 5267
914 465 1322 654 §gamem
1367 629 1387 664 ,
1452 575 1789 673 illamque
1847 573 1960 648 die
2021 571 2362 668 vigesimo
2419 571 2732 648 secundo
2785 571 3036 669 Aprilis

915 697 1080 770 anni
1140 699 1332 769 1862
1390 693 1675 791 proprio
1729 687 2018 766 nomine
2079 687 2650 786 subscripserunt
2687 741 2709 777 ,
2771 711 3042 786 suoque

915 817 1117 911 signo
1169 813 1653 909 obsignarunt.
1697 807 1846 884 Hac
1882 818 2124 882 autem
2162 805 2648 883 Conventioue
2699 807 2891 882 inter
2923 829 3044 880 ee-

916 941 1067 1004 tera
1118 942 1404 1004 cautum
1460 930 1530 1001 in
1586 925 1834 1024 primis
1891 923 2271 1010 voluimus,
2295 932 2397 996 ut
2447 921 2721 1020 Religio
2775 920 3046 998 Catho-

912 1047 1053 1120 lica
1123 1045 1525 1142 Apostolica
1590 1043 1914 1119 Romana
1981 1043 2076 1116 sit
2140 1041 2432 1116 omnino
2491 1041 2736 1138 religio
2789 1041 3041 1116 Status

912 1166 1227 1239 eiusdem
1286 1162 1739 1261 Reipublicae
1775 1163 1850 1237 S.
1893 1159 2306 1247 Salvatoris,
2343 1169 2566 1256 utque
2617 1159 2712 1232 ibi
2765 1159 3047 1256 integra

908 1293 985 1355 et
1035 1283 1375 1356 inviolata
1428 1291 1758 1355 servetur
1808 1267 1973 1355 cum
2024 1277 2353 1354 omnibus
2405 1276 2550 1351 suis
2611 1275 2912 1364 iuribus,
2969 1288 3044 1350 et

904 1398 1440 1508 praerogativis,
1502 1395 1762 1495 quibus
1815 1395 1968 1492 ipsa
2029 1395 2270 1491 religio
2319 1417 2408 1466 ex
2462 1393 2701 1467 divina
2751 1417 2881 1466 sua
2915 1394 3043 1466 in·-

908 1515 1279 1590 stitutione
1320 1561 1344 1602 ‚
1406 1523 1482 1587 et
1550 1535 1641 1586 ex
1691 1513 2070 1587 Sacrorum
2129 1508 2500 1603 Canonum
2553 1507 3042 1585 sanctionibus

906 1633 1201 1736 potitur,
1262 1629 1493 1727 Atque
1546 1631 1764 1704 etiam
1799 1629 2156 1710 sancitum
2191 1637 2328 1714 est,
2371 1639 2452 1701 ιιι
2499 1625 2833 1725 Episcopi
2869 1650 3043 1724 pro-

912 1749 1065 1845 prii·
1099 1749 1471 1823 ministerii
1522 1761 1764 1845 partes
1814 1747 2036 1822 libere
2087 1745 2350 1830 obeant
2387 1797 2408 1834 ,
2465 1757 2538 1820 et
2591 1745 2808 1820 iidem
2857 1745 3044 1842 Epi-

910 1866 1131 1962 scopi,
1186 1887 1269 1942 ac
1318 1865 1558 1940 fideles
1610 1887 1775 1939 cum
1827 1861 1962 1938 hac
2016 1861 2416 1960 Apostolica
2457 1863 2639 1938 Sede
2689 1863 2900 1962 plane
2951 1863 3043 1936 li-

907 1983 1153 2065 beram
1208 1985 1519 2060 habeant
1568 1969 2320 2070 communicationem,
2361 1994 2442 2055 ut
2473 1983 2788 2058 Ecclesia
2821 1981 3040 2058 suum

909 2116 1237 2202 exerceat
1288 2107 1423 2182 ius.
1446 2101 1882 2204 acquirendi,
1935 2117 2010 2176 et
2062 2103 2490 2200 possidendi,
2545 2115 2628 2178 ut
2677 2114 3036 2190 accurata,

907 2246 1014 2298 ac·
1040 2223 1249 2322 pla'ne
1299 2224 1643 2300 catholica
1695 2223 1790 2298 sit
1841 2221 2234 2297 iuventutis
2295 2223 2676 2310 institutio,
2726 2233 2809 2297 >et
2856 2223 3038 2297 edu-

904 2341 1091 2416 catio
1130 2392 1151 2429 ‚
1234 2353 1310 2416 et
1358 2343 1430 2416 in
1480 2341 1816 2418 omuibus
1869 2361 1951 2414 ac
2001 2337 2291 2434 singulis
2351 2329 2696 2438 cuiusque
2755 2341 3032 2438 generis

902 2457 1209 2559 scholis,
1246 2459 1557 2556 collegiis
1592 2469 1668 2532 et
1720 2451 2300 2531 universitatibus
2333 2456 2676 2532 catholica
2711 2457 3038 2532 tradatur

900 2575 1247 2664 doctrina3
1300 2588 1383 2650 ut
1430 2575 1792 2675 Episcopi,
1851 2573 2365 2650 Canonicorum
2421 2570 2754 2672 Collegia,
2809 2573 3036 2648 Semi-

894 2693 1105 2766 naria
1124 2715 1511 2793 congruam
1538 2692 1851 2792 habeant
1875 2693 2148 2777 dotem,
2178 2711 2260 2762 ac
2285 2687 2582 2786 Parochi
2633 2713 3036 2788 congruen-

893 2791 1107 2884 tibus
1148 2808 1325 2884 item
1384 2807 1713 2883 instructi
1773 2806 2164 2882 redditibus
2199 2817 2500 2903 pergant
2531 2807 2910 2904 primitias,
2947 2818 3032 2881 et

894 2911 1235 3018 consueta
1287 2929 1776 3004 emolumenta
1827 2928 2212 3026 percipere.
2253 2925 2440 3001 Haec
2483 2939 2557 3001 et
2593 2927 2727 3000 alia
2782 2927 2854 2999 in
2903 2949 3036 3001 eo-

814 3037 869 3072 ·“
892 3046 1057 3121 dem
1110 3045 1485 3122 Conventu
1536 3047 1754 3120 statui
1807 3059 1882 3120 et
1933 3043 2186 3118 sanciri
2224 3045 2604 3132 voluimuS,
2641 3067 2729 3120 ex
2769 3045 3031 3143 quibus

896 3161 1048 3250 Deo
1073 3163 1266 3238 'bene
1304 3165 1591 3238 iuvante
1634 3187 1776 3240 non
1813 3165 2006 3238 leves
2043 3165 2116 3236 in
2153 3165 2673 3239 sanctissimam
2703 3177 3032 3238 nostram

896 3281 1304 3387 religionem
1336 3293 1411 3382 et
1434 3281 1675 3356 fideles
1712 3279 2025 3356 eiusdem
2058 3279 2510 3378 Reipublicae
2547 3279 2844 3377 populos
2879 3281 3034 3355 uti-

890 3394 1127 3481 litates
1196 3399 1709 3474 redundaturas
1797 3419 1956 3472 esse
2017 3397 2494 3476 confidimus:
2529 3395 2724 3472 Cum·
2773 3411 3027 3472 autem

890 3507 1043 3607 ipsa
1095 3508 1487 3605 Conventio
1550 3505 1868 3611 pluribus
1903 3513 2220 3588 articulis
2253 3497 2590 3589 distincta
2642 3503 2740 3587 et'
2767 3539 2810 3586 a
2865 3513 3024 3586 VV.

894 3629 1037 3709 FF,
1094 3631 1242 3712 NN.
1300 3633 1377 3707 S.
1436 3632 1525 3706 R.
1582 3631 1671 3707 E.
1731 3631 2224 3716 Cardinalibus
2255 3627 3030 3730 NostraeAEongt-ega-

892 3735 1103 3852 tionis
1156 3751 1459 3846 negotiis
1512 3749 2002 3829 ecclesiasticis
2034 3749 2606 3824 extraordinariis
2656 3749 3034 3846 praeposi·-

890 3877 1009 3942 tae
1060 3871 1490 3956 examinata,
1531 3881 1749 3967 atque
1785 3891 1828 3942 a
1862 3866 2078 3960 Nobis
2115 3869 2285 3965 ipsis
2319 3868 2563 3944 sedulo
2613 3867 2830 3942 fuerit
2863 3891 3026 3966 per-

890 4005 1139 4080 pensa,
1194 3985 1523 4086 eamdem
1578 3983 2136 4062 Conventionem
2189 4007 2524 4082 suprema
2573 3980 2832 4060 Nostra
2903 4007 3030 4057 au-

888 4100 1215 4174 ctoritate
1250 4125 1381 4198 per
1431 4100 1563 4178 has
1598 4102 1896 4178 Nostras
1931 4101 2238 4177 Litteras
2273 4103 2822 4180 confirmandam
2863 4125 3027 4176 esse

890 4219 1319 4314 censuimus.
1374 4219 1597 4298 Huius
1634 4234 1876 4298 autem
1911 4219 2420 4298 Contentionis
2461 4233 2660 4326 tenor
2691 4234 2854 4350 est,
2893 4221 3021 4320 qui

888 4317 1233 4433 sequitur,
1254 4329 1623 4416 videlicet.
