3317 5267
2338 510 2422 583 31

303 625 454 711 dat,
509 634 592 697 ut
639 644 804 697 cum
856 620 996 719 Ipsi
1049 622 1120 693 in
1178 632 1540 719 posterum
1613 622 1827 718 hujus
1884 624 2235 721 Rescripti
2288 624 2435 701 for-

309 742 504 814 mula
555 740 644 816 ab
677 740 814 812 hac
865 738 1124 812 Sancta
1175 734 1358 813 Sede
1395 738 1830 812 obtinuerint
1858 739 2271 815 facultatem
2322 743 2437 817 di-

303 856 684 953 spensandi
735 878 950 951 super
1001 854 1510 951 impedimento
1558 856 1827 929 mixtae
1892 857 2244 953 religionis
2280 910 2305 945 ,
2360 860 2435 931 in

303 974 553 1046 eadem
587 971 924 1045 facultate
967 972 1420 1067 exsequenda
1453 994 1820 1068 nunquam
1856 972 2203 1047 desistant
2238 977 2432 1048 omni

299 1112 493 1174 cura,
548 1086 923 1183 studioque
975 1085 1386 1181 advigilare,
1441 1098 1526 1158 ut
1575 1086 1823 1161 sedulo
1862 1112 2142 1185 quoque
2180 1090 2435 1185 imple-

301 1204 516 1305 antur
563 1207 1004 1289 conditiones
1055 1206 1144 1280 de
1197 1208 1444 1279 mixtis
1478 1190 1675 1280 hisce
1710 1207 2181 1285 Matrimoniis
2234 1224 2437 1285 extra

299 1322 718 1422 Ecclesiam,
775 1338 848 1400 et
900 1326 1166 1423 absque
1219 1324 1516 1400 Parochi
1566 1325 2061 1402 benedictione
2094 1381 2115 1416 ,
2156 1331 2431 1426 alioque

301 1444 776 1521 ecclesiastico
828 1445 972 1516 ritu
1047 1440 1506 1516 celebrandis.
1565 1440 1771 1533 Quod
1822 1444 1883 1516 si
1936 1444 2009 1535 in
2083 1444 2431 1542 aliquibus

295 1564 470 1639 locis
523 1563 902 1639 Sacrorum
961 1546 1336 1634 Antistites
1399 1562 1889 1658 cognoverint,
1931 1563 2221 1636 easdem
2256 1588 2433 1638 con-

297 1682 603 1757 ditiones
655 1678 932 1775 impleri
985 1675 1173 1750 haud
1225 1700 1432 1773 posse
1462 1729 1482 1764 ,
1539 1678 1711 1777 quin
1768 1680 2095 1775 graviora
2164 1680 2423 1755 exinde

297 1800 618 1873 oriantur
667 1798 954 1883 damna,
1013 1820 1094 1869 ac
1143 1796 1355 1882 mala,
1410 1796 1486 1867 in
1535 1793 1673 1872 hoc
1711 1820 1878 1870 casu
1914 1808 2195 1871 tantum
2246 1798 2429 1871 San-

297 1914 530 1987 ctitas'
563 1906 705 1987 Sua
749 1910 843 1988 ad
903 1910 1310 2008 hujusmodi
1389 1912 1661 2008 majora
1736 1912 1997 1985 damna
2037 1962 2057 2001 ,
2114 1936 2196 1986 ac
2246 1915 2433 1987 mala

297 2030 586 2103 vitanda
627 2082 646 2117 ,
704 2030 1035 2127 prudenti
1087 2028 1499 2103 eorumdem
1549 2028 1926 2103 Sacrorum
2007 2026 2427 2103 Antistitum

293 2148 586 2223 arbitrio
637 2150 1046 2235 committit,
1089 2146 1170 2221 u‘t
1221 2147 1382 2243 ipsi,
1419 2148 1664 2236 salvis,
1701 2148 2063 2246 firmisque
2117 2171 2421 2246 sempor,

291 2288 374 2339 ac
423 2249 916 2363 perdiligenter
967 2264 1266 2339 servatis
1313 2260 1753 2339 cautionibus
1778 2274 1783 2279 “
1804 2265 1894 2338 de
1946 2266 2421 2361 perversionis

289 2384 606 2481 periculo
637 2374 1060 2490 'amovendo
1113 2406 1154 2455 a
1207 2382 1506 2481 conjuge
1560 2382 1907 2460 catholico
1942 2437 1963 2472 ,
2000 2385 2090 2458 de
2126 2392 2427 2460 conver-

291 2502 492 2575 sione
546 2495 917 2585 acatholici
972 2502 1289 2599 conjugis
1341 2498 1432 2573 ab
1485 2504 1638 2601 ipso
1721 2504 2017 2599 conjuge
2077 2504 2423 2580 catholico

288 2646 421 2719 pro
477 2604 740 2697 viribus
812 2621 1246 2719 procuranda
1276 2673 1296 2708 ,
1350 2622 1596 2719 deque
1631 2624 1979 2713 universa
2057 2622 2425 2719 utriusque

289 2764 506 2813 sexus
561 2740 756 2841 prole
809 2738 881 2812 in
949 2740 1323 2813 sanctitate
1377 2736 1779 2811 Catholicae
1828 2738 2211 2836 Religionis
2262 2762 2427 2814 om-

287 2858 462 2931 nino
514 2853 872 2957 educanda
889 2910 909 2945 ,
947 2857 1269 2955 judicent
1306 2856 1588 2953 quando
1623 2867 2218 2933 commemoratae
2254 2882 2427 2933 con-

287 2967 594 3047 dition'es
648 2976 738 3048 de'
787 2972 1286 3050 contrahendis
1333 2972 1584 3077 'mixtis
1637 2970 1830 3047 hisce
1881 2974 2149 3071 nuptiis
2218 2986 2423 3048 extra

285 3089 680 3165 Ecclesiam
723 3142 746 3177 ,
803 3076 878 3163 et
929 3089 1196 3186 absque
1251 3085 1550 3162 Paroclii
1601 3088 2091 3165 benedictione
2144 3086 2421 3186 impleri

286 3209 582 3281 minime
630 3208 936 3304 possint,
993 3219 1067 3279 et
1117 3206 1398 3303 quando
1450 3206 1522 3281 in
1557 3207 1976 3301 promiscuis
2014 3207 2206 3281 hisce
2243 3232 2419 3282 con-

280 3324 495 3418 jugiis
549 3320 872 3397 ineundis
921 3323 1203 3397 tolerari
1257 3333 1475 3424 queat
1527 3344 1684 3396 mos
1748 3322 2124 3395 adhibendi
2200 3324 2418 3397 ritum

283 3464 416 3536 pro
469 3440 934 3515 Matrimoniis
985 3440 1485 3516 contrahendis
1541 3441 1612 3511 in
1668 3438 2098 3515 Dioecesano
2154 3442 2418 3515 Rituali

279 3557 596 3654 legitime
651 3560 1186 3657 praescriptum,
1225 3557 1512 3631 exclusa
1555 3567 1795 3631 tamen
1832 3582 2115 3657 semper
2165 3559 2419 3633 Missae

283 3674 784 3764 celebratione,
838 3698 920 3750 ac
970 3676 1504 3772 diligentissime
1541 3676 1909 3773 perpensis
1946 3676 2277 3751 omnibus
2314 3698 2421 3749 re-

283 3814 476 3879 rum,
514 3792 858 3880 locorum,
916 3815 998 3866 ac
1049 3814 1512 3888 personarum
1550 3791 1930 3886 adjunctiS,
1972 3804 2185 3888 atque
2239 3814 2413 3867 one-

279 3924 440 3985 rata
493 3913 811 4008 ipsorum
867 3910 1290 3988 Antistitum
1343 3912 1774 3988 conscientia
1827 3934 2043 4006 super
2092 3911 2413 3985 omnium

277 4030 991 4105 circumstantiarum·
1027 4030 1350 4115 veritate,
1391 4038 1464 4101 et
1516 4028 1889 4125 gravitate.
1948 4028 2413 4123 Summopere

283 4162 528 4221 autem
559 4160 856 4244 exoptat
889 4148 1242 4222 Sanctitas
1279 4144 1446 4233 Sua,
1479 4156 1558 4219 ut
1595 4146 1807 4219 iidem
1852 4142 2227 4219 Sacrorum
2267 4142 2415 4216 An-

281 4267 550 4339 tistites
603 4266 1008 4361 hujusmodi
1063 4262 1598 4359 indulgentiam,
1647 4288 1773 4337 seu
1826 4264 2060 4359 potius
2114 4263 2413 4337 toleran-

1980 4385 2024 4456 3
