3317 5267
2318 453 2460 526 555

330 571 563 648 solum
606 569 752 667 jus,
805 567 930 644 sed
979 567 1284 644 officium
1338 567 1755 664 praesertim
1805 566 2026 642 habet
2073 590 2216 643 non
2267 568 2454 643 tole-

329 689 556 774 randi,
612 687 737 762 sed
788 685 1267 784 proscribendi
1316 704 1399 757 ac
1449 684 1838 758 damnandi
1874 705 2126 760 omnes
2159 707 2460 774 errores,

331 807 395 882 si
444 806 543 880 ita
590 803 755 878 fidei
808 803 1204 901 integritas,
1260 811 1337 874 et
1390 799 1792 875 animarum
1829 801 2020 876 salus
2053 802 2466 899 postulave-

332 921 505 1010 rint,
560 932 637 996 et
685 920 885 1038 omni
946 919 1395 1018 philosopho,
1459 919 1583 1017 qui
1644 916 2002 994 Ecclesiae
2061 919 2246 994 filius
2304 943 2464 998 esse

336 1041 536 1130 velit,
589 1062 675 1116 ac
726 1041 945 1140 etiam
1008 1038 1495 1138 philosophiae
1561 1038 1870 1115 officium
1933 1039 2281 1114 incumbit
2337 1041 2467 1114 ni-

343 1157 441 1259 hil
502 1149 819 1257 unquam
856 1159 1089 1234 dicere
1152 1169 1404 1234 contra
1468 1181 1581 1246 ea,
1620 1179 1804 1256 quae
1873 1155 2191 1232 Ecclesia
2231 1158 2463 1247 docet,

338 1289 415 1352 et
464 1301 547 1353 ea
597 1287 1046 1366 rectractare,
1101 1277 1189 1352 de
1242 1275 1503 1374 quibus
1554 1299 1680 1352 eos
1729 1275 2047 1350 Ecclesia
2082 1277 2462 1350 monuerit.

336 1395 781 1470 Sententiam
843 1405 1114 1479 autem,
1153 1415 1335 1492 quae
1372 1393 1806 1468 contrarium
1869 1391 2118 1466 edocet
2177 1392 2468 1468 omnino

338 1533 735 1602 erroneam,
790 1523 868 1588 et
928 1512 1065 1610 ipsi
1124 1511 1287 1586 fidei
1349 1510 1736 1598 Ecclesiae,
1801 1510 2095 1608 eiusque
2157 1509 2470 1586 auctori-

338 1630 533 1704 ritati
584 1631 699 1706 vel
749 1631 1061 1704 maxime
1113 1629 1521 1726 injuriosam
1574 1651 1730 1704 esse
1781 1627 2149 1717 edicimus,
2211 1639 2288 1702 et
2347 1627 2466 1704 de-

248 1771 255 1780 ·
340 1748 717 1824 claramus.

488 1861 765 1956 Quibus
815 1865 1147 1942 omnibus
1198 1875 1524 1952 accurate
1576 1865 1970 1963 perpensis,
2035 1865 2124 1938 de
2183 1887 2464 1941 eorum·

334 1981 501 2058 dem
557 1980 710 2058 VV.
768 1981 911 2055 FF.
966 1981 1119 2060 NN.
1175 1981 1251 2056 S.
1320 1981 1411 2056 R.
1474 1979 1561 2054 E.
1602 1977 2080 2056 Cardinalium
2149 1979 2466 2079 Congre-

340 2101 645 2198 gationis
696 2099 893 2176 libris
942 2100 1273 2177 notandis
1308 2100 1756 2198 praepositae
1791 2099 2108 2188 consilio,
2147 2121 2230 2174 ac
2263 2111 2466 2177 motu

340 2219 652 2316 proprio,
706 2230 782 2294 et
830 2229 1027 2294 certa
1076 2219 1399 2307 seientia,
1428 2229 1712 2292 matura
1759 2216 2260 2293 deliberatione
2325 2217 2468 2294 No·

340 2347 516 2425 stra,
570 2338 803 2437 deque
856 2336 1303 2435 Apostolicae
1354 2334 1657 2411 Nostrae
1717 2338 2092 2433 potestatis
2153 2335 2464 2433 plenitu-

341 2453 505 2527 dine
588 2454 801 2551 praed
810 2454 991 2529 ictos
1076 2451 1297 2527 libros
1384 2449 1790 2550 Presbyteri
1877 2451 2468 2528 Frohschammer

340 2583 721 2671 tamquam·
762 2573 1209 2648 continentes
1260 2569 1805 2667 propositiones,
1861 2581 1939 2644 et
1971 2571 2324 2646 doctrinas
2350 2594 2472 2645 re·

340 2690 655 2786 spective
704 2689 942 2779 falsas,
994 2709 1351 2774 erroneas,
1405 2685 1786 2776 Ecclesiae,
1814 2689 2107 2786 eiusque
2159 2689 2478 2766 auctori--

337 2809 495 2894 tati,
548 2829 633 2881 ac
684 2807 963 2902 juribus
1024 2805 1400 2902 injuriosas
1462 2802 1951 2901 reprobamus,
2014 2807 2464 2894 damnamus,

342 2945 425 2998 ac
484 2946 613 3019 pro
672 2922 1065 3021 reprobatis
1126 2933 1203 2996 et
1262 2919 1617 2995 damnatis
1677 2919 1768 2993 ab
1833 2921 2162 2995 omnibus
2221 2921 2464 2997 haberi

346 3040 699 3130 volumus,
755 3052 973 3139 atque
1024 3040 1257 3115 eidem
1309 3034 1849 3134 congregationi
1901 3039 2343 3128 mandamus,
2384 3051 2468 3114 ut

341 3161 629 3236 eosdem
680 3159 895 3235 libros
948 3159 1019 3234 in
1076 3157 1377 3234 indicem
1430 3153 1946 3252 prohibitorum
1999 3154 2338 3230 librorum
2363 3179 2466 3232 re·

339 3276 548 3354 ferat.
2543 3269 2552 3276 ’

496 3395 683 3470 Dum
752 3415 921 3472 vero
982 3396 1157 3470 haec
1229 3393 1387 3469 Tibi
1456 3389 1958 3490 significamus,
2032 3388 2468 3468 Venerabilis

342 3512 616 3603 Frater,
668 3538 811 3591 non
846 3535 1224 3613 possumus
1264 3534 1407 3588 non
1444 3512 1842 3608 exprimere
1877 3531 2213 3607 magnum
2250 3511 2469 3586 animi

344 3629 583 3708 Nostri
634 3631 985 3719 dolorem,
1020 3653 1185 3706 cum
1238 3630 1603 3704 videamus
1654 3627 1846 3701 hunc
1895 3625 2144 3712 filium,
2181 3650 2470 3704 eorum-

346 3751 537 3826 dem.
562 3750 903 3826 librorum
954 3760 1345 3837 auctorem,
1398 3747 1521 3845 qui
1572 3743 1982 3842 ceteroquin
2035 3744 2124 3819 de
2150 3743 2464 3819 Ecclesia

342 3871 779 3946 benemereri
830 3870 1205 3968 potuisset,
1258 3864 1516 3941 infelici
1567 3863 1874 3962 quodam
1926 3861 2156 3938 cordis
2190 3861 2466 3959 impetu

343 3989 603 4063 misere
668 3987 1043 4084 abreptum
1104 3987 1177 4060 in
1240 3983 1395 4058 vias
1454 3980 1676 4067 abire,
1753 4001 1936 4077 quae
2006 3977 2094 4053 ad
2165 3978 2468 4054 salutem

340 4131 483 4184 non
544 4108 839 4195 ducunt,
912 4128 995 4180 ac
1064 4102 1293 4200 magis
1360 4099 1728 4196 magisque
1799 4118 1842 4168 a
1913 4106 2110 4171 recto
2179 4095 2468 4171 tramite

224 4291 233 4301 .
344 4227 693 4303 aberrare.
764 4223 945 4300 Cum
1030 4223 1223 4298 enim
1304 4218 1483 4292 alius
1560 4215 1716 4312 ejus
1801 4215 1978 4290 liber
2026 4214 2117 4291 de
2201 4213 2468 4290 anima·
