3317 5267
852 456 999 531 414

848 578 987 652 hoc
1038 586 1275 651 autem
1330 577 1702 650 Secretarii
1755 576 2058 652 officium
2111 564 2484 669 deligimus
2517 580 2591 645 et
2629 562 2966 643 nomina-

724 788 731 795 ·
845 718 1009 769 mus
1058 693 1409 769 Dilectum
1466 695 1721 771 Filium
1775 696 2125 770 Ioannem
2178 693 2490 768 Simeoni
2525 689 2959 765 Protonota-

847 814 1032 886 rium
1091 812 1595 909 Apostolicum.
1654 814 1750 887 Ut
1829 825 2068 887 autem
2155 822 2452 907 uterque
2529 808 2968 883 Secretarius

846 929 1067 1025 probe
1120 942 1367 1003 noscat
1421 932 1659 1004 omnia
1715 942 1867 1003 tum
1922 929 2150 1018 latini,
2209 938 2366 999 tum
2391 924 2755 1001 orientalis
2785 924 2966 997 ritus

848 1047 1158 1142 negotia,
1214 1045 1565 1134 iubemus,
1630 1046 1878 1122 ambos
1931 1045 2360 1120 Secretarios
2395 1045 2740 1117 interesse
2777 1038 2972 1115 Con-

854 1165 1181 1239 ventibus
1212 1168 1575 1265 utriusque
1614 1166 2218 1263 Congregationis,
2249 1165 2349 1235 ita
2401 1174 2672 1247 tamen,
2710 1170 2793 1233 ut
2817 1158 2968 1232 Se-

844 1272 1189 1376 cretarius
1242 1282 1825 1381 congregationis
1879 1282 2224 1380 generalis
2277 1279 2474 1353 Fidei
2537 1277 2966 1374 Propagan-

842 1401 975 1473 dae
1029 1398 1329 1473 alterum
1379 1399 1960 1497 Congregationis
2015 1422 2141 1495 pro
2178 1395 2482 1493 negotiis
2511 1396 2700 1467 ritus
2735 1392 2964 1466 orien-

844 1514 1005 1589 talis
1082 1516 1355 1590 ratione
1438 1516 1644 1590 officii
1735 1517 2160 1612 praecedat,
2253 1523 2328 1586 et
2413 1508 2956 1585 Protonotarius

850 1633 1293 1727 Apostolicus
1320 1644 1483 1726 post
1542 1644 1922 1729 utrumque
1949 1630 2422 1705 Secretarium
2450 1628 2718 1703 sedeat.
2758 1620 2964 1714 Quod

846 1760 1089 1822 autem
1140 1750 1401 1822 attinet
1450 1751 1539 1822 ad
1590 1772 1820 1825 novae
1875 1749 2316 1823 Secretariae
2367 1745 2715 1821 Officiales
2745 1742 2966 1817 volu-

845 1889 1032 1956 muS‚
1090 1878 1175 1941 ut
1226 1866 1297 1939 in
1350 1890 1433 1939 ea
1484 1867 1858 1941 sufficienti
1909 1888 2210 1941 numero
2237 1866 2580 1939 Officiales
2613 1862 2960 1944 existant,

842 2000 1055 2083 prout
1104 2009 1283 2083 opus
1334 1986 1549 2061 fuerit
1602 1988 1942 2083 temporis
1977 1989 2302 2060 decursu.
2339 1982 2608 2057 Ambae
2645 1979 2964 2075 Congre-

842 2106 1159 2201 gationes
1212 2106 1461 2178 eodem
1515 2103 1886 2179 'tabulario
1926 2158 1946 2190 ‚
2029 2104 2416 2199 eademque
2455 2097 2958 2199 Typographia

840 2222 1132 2295 omnino
1187 2232 1499 2294 utentur.
1556 2220 1736 2295 Cum
1789 2244 1954 2295 vero
2005 2246 2097 2293 ex
2155 2220 2364 2293 huius
2443 2241 2668 2293 novae
2767 2214 2964 2288 Con-

844 2338 1267 2434 gregationis
1322 2338 1768 2412 institutione
1823 2337 2178 2433 impendia
2204 2349 2598 2433 augeantur
2649 2332 2968 2427 Congre-

839 2455 1139 2549 gationis
1168 2452 1361 2526 Fidei
1390 2452 1915 2550 Propagandae,
1957 2456 2206 2528 iccirco
2243 2476 2596 2551 congruos
2633 2449 2960 2546 assigna-

842 2572 1079 2645 vimus
1131 2570 1413 2645 fundos.

876 2738 890 2747 -
1008 2688 1237 2785 Atque
1288 2688 1402 2761 hic
1453 2689 1774 2763 levantes
1837 2692 2078 2765 oculos
2167 2690 2463 2765 Nostros
2517 2690 2606 2763 ad
2661 2690 2960 2764 misera-

844 2809 1119 2882 tionum
1176 2804 1581 2894 Dominum‚
1636 2807 1726 2879 ab
1771 2808 1934 2904 Ipso
1987 2808 2352 2882 humiliter
2405 2808 2756 2904 enixeque
2827 2832 2962 2880 ex-

842 2927 1199 3023 poscimus
1230 2976 1249 3011 ,
1306 2936 1389 2997 ut
1466 2927 1746 2999 divinae
1797 2950 1965 2999 suae
2043 2928 2314 3023 gratiae
2391 2926 2680 2999 divitias
2749 2948 2966 3021 super

838 3046 1211 3123 orientales
1264 3049 1587 3120 nationes
1615 3049 1898 3144 copiose
1933 3047 2328 3135 effundenS‚
2367 3047 2651 3133 efficiat,
2708 3056 2793 3119 ut
2845 3058 2956 3119 tot

840 3166 1006 3238 olim
1062 3164 1369 3237 illustres
1410 3164 1479 3235 in
1517 3164 1728 3238 Orien
1740 3178 1808 3237 te
1844 3164 2298 3261 Episcopales
2337 3163 2734 3237 Cathedrae
2773 3162 2968 3259 Apo-

840 3280 1185 3355 stolorum
1238 3282 1657 3355 auctoritate
1710 3283 2142 3357 constitutae
2176 3335 2196 3369 ,
2285 3304 2470 3379 quae
2522 3304 2712 3355 nunc
2741 3334 2762 3369 ,
2819 3280 2960 3355 heu

834 3400 1173 3471 miserum
1214 3396 1232 3469 Ξ
1290 3422 1331 3471 a
1385 3410 1621 3493 petra,
1661 3402 1772 3473 cui
1827 3398 2144 3473 Ecclesia
2173 3400 2532 3485 innititur,
2575 3400 2940 3474 seiunctae

835 3528 915 3592 et
962 3516 1309 3613 collapsae
1360 3518 1616 3604 iacent,
1671 3518 1903 3591 denuo
1957 3519 2256 3613 pristino
2292 3529 2680 3591 exornatae
2717 3518 2962 3613 splen-

834 3639 1003 3715 dore
1054 3636 1508 3725 reviviscant,
1566 3650 1780 3735 atquc
1833 3638 1938 3711 uti
1993 3650 2204 3711 antea
2259 3638 2550 3733 vigeant
2585 3692 2605 3724 ‚
2661 3636 2962 3711 floreant

838 3755 1137 3830 fideliter
1186 3754 1670 3829 custodientes
1721 3756 1880 3829 fidei
1923 3756 2356 3851 depositum,
2393 3776 2810 3852 morumque
2845 3756 2952 3828 di-

840 3872 1251 3969 sciplinam.

888 4030 901 4039 -
996 3988 1075 4061 In
1130 4010 1283 4062 eam
1340 3986 1664 4083 profecto
1717 4012 1921 4085 spem
1977 3990 2314 4087 erigimur
2363 3988 2538 4077 fore,
2597 4001 2678 4061 ut
2727 3988 2954 4065 bono-

838 4129 999 4181 rum
1050 4107 1371 4180 omnium
1418 4118 1669 4180 auctor
1719 4118 1794 4181 et
1840 4107 2134 4205 largitor
2183 4107 2378 4183 Deus
2429 4106 2704 4181 Nostris
2758 4108 2950 4182 hisce

734 4226 741 4233 ’
836 4224 1023 4299 curis
1073 4224 1417 4320 propitius
1444 4222 1860 4298 benedicere
1891 4225 2090 4313 velit,
2119 4239 2340 4321 utque
2389 4246 2640 4299 omnes
2693 4222 2946 4299 Orien-
