3317 5267
317 574 514 661 striS,
569 572 824 671 quibus
875 572 1368 673 Episcopalem
1419 574 1809 653 Ecclesiam
1892 574 2435 659 Rhedonensem
2510 602 2533 615 ”

319 692 409 763 ad
463 689 1048 785 Metropoliticam
1101 692 1521 787 dignitatem
1573 696 1828 785 attolli,
1884 698 2087 794 eiqne
2140 695 2438 795 Episco-

315 819 536 902 patus
602 806 1103 895 venetensem,
1159 806 1614 883 Briocensem
1680 823 1755 884 et
1832 810 2433 913 Corisopitensem

321 924 838 1019 Metropolitico
919 924 1352 998 Turonensis
1431 926 1958 1025 Archiepiscopi
2036 932 2169 1005 iuri
2222 934 2435 1007 modo

319 1044 643 1117 subditos
695 1044 768 1115 in
825 1042 1300 1141 suffraganeos
1335 1046 1538 1119 adiici
1575 1047 2093 1143 implorandum
2130 1054 2427 1127 studuit.

473 1160 570 1233 Et
620 1182 866 1235 revera
918 1173 1375 1259 perspectum
1412 1164 1654 1237 sedulo
1683 1177 1818 1251 est,
1858 1168 2047 1263 quod
2082 1168 2436 1245 Ecclesia·-

315 1279 495 1351 stica
551 1278 980 1352 Turonensis
1019 1278 1677 1378 Archiepiscopatus
1730 1280 2097 1361 Provincia
2148 1287 2261 1360 vel
2322 1288 2435 1359 ni-

313 1394 454 1467 mis
505 1394 645 1469 late
693 1397 1178 1491 protendatur,
1234 1398 1456 1494 quum
1507 1397 1647 1470 illic
1710 1421 1967 1475 novem
2027 1404 2429 1500 peramplae

313 1510 770 1607 Episcopales
823 1514 1024 1586 sedes
1087 1511 1564 1609 suffraganeae
1605 1515 2171 1605 dinumerentur,
2248 1519 2434 1615 mul-

315 1642 428 1702 tas
465 1628 832 1716 paroecias
885 1632 1388 1729 ingentemque
1445 1629 2021 1706 Christifidelium
2058 1654 2431 1709 numerum

313 1748 870 1843 complectentes
901 1800 920 1835 ,
978 1772 1067 1821 ex
1119 1772 1262 1845 quo
1313 1759 1582 1822 scatere
1637 1750 1818 1824 solet
1896 1774 2131 1825 rerum
2208 1754 2429 1827 etiam

312 1864 886 1959 gravissimarum
963 1866 1357 1939 necessario
1409 1866 1756 1963 citiusque
1836 1868 2429 1967 expediendarum

315 1982 628 2053 maxima
681 1982 1035 2055 affluentia
1075 2034 1095 2069 ,
1153 1983 1250 2053 ita
1329 1993 1410 2055 ut
1470 1980 2053 2079 Metropolitanus
2114 1984 2427 2063 Antistes

311 2100 735 2199 quandoque
761 2112 1056 2196 cogatur
1089 2102 1275 2174 curis
1311 2114 1390 2174 et
1422 2102 1773 2177 laboribus
1812 2104 1971 2199 plus
2008 2126 2233 2201 aequo
2268 2128 2429 2201 gra-

312 2220 488 2303 vari,
545 2230 985 2316 nequeatque
1041 2232 1150 2295 tot
1203 2222 1479 2317 negotia
1551 2222 1837 2295 insimul
1892 2223 2286 2319 peragenda
2338 2245 2425 2296 ea

311 2360 452 2433 qua
502 2360 633 2433 par
681 2348 792 2411 est
841 2337 1201 2411 alacritate
1237 2339 1578 2411 extricare
1631 2361 1711 2411 ac
1764 2339 2041 2413 naviter
2114 2340 2419 2436 explere.

310 2454 455 2539 Nec
507 2457 742 2529 omitti
795 2467 1059 2551 potest.
1087 2456 1275 2553 quod
1327 2456 1419 2530 ob
1472 2457 1763 2529 nimiam
1802 2455 2217 2555 plerumque
2268 2457 2426 2531 illo-

314 2593 474 2644 rum
525 2571 836 2647 locorum
874 2573 1039 2645 hinc
1075 2573 1238 2645 inde
1274 2573 1684 2645 distantiam
1722 2574 2270 2648 communicatio
2321 2574 2427 2646 in·-

312 2700 424 2760 tcr
457 2686 972 2784 Metropolitani
1010 2700 1082 2761 et
1119 2688 1717 2787 suffraganearum
1746 2688 2215 2765 Ecclesiarum
2252 2690 2426 2763 sub-

305 2804 496 2879 ditos
547 2806 876 2878 maximis
903 2807 1256 2879 interdum
1287 2806 1590 2880 obnoxia
1625 2806 1720 2879 sit
1755 2808 2246 2895 incommodiS,
2284 2808 2425 2883 dis-

308 2924 764 3010 ficultatibuS,
795 2924 1343 3021 impedimentis,
1376 2925 1487 2997 vel
1517 2918 2119 3013 diuturnitatibus,
2151 2939 2225 3000 et
2276 2926 2423 2999 for-

307 3062 434 3113 san
463 3040 938 3136 spiritualibus
966 3042 1180 3113 etiam
1211 3042 1678 3114 detrimentis.
1712 3042 1816 3115 Ex
1848 3044 2103 3139 quibus
2126 3043 2419 3139 proinde

307 3156 600 3253 aliisque
654 3156 930 3230 illorum
983 3158 1296 3235 locorum
1347 3158 1899 3233 circumstantiis
1949 3161 2135 3235 ultro
2187 3157 2421 3231 infer-

310 3286 430 3349 tur
477 3274 770 3361 utilitaS,
801 3275 944 3347 imo
995 3278 1378 3351 necessitas
1431 3298 1518 3347 ex
1577 3276 1973 3349 vastissima
2028 3276 2417 3351 Turonensi

305 3394 508 3467 binas
587 3392 1110 3467 Ecclesiasticas
1165 3395 1572 3468 Provincias
1621 3394 2123 3481 constituendi,
2176 3396 2273 3467 ita
2334 3404 2418 3467 ut

307 3532 572 3584 earum.
602 3509 1120 3607 Meti-cpolitani
1179 3509 1550 3584 Antistites
1605 3512 1884 3583 valeant
1936 3532 2221 3584 suarum
2259 3509 2413 3584 suf-

307 3628 798 3723 fraganearum
853 3626 1326 3701 Ecclesiarum
1361 3628 1935 3725 singulorumque
1973 3626 2408 3703 Christiflde-

299 3746 482 3820 lium
519 3748 1164 3843 opportunitatibus
1199 3760 1274 3822 et
1309 3750 1649 3845 urgentiis
1684 3748 1955 3823 facilius
1989 3750 2413 3847 promptius-

305 3886 446 3962 que
499 3886 863 3937 occurrere
915 3876 990 3937 et
1039 3864 1464 3939 satisfacere.
2082 3926 2089 3932 .

457 3978 796 4055 Consulto
833 3992 1072 4054 autem
1098 3984 1723 4055 animadvertimus
1752 3980 2245 4055 Rhedonensis·
2266 3976 2407 4050 Ur·-

302 4097 414 4171 bis
454 4096 940 4173 excellentiam
993 4112 1068 4174 et
1115 4101 1560 4199 dignitatem,
1599 4124 1779 4198 quae
1816 4110 2061 4196 utpote
2098 4098 2291 4171 Ellae
2329 4109 2407 4169 et

303 4212 728 4291 vicenoniae
780 4214 1190 4291 Provinciae
1242 4228 1454 4314 caput
1503 4218 1757 4293 ceteris
1844 4218 1927 4291 iis
1991 4213 2409 4289 Civitatibus
