3317 5267
873 430 1010 500 156

774 557 783 565 ’
858 544 1064 638 juxta
1084 542 1599 637 praescriptum
1626 539 1716 613 ah
1747 538 2164 635 Apostolieis
2197 536 2486 613 Litteris
2515 538 2652 612 sub
2681 536 2996 613 Plumbo

862 681 898 729 a
957 655 1501 733 Praedecessore
1552 657 1810 733 Nostro
1853 655 1980 731 Pio
2035 654 2176 729 ΡΡ.
2219 655 2541 752 Septimo
2576 655 2738 731 latis
2779 655 2998 731 Anno

866 774 1243 851 millesimo
1270 776 1859 875 octingentesimo
1887 774 2230 871 vigesimo
2271 774 2512 861 tertio,
2541 786 2800 873 quarto
2835 774 2998 849 No·

861 914 993 965 nas
1046 892 1281 979 Iulias,
1321 916 1503 991 quae
1554 894 1910 988 incipiunt
1953 890 2218 967 «Decet
2259 890 2622 967 Romanos
2684 891 2996 968 Pontifi-

862 1031 1023 1083 ces»
1038 1064 1055 1080 .
1114 1008 1316 1099 Quod
1342 1010 1633 1109 quidem
1658 1009 2038 1085 Barolense
2063 1008 2366 1083 Sanctae
2401 1008 2662 1083 Mariae
2696 1007 2996 1105 Major-is

864 1125 1294 1224 Capitulum,
1322 1128 1445 1205 ubi
1474 1129 1755 1203 noviter
1781 1138 2096 1203 erectum
2125 1125 2366 1213 fuerit,
2397 1127 2652 1201 iisdem
2684 1127 2996 1203 omnino

864 1244 1139 1321 fruetur
1189 1247 1599 1323 muneribus
1634 1258 1711 1321 et
1745 1244 2040 1335 iuribus,
2077 1268 2258 1343 quae
2295 1246 2382 1321 de
2419 1247 2784 1321 communi
2827 1244 2996 1319 iure

865 1364 954 1437 ad
978 1364 1111 1437 alia
1140 1362 1774 1461 Archiepiscopalia
1824 1362 2230 1459 hujusmodi
2265 1360 2589 1458 Capitula
2639 1384 2722 1435 ac
2771 1382 2996 1457 prae-

864 1484 1111 1557 sertim
1164 1482 1550 1570 Tranense,
1604 1482 1964 1577 pertinere
2029 1480 2284 1557 solent.

1025 1598 1209 1675 Cum
1258 1610 1503 1675 autem
1554 1598 1690 1672 hoc
1740 1598 2040 1673 Sanctae
2077 1596 2338 1671 Mariae
2374 1595 2658 1694 Majoris
2685 1592 2992 1692 Capitu-

803 1781 819 1803 .
864 1720 1015 1794 lum
1064 1718 1241 1794 satis
1276 1719 1373 1793 sit
1408 1740 1897 1805 numerosum,
1953 1716 2365 1791 facultatem
2399 1716 2498 1789 illi
2535 1715 2996 1813 impertimur

866 1840 1466 1937 quemadmodum
1518 1838 1591 1911 in
1626 1858 1826 1913 more
1864 1838 2176 1934 positum
2203 1835 2724 1933 probatumque
2775 1857 2998 1931 repe-

862 1956 1069 2043 ritur,
1106 1967 1189 2031 ut
1222 1956 1411 2029 licite
1464 1954 1822 2053 probeque
1858 1955 2086 2050 possit
2119 1954 2194 2027 in
2227 1952 2430 2027 binas
2465 1950 2616 2029 fere
2651 1952 2994 2050 aequales

866 2084 1105 2168 partes
1152 2073 1461 2149 divisum
1532 2072 1824 2168 alternis
1877 2070 2336 2146 hebdomadis
2399 2070 2681 2145 choi-ale
2741 2072 2994 2145 servi-

730 2276 735 2281 ,
874 2192 1055 2265 tium
1110 2200 1491 2286 praestare,
1545 2199 1760 2285 atque
1838 2186 2296 2262 nihilominus
2347 2187 2398 2261 ii
2447 2187 2704 2284 singuli
2765 2208 2991 2263 cano-

870 2309 1027 2382 nice
1076 2308 1406 2384 absentes
1432 2330 1722 2385 suarum
1752 2307 2310 2403 praebendarum
2347 2304 2617 2383 fructus
2643 2306 2990 2402 recipere,

870 2449 1015 2502 non
1068 2450 1271 2503 secus
1324 2449 1409 2501 ac
1458 2426 1858 2503 choralibus
1913 2424 2390 2501 functionibus
2441 2446 2722 2523 quaque
2773 2444 2996 2497 vaca-

876 2544 1089 2619 tionis
1149 2542 1555 2640 hujusmodi
1617 2542 2060 2619 hebdomada
2110 2541 2622 2619 interfuissent.
2666 2542 2772 2617 Ad
2827 2562 2994 2615 me-

870 2664 1173 2739 moriam
1207 2665 1738 2760 perennandam
1773 2663 2174 2760 primaevae
2201 2662 2600 2737 Nazarenac
2631 2658 2994 2735 Ecclesiae

872 2783 947 2855 in
978 2780 1327 2857 Palestina
1350 2782 1772 2879 jamdudum
1797 2806 1886 2857 ex
1915 2782 2284 2876 impietate
2312 2779 2752 2878 Paganorum
2779 2802 2992 2854 ever-

868 2922 1019 2988 sae,
1074 2901 1365 2998 eiusque
1423 2900 1954 2997 Archiepiscopi
1987 2910 2064 2973 et
2095 2896 2406 2994 Capituli
2459 2898 2790 2974 Bai-olum
2827 2920 2996 2973 con-

872 3016 1322 3117 fugientium,
1376 3019 1730 3117 simulque
1764 3020 1854 3095 ad
1889 3021 2116 3115 magis
2169 3019 2538 3115 magisque
2573 3015 2989 3105 fovendam,

870 3140 1295 3237 augendam,
1350 3141 1939 3237 excitandamque
1999 3140 2455 3215 devotionem
2509 3150 2586 3213 et
2634 3160 2996 3213 reveren—

869 3259 1044 3331 tiam
1080 3258 1411 3356 piamque
1464 3259 2146 3355 contemplationem
2181 3282 2394 3356 super
2444 3258 2634 3331 alma
2681 3256 2996 3330 Nazare-

868 3396 959 3449 na
994 3376 1207 3451 domo
1256 3377 1329 3449 in
1380 3398 1523 3475 qua
1574 3376 1994 3453 Beatissima
2034 3376 2246 3476 Virgo
2285 3377 2502 3453 Maria
2537 3376 2676 3449 fuit
2707 3373 2796 3448 ab
2839 3374 2994 3447 An-

868 3492 1023 3590 gelo
1074 3493 1379 3567 salutata
1408 3546 1429 3583 ,
1486 3506 1561 3569 et
1614 3493 1926 3569 Verbum
1979 3492 2161 3570 Caro
2213 3494 2480 3577 factum
2533 3506 2646 3567 est
2683 3515 2810 3588 pro
2871 3502 2990 3565 to-

872 3612 1014 3687 tius
1066 3612 1312 3686 mundi
1346 3613 1601 3701 salute,
1640 3614 1943 3711 benigne
1979 3626 2414 3712 potestatem
2453 3614 2860 3699 tribuimus,
2907 3624 2994 3685 ut

867 3728 1125 3828 singuli
1174 3740 1325 3802 tam
1378 3728 1750 3827 Dignitarii
1801 3754 2018 3829 quam
2053 3730 2386 3807 Canonici
2447 3754 2587 3805 non
2663 3728 2994 3827 Dignita-

868 3851 955 3922 rii
1004 3849 1081 3921 in
1126 3846 1525 3923 choralibus
1576 3848 1870 3947 aliisque
1943 3849 2298 3925 Ecclesiae
2351 3849 2752 3925 Barolensis
2823 3848 2994 3923 fun-

766 4034 773 4041 .
867 3966 1223 4042 ctionibus
1278 3964 1784 4067 (capitulariter
1835 3982 2116 4043 tantum
2179 3967 2614 4067 incedentes)
2705 3980 2994 4067 gestent

868 4108 911 4157 e
948 4085 1127 4161 collo
1164 4088 1593 4183 pendentem
1638 4090 1938 4163 sericam
1977 4091 2267 4165 violacei
2303 4090 2558 4167 coloris
2594 4088 2990 4175 cordulam,

868 4228 959 4279 ex
1013 4230 1153 4303 qua
1204 4204 1395 4283 Crux
1447 4221 1692 4283 aurata
1743 4210 2048 4305 pendeat
2092 4210 2298 4306 juxta
2350 4212 2590 4287 datam
2631 4230 2990 4295 normam,
