3317 5267
894 420 989 489 90
1487 526 1736 619 PIUS
1797 526 2404 627 EPISCOPUS

1592 800 1810 861 suavus
1851 798 2156 845 snnvonuu
2197 798 2318 857 nst,

1482 1011 1556 1057 An
1596 1010 1930 1057 ruamus!
1971 1010 2067 1057 RB!
2108 1008 2414 1057 nucum!

2969 1158 3020 1195 q

890 1286 1001 1451 ln
1054 1372 1335 1447 sublimi
1386 1370 1730 1469 Principis
1785 1369 2282 1467 Apostolorum
2337 1366 2688 1445 Cathedra
2758 1394 3024 1451 arcano

886 1490 1181 1566 Divinae
1232 1490 1726 1567 Providentiae
1777 1487 2069 1563 consilio
2109 1540 2130 1575 ,
2185 1487 2394 1561 nullis
2467 1502 2660 1562 certe
2736 1488 3020 1565 Nostris

888 1608 1293 1705 promeritis
1326 1607 1674 1693 collocati,
1715 1608 1984 1702 optime
2013 1616 2388 1680 noscentes
2425 1617 2772 1703 quantum
2809 1606 3026 1684 Chri-

884 1726 1157 1800 stianae
1208 1723 1573 1822 civilisque
1625 1722 2048 1820 reipublicae
2103 1724 2384 1796 intersit
2413 1775 2434 1811 ,
2489 1738 2571 1797 ut
2623 1722 2875 1798 Clerici
2927 1726 3052 1799 ad.

883 1842 1304 1917 catholicam
1356 1840 1766 1936 religionem
1804 1852 2089 1915 strenue
2125 1841 2460 1914 tuendam
2495 1851 2572 1914 et
2602 1833 3026 1941 flpropagan-

884 1960 1053 2033 dam
1092 2013 1113 2049 ,
1181 1972 1395 2057 atque
1450 1959 1538 2032 ad
1591 1958 2148 2032 ecclesiasticum
2226 1958 2699 2032 ministerium
2769 1970 3018 2034 sancte

880 2075 1283 2152 obeundum
1314 2129 1336 2166 ,
1391 2076 1928 2172 animarumque
1979 2076 2283 2150 salutem
2335 2075 2577 2149 sedulo
2627 2099 3022 2173 procuran-

880 2194 1047 2267 dam
1074 2192 1601 2269 accuratissime
1632 2192 2096 2265 instituantur
2125 2202 2200 2263 et
2234 2190 2731 2279 informentur,
2761 2195 3019 2269 iccirco

882 2313 1057 2385 nihil
1108 2324 1299 2387 certe
1354 2312 1714 2410 antiquius
1764 2309 2137 2397 habemus,
2193 2332 2408 2407 quam
2471 2308 3016 2385 saluberrimum

878 2428 1419 2505 seminariorum
1472 2452 1674 2525 opuS,
1731 2439 1885 2501 tum
1941 2428 2010 2499 in
2065 2426 2198 2500 hac
2243 2426 2428 2499 alma
2480 2426 2668 2501 Urbe
2720 2427 3004 2518 Nostra,

882 2558 1037 2621 tum
1092 2547 1353 2644 ubique
1404 2546 1719 2621 locorum
1773 2546 1968 2619 omni
2022 2542 2430 2619 Pontificiae
2506 2543 2804 2620 Nostrae
2867 2548 3016 2622 sol-

875 2666 1257 2740 licitudinis
1307 2688 1473 2741 cura
1506 2717 1525 2753 ,
1582 2665 1958 2762 studioque
2011 2685 2465 2759 summopere
2516 2661 2785 2752 fovere,
2840 2689 3014 2763 pro-—

884 2783 1141 2857 vehere
1220 2796 1433 2881 atque
1480 2784 1756 2879 juvare.
1823 2780 2026 2872 Quod
2105 2781 2392 2880 quidem
2471 2781 3012 2857 seminariorum

878 2925 1057 2999 opus
1110 2904 1170 2976 si
1222 2924 1503 2999 semper
1554 2914 1794 2988 antea,
1847 2899 2040 2973 hisce
2093 2899 2546 2997 potissimum
2601 2901 3008 2997 asperrimis

876 3018 1317 3115 temporibus
1366 3020 1682 3091 maxima
1708 3018 2068 3114 diligentia
2105 3028 2180 3091 et
2207 3016 2664 3092 contentione
2689 3030 2804 3091 est
2837 3041 3012 3115 pro-

876 3138 1332 3224 movendum,
1390 3148 1473 3209 ut
1522 3134 1673 3211 Deo
1725 3134 2108 3209 auxiliante
2143 3134 2422 3208 illorum
2473 3144 2815 3231 augeatur
2868 3158 3007 3208 uu·-

874 3276 1138 3343 meruS,
1192 3255 1313 3351 qui
1364 3254 1840 3328 ecclesiastico
1875 3252 2129 3348 spiritu
2159 3251 2476 3339 animati,
2517 3273 2598 3324 ac
2651 3251 3002 3325 virtutum

876 3370 1193 3447 omnium
1246 3371 1618 3467 splendore
1671 3368 2047 3466 fulgenteS,
2106 3378 2182 3443 et
2233 3366 2521 3442 salutari
2561 3418 2586 3454 ‚
2641 3366 3004 3464 solidaque

872 3488 1191 3561 doctrina
1242 3488 1521 3575 imbuti,
1578 3488 1800 3561 veluti
1836 3487 2002 3561 honi
2039 3487 2304 3560 milites
2339 3482 2601 3559 Christi
2649 3483 2822 3559 Jesu
2875 3508 3006 3559 va-

872 3606 1067 3678 leant
1118 3605 1189 3678 in
1244 3615 1563 3701 tempore
1616 3626 1781 3677 cum
1853 3606 2148 3701 antiquo
2225 3612 2556 3697 serpente
2633 3601 3006 3675 teterrimo

872 3722 1164 3796 humani
1216 3721 1501 3818 generis.
1548 3721 1756 3795 hoste
1812 3719 2091 3794 fortiter
2133 3720 2562 3815 depugnare,
2617 3740 2699 3791 ac
2753 3715 3006 3792 Domi-

870 3842 1109 3915 nicum
1163 3862 1413 3937 agrum
1448 3838 1822 3934 diligenter
1857 3838 2208 3925 excolere,
2247 3850 2322 3909 et
2355 3847 2673 3910 errantes
2723 3836 2812 3909 ad
2867 3858 3000 3911 sa·-

866 3958 1035 4032 lutis
1088 3958 1374 4032 semitas
1452 3978 1784 4031 revocare
1823 4008 1844 4045 ,
1901 3967 1974 4030 et
2025 3955 2596 4030 contradicentes
2673 3976 2994 4050 arguere.

866 4074 1112 4172 Itaque
1165 4099 1307 4149 non
1358 4075 1694 4150 mediocri
1747 4084 1940 4149 certe
1986 4072 2433 4169 jucunditate
2503 4074 2837 4149 novimus
2877 4125 2900 4159 ,
2955 4094 3000 4144 a

866 4190 1422 4289 congregatione
1476 4192 1716 4267 Sancti
1769 4191 2072 4288 Spiritus
2123 4202 2198 4265 ct
2251 4188 2689 4265 Immaculati
2741 4184 3000 4264 Col-dis
