3317 5267
335 534 620 620 illorum
699 530 1270 615 christifidelium
1349 532 1628 636 indigen
1637 532 1753 613 tiis
1794 588 1817 627 ,
1874 528 2093 635 probe
2147 550 2480 613 censetur

337 668 754 758 rectumque
805 668 918 733 est
955 658 1214 747 Sedem
1249 657 1540 733 huiusce
1574 658 1739 739 novi
1776 652 2249 753 Episcopatus
2275 678 2478 733 com-

333 780 616 855 modius
648 779 720 851 in
755 777 1123 874 provincia
1171 774 1741 870 Entrerionensi,
1795 796 1979 872 quae
2016 774 2477 871 alter-utrique

335 897 572 969 media
619 894 888 981 extitit,
925 895 1382 968 constituere.
1423 882 1602 967 Inibi
1637 892 1907 967 etenim
1944 889 2479 988 Argentinensis

333 1012 982 1088 confoederationis
1037 1012 1364 1107 princeps
1417 1010 1749 1083 imminet
1796 1008 2101 1085 civicum
2138 1008 2479 1106 oppidum

337 1124 608 1205 Parana
641 1154 728 1205 eo
769 1124 1108 1205 idiomate
1161 1129 1620 1226 appellatum,
1659 1123 2273 1205 excellentioribus
2317 1128 2479 1225 qui·-

231 1254 238 1261 ’
335 1248 500 1323 dem
551 1248 1060 1344 praerogativis
1096 1247 1522 1344 praeditum,
1553 1256 1767 1342 atque
1802 1243 2239 1333 adeorebus,
2276 1268 2479 1321 eom-⁶

339 1364 594 1450 modis,
649 1357 1116 1449 adminiculis,
1155 1374 1234 1436 et
1263 1361 1816 1437 cimmnstantiis
1869 1362 1957 1437 ad
2008 1360 2480 1457 episcopalem

333 1482 792 1557 residentiam
827 1480 1146 1577 apprime
1183 1476 1737 1555 conducentibus
1774 1478 2225 1554 instructum.
2263 1472 2483 1551 Prae-

331 1598 916 1673 commendatum
969 1608 1212 1671 autem
1267 1595 1799 1692 Argentinensis
1836 1593 2491 1669 Confoederationis

335 1717 778 1793 Guhernium
833 1719 974 1791 iam
1027 1716 1408 1793 deliberato
1461 1717 1532 1789 in
1589 1740 1675 1791 eo
1726 1726 1863 1803 est,
1918 1728 2001 1789 ut
2058 1738 2241 1811 quae
2292 1714 2365 1787 in
2417 1708 2489 1788 id

333 1838 570 1935 operis
609 1837 721 1911 vel
757 1837 1180 1921 necessaria,
1221 1834 1336 1909 vel
1371 1836 1590 1908 etiam
1627 1845 2025 1929 opportuna
2062 1831 2490 1928 dignoscun-

339 1964 487 2039 tur,
541 1974 626 2027 ea
673 1964 932 2028 cuncta
985 1951 1314 2028 munifice
1363 1952 1462 2024 sit
1509 1948 2025 2037 confecturum,
2094 1942 2489 2023 stabiliter·-

337 2094 479 2169 que
529 2072 1176 2168 suppeditaturum.

491 2186 687 2279 Quae
739 2212 902 2264 eum
955 2190 1056 2263 ita
1107 2214 1182 2263 se
1235 2180 1568 2274 habeant,
1623 2195 1990 2283 susceptas
2052 2177 2485 2282 praelaudati

337 2302 679 2382 Gubemii
731 2306 1268 2405 postulationes,
1324 2307 1662 2403 piumque
1716 2328 1845 2400 pro
1897 2304 2147 2377 maiori
2210 2302 2487 2379 illorum

339 2424 915 2501 christifidelium
995 2426 1338 2523 spirituali
1408 2416 1596 2500 hono
1647 2434 1725 2498 et
1774 2424 2147 2498 commodo
2215 2424 2491 2498 deside⁶

339 2542 528 2617 rium
577 2540 882 2639 benigno
933 2542 1176 2617 favore
1226 2543 1556 2640 prosequi
1613 2542 1953 2628 volentes,-
1992 2564 2381 2637 omnesque
2414 2552 2489 2615 et

341 2659 682 2757 singulos,
737 2660 992 2757 quibus
1042 2653 1176 2734 hae
1226 2656 1523 2735 Nostrae
1573 2658 1853 2733 litterae
1920 2658 2195 2746 favent,
2248 2680 2289 2731 a
2341 2658 2491 2755 qui-

343 2774 592 2853 busvis
641 2780 1424 2866 excommunicationis,
1461 2790 1537 2854 et
1573 2779 1967 2865 interdicti,
2022 2778 2315 2876 aliisque
2366 2802 2488 2853 ee·—

343 2898 752 2973 clesiasticis
779 2900 1178 2987 sententiis,
1203 2898 1626 2984 censuris,et
1655 2897 1929 2993 poeniS,
1954 2899 2015 2971 si
2041 2890 2297 2993 quibus
2323 2919 2494 2993 quo-

343 3008 730 3091 modolibet
769 3014 1080 3092 innodati
1133 3017 1476 3105 existunt,
1515 3017 1602 3090 ad
1641 3015 1971 3089 effectum
2010 3014 2489 3111 praesentium

347 3144 628 3209 tantum
677 3134 1278 3233 consequendum,
1332 3134 1586 3208 harum
1639 3134 1823 3208 serie
1876 3126 2327 3208 absolventes
2340 3184 2361 3218 ,
2416 3140 2492 3205 et

345 3250 708 3328 absolutos
741 3251 894 3327 fore
925 3264 1298 3328 censentes
1336 3305 1359 3339 ,
1387 3275 1480 3325 -ac
1515 3252 1838 3327 omnium
1874 3262 1951 3325 et
1985 3272 2492 3347 quorumcuma

347 3394 491 3468 que
515 3373 588 3445 in
614 3370 1016 3447 huiusmodi
1039 3371 1332 3467 negocio
1357 3371 1709 3443 interesse
1736 3368 2180 3455 habentium,
2207 3390 2335 3443 seu
2360 3369 2492 3441 ha·-

345 3482 516 3563 bere
541 3490 1178 3586 praetendentium,
1223 3487 1331 3561 vel
1361 3480 1968 3584 praesumentium
1994 3487 2374 3561 consensui
2396 3510 2490 3561 ex
2568 3528 2575 3535 ·

347 3628 682 3703 suprema
733 3606 804 3679 in
858 3606 1166 3704 singulas
1201 3604 1554 3681 Ecclesias
1605 3604 2031 3679 auctoritate
2082 3603 2485 3701 Apostolica

349 3746 568 3820 qnam
621 3724 897 3820 plenius
946 3723 1200 3797 harum
1251 3704 1432 3797 serie
1483 3722 1923 3818 supplentes,
1960 3721 2261 3807 cunctis,
2303 3744 2486 3817 quae

347 3840 974 3938 animadvertenda
1025 3852 1252 3930 erant,
1309 3853 1590 3915 matura
1639 3838 2141 3915 deliberatione
2177 3862 2487 3935 pei-pen*

347 3958 476 4044 sis,
531 3968 734 4033 motu
783 3958 1092 4055 proprio,
1145 3969 1222 4033 et
1253 3960 1344 4033 de
1381 3968 1574 4032 certa
1625 3956 1947 4043 scientia,
2002 3958 2231 4053 deque
2300 3955 2491 4052 Apo-

345 4076 640 4151 stolicae
683 4077 1062 4174 potestatis
1113 4076 1548 4173 plenitudine
1600 4098 1761 4151 eam
1813 4078 2029 4152 trium
2083 4074 2493 4151 Provincia-
2590 4118 2595 4125 -

351 4214 514 4271 rum
553 4192 628 4267 S.
660 4192 884 4279 Fidei,
919 4190 1518 4281 Entrerionensis,
1555 4203 1630 4267 et
1666 4190 2183 4267 Corrientensis
2212 4214 2251 4265 a
2282 4188 2495 4264 Diae-
