3317 5267
307 560 706 662 proculcata
758 561 1112 641 Ecclesiae
1165 576 1506 663 potestas,
1563 590 1761 645 sacra
1812 572 2225 651 immunitas
2258 456 2407 652 {iio}-

299 682 466 772 lata‚
519 681 864 757 subducta
913 682 1006 757 ab
1055 686 1486 777 auctoritate·
1522 698 1598 761 et
1632 690 1983 787 vigilantia
2017 691 2403 791 Episcopo-

298 824 462 877 rum
488 802 763 900 publiea
799 803 1191 879 iuventutis
1221 805 1597 896 institutio,
1637 812 2009 908 omnisque
2044 811 2407 889 doctrinae

303 940 727 1018 morumque
761 920 1152 1017 disciplina,
1189 926 1570 1021 praepositi
1603 927 1919 1004 docendo
1952 928 2279 1004 homines
2314 930 2403 1005 de

302 1038 636 1135 religione
661 1060 878 1136 prave
903 1040 1317 1129 sentientes,
1331 1043 1737 1140 evulgatum
1766 1046 1841 1119 in
1852 1046 2145 1123 Umbria
2168 1048 2407 1123 decre-

305 1167 463 1233 tum
489 1158 578 1231 de
604 1158 876 1233 cunctis
901 1155 1126 1233 ferme
1159 1156 1502 1256 religiosis
1535 1160 1819 1237 familiis
1856 1186 1895 1237 e
1931 1164 2238 1241 claustro
2274 1188 2407 1240 ex·-

304 1272 696 1363 turbandis,
723 1274 812 1349 de
837 1275 1328 1373 extinguendis
1357 1272 1757 1373 collegiatis
1778 1276 2147 1378 Capitulis,
2176 1282 2413 1357 delen-

303 1391 552 1490 disque
587 1392 1020 1491 simplicibus
1047 1394 1356 1469 cuiusvis
1392 1396 1669 1490 generis
1702 1394 2097 1487 Beneficiis,
2133 1400 2409 1498 piisque

303 1510 656 1587 Sodalitiis
679 1534 1066 1609 eorumque
1089 1512 1294 1588 bonis
1317 1536 1448 1609 per
1473 1535 1829 1587 summam
1854 1516 2181 1592 iniuriam
2210 1542 2411 1595 occu-

304 1628 581 1725 pandis3
606 1629 746 1705 huc
771 1638 1096 1725 spectant
1145 1630 1444 1705 coniecti
1496 1629 1571 1703 in
1625 1631 1902 1707 vincula
1952 1633 2407 1709 ecclesiastici
2476 1673 2491 1687 ·

305 1748 464 1836 viri,
517 1748 792 1846 ipsique
841 1748 1022 1821 sacri
1073 1746 1474 1836 Antistites‚
1527 1772 1709 1847 quos
1753 1750 1939 1825 inter
1975 1750 2411 1827 Venerabilis

305 1864 554 1941 Frater
585 1864 1168 1963 Archiepiscopus
1203 1865 1506 1941 Urbinas
1541 1890 1769 1965 nuper
1802 1879 2047 1965 septus
2083 1870 2301 1945 armis
2334 1869 2411 1943 in

301 1985 696 2061 custodiam
731 1984 1058 2071 traditus,
1087 1994 1163 2059 et
1187 1982 1636 2059 Cardinalitia
1662 1985 1881 2059 etiam
1904 1986 2247 2085 dignitate
2270 1986 2415 2063 ful·-

309 2126 482 2199 gens
533 2100 968 2177 Venerabilis
1001 2101 1250 2175 Frater
1282 2101 1658 2175 Firmanus
1716 2100 2031 2178 Antistes
2084 2124 2211 2200 per
2260 2104 2409 2179 vim

309 2220 640 2319 abreptus
689 2244 734 2295 a
781 2219 962 2295 Sede
1013 2242 1168 2307 sua,
1222 2218 1498 2317 alioque
1546 2220 1928 2317 relegatus,
1976 2230 2051 2294 et
2090 2220 2185 2295 ab
2214 2222 2413 2297 omni

305 2338 664 2415 commissi
696 2338 926 2436 gregis
961 2336 1320 2412 curatione
1356 2336 1785 2434 prohibitus,
1814 2360 1895 2413 ac
1928 2338 2167 2435 plures
2194 2340 2412 2413 etiam

305 2456 681 2532 Antistites
732 2466 809 2531 et
860 2454 1274 2530 Sacerdotes
1328 2478 1371 2528 e
1409 2455 1657 2553 Regno
1692 2454 2155 2553 Neapolitano
2190 2458 2303 2531 vel
2338 2458 2413 2530 in

303 2594 658 2649 carcerem
708 2571 940 2658 missi,
993 2570 1106 2645 vel
1157 2571 1244 2645 ad
1297 2568 1540 2668 fugam
1591 2572 1847 2659 coacti3
1898 2571 2037 2647 huc
2088 2582 2419 2671 spectant

309 2690 470 2789 (nec
517 2673 686 2767 sine'
705 2688 1158 2767 acerbissimo
1193 2689 1452 2765 doloris
1487 2712 1707 2765 sensu
1739 2688 2247 2790 memoramus)
2284 2712 2417 2787 pa·-

307 2808 568 2888 tefacta
615 2832 743 2907 per
789 2808 1162 2883 nonnullas
1211 2808 1452 2883 ltaliae
1486 2809 1811 2883 civitates
1846 2808 2409 2905 protestantibus

307 2929 600 3027 templa,
655 2938 732 3003 et
779 2922 1100 3025 publicae
1151 2925 1374 3001 etiam
1423 2924 1707 3003 scholae
1762 2928 2161 3017 institutae,
2186 2924 2307 3003 ubi
2344 2927 2419 3000 in

306 3046 692 3145 perniciem
761 3042 1164 3119 Catholicae
1238 3044 1624 3141 Religionis
1702 3044 2059 3143 quaelibet
2124 3047 2421 3142 impune

309 3164 628 3241 tradatur
657 3162 1018 3239 doctrinae
1053 3162 1514 3259 perversitas3
1551 3162 1861 3260 denique
1895 3162 2421 3261 promulgatum

308 3282 386 3355 in
435 3279 728 3357 Umbria
759 3282 1153 3367 decretmn,
1189 3303 1331 3376 quo
1365 3280 1897 3355 matrimonium
1934 3288 2421 3374 nuncupatum

303 3398 402 3474 ab
453 3397 791 3497 Apostolo
841 3419 1176 3495 magnum
1211 3396 1751 3472 Sacramentum
1802 3395 2267 3493 peculiaribus
2318 3396 2426 3471 ci-

311 3516 568 3594 vilibus
617 3514 1006 3614 disciplinis
1057 3514 1395 3614 illigatur,
1449 3539 1534 3591 ac
1583 3514 1809 3590 fenne
1859 3514 2299 3592 subtrahitur
2332 3514 2428 3589 ab

311 3630 668 3709 Ecclesiae
716 3643 1100 3731 potestate,
1141 3656 1228 3709 eo
1261 3630 1560 3708 fortasse
1595 3616 1887 3708 consilio
1921 3640 2007 3705 ut
2037 3641 2287 3729 postea
2320 3633 2431 3707 ci·-

317 3750 578 3827 vilibus
623 3752 996 3828 dumtaxat
1048 3750 1388 3825 subdatur
1454 3748 1755 3847 legibus,
1828 3770 2055 3847 eaque
2122 3749 2427 3836 ratione,

313 3868 504 3965 quod
557 3866 746 3943 Deus
807 3878 1084 3944 avertat
1122 3922 1142 3957 ‚
1199 3868 1442 3965 legalis
1495 3866 1869 3941 invehatur
1918 3862 2427 3941 concubinatus

319 4006 486 4061 cum
533 3996 859 4063 extremo
910 3986 1306 4061 animarum
1357 3985 1814 4062 detrimento.
1871 3981 2105 4081 Atque
2136 3982 2283 4071 hic,
2316 3983 2429 4057 uti

321 4100 708 4200 Apostolici
757 4103 998 4181 Nostri
1045 4104 1366 4179 muneris
1427 4104 1612 4179 ratio
1674 4103 2023 4200 postulat,
2088 4100 2429 4203 quidquid

318 4231 568 4297 eontra
603 4220 960 4299 Ecclesiae
994 4224 1146 4299 iura
1181 4233 1256 4297 et
1291 4222 1831 4320 patrimonium,
1866 4232 2114 4299 contra
2146 4220 2433 4317 religio-
