3317 5267
1046 569 1686 705 ALLocUTlo
2307 456 2453 534 ⁴3⁷

576 948 783 1003 turm
826 952 889 1001 m
926 953 1301 1004 consisto-to
1350 940 1732 1003 snulrumco
1773 952 1872 999 υιι
1911 952 2036 1000 xxu
2075 950 2208 999 um

1124 1114 1284 1164 ΔΝΜ)
1318 1114 1626 1161 floccum!
1638 1142 1653 1159 .

1045 1459 1443 1515 ”nummus
1503 1459 1744 1511 turnus

337 1799 685 2005 Quanto
720 1883 956 1959 studio
990 1883 1251 1959 Beatus
1283 1882 1535 1960 Petrus
1570 1876 1917 1983 Baptista,
1957 1875 2281 1980 illiusque
2317 1875 2458 1957 duo

332 2016 409 2077 et
462 2002 707 2099 viginti
761 1996 1046 2077 Sodales
1098 2002 1323 2075 saneti
1374 2002 1726 2077 Francisci
1762 2001 2004 2076 Ordini
2059 2000 2446 2096 adscripti,

332 2142 415 2193 ae
465 2118 727 2193 Beatus
781 2117 1039 2192 Paulus
1090 2118 1287 2209 Mihi,
1339 2120 1633 2217 ejusque
1671 2120 1812 2193 duo
1864 2119 2034 2193 socii
2087 2118 2458 2193 Societatis

334 2229 493 2311 lesu
544 2237 1003 2313 christianam
1038 2238 1251 2313 fidem
1305 2238 1376 2311 in
1427 2239 1716 2337 laponia
1750 2238 2277 2335 propagandam
2330 2260 2458 2311 (zu-⁸

336 2352 676 2440 raverint,
728 2365 1135 2451 quantaque
1203 2354 1421 2428 animi
1472 2354 1872 2429 constantia
1925 2364 2000 2427 et
2051 2352 2460 2428 fortitudine

342 2488 469 2569 pro
520 2466 807 2547 Christo
857 2472 1117 2562 minaS,
1170 2467 1495 2561 ludibria,
1558 2484 1914 2549 tormenta
1977 2473 2322 2570 perpessi,
2377 2494 2460 2545 ae

338 2586 749 2685 triumphali
800 2588 1137 2686 sanguine
1172 2588 1424 2677 effuso,
1465 2590 1684 2664 vitam
1739 2586 2206 2685 profuderint,
2248 2586 2464 2662 Vobis

338 2704 513 2777 satis
546 2715 995 2801 compertum
1026 2706 1613 2804 exploratumque
1636 2726 1796 2780 esso
1823 2702 2276 2791 arbitramur,
2317 2702 2464 2776 Vs·-

338 2818 683 2894 nerabiles
734 2818 1042 2909 Fratres,
1098 2832 1256 2897 tum
1306 2844 1399 2895 ex
1450 2822 1535 2896 iis
1584 2844 1768 2919 quae
1817 2822 1906 2895 de
1959 2820 2258 2918 egregiis
2307 2819 2460 2893 ho·-

345 2959 501 3012 ωσι
556 2938 811 3035 viginti
860 2960 989 3014 sex
1039 2939 1425 3015 Beatorum
1474 2938 1683 3015 factis
1735 2952 1812 3015 et
1861 2934 2254 3037 insignibus
2309 2939 2444 3009 mi·-

340 3050 595 3129 raculis
646 3056 719 3128 in
773 3050 1056 3153 publico
1090 3054 1527 3132 Consistorio
1579 3080 1747 3155 prae
1755 3060 1980 3133 teritis
2033 3056 2280 3133 diebus
2333 3056 2465 3129 ha·-

339 3165 489 3247 bito
542 3172 759 3247 relata
812 3172 1206 3261 audivistis,
1264 3185 1421 3248 tum
1472 3192 1564 3247 ex
1616 3174 1800 3249 fideli
1853 3174 1986 3247 alia
2033 3174 2462 3259 narratione,

342 3310 559 3387 quam
612 3290 703 3364 ad
741 3286 885 3365 Vos
918 3288 1310 3365 transmitti
1340 3288 1708 3387 jussimus.
1751 3288 1954 3365 Nunc
1989 3308 2162 3364 vero
2213 3300 2464 3372 restat,

342 3417 423 3481 ut
474 3406 545 3479 in
599 3408 741 3482 boo
788 3426 989 3483 saero
1048 3407 1627 3505 amplissimoque
1693 3420 1930 3483 vestro
1994 3425 2330 3484 consessu
2379 3408 2470 3481 do

342 3536 751 3599 sanctorum
804 3524 1001 3599 oiiltu
1048 3524 1267 3601 hisee·
1298 3548 1426 3600 sex
1478 3536 1555 3601 et
1618 3526 1868 3623 viginti
1923 3524 2162 3601 Beatis
2223 3528 2472 3601 decer-

336 3642 571 3717 nendo
624 3640 1097 3717 deliberemus
1129 3693 1152 3730 ,
1206 3644 1327 3742 qui
1382 3655 1734 3717 venerunt
1785 3668 1874 3717 ex
1929 3664 2186 3739 magna
2241 3644 2470 3717 tribu·

341 3752 609 3834 latione
648 3810 670 3849 ,
726 3770 803 3834 et
852 3776 983 3856 pro
1034 3770 1465 3835 testamento
1516 3752 1647 3835 Dei
1701 3786 1828 3835 sua
1881 3782 2178 3858 corpora
2231 3761 2468 3834 tradi-

341 3874 599 3950 derunt
648 3887 725 3950 et
774 3875 1103 3950 laverunt
1158 3876 1375 3952 stolas
1429 3898 1617 3965 suaS,
1681 3892 1754 3951 et
1804 3877 2316 3952 dealbaverunt
2347 3899 2470 3955 eas

342 3995 417 4067 in
468 3994 807 4092 sanguine
862 3994 1067 4092 Agni.
1128 3993 1429 4069 Caelesti
1500 4005 1742 4071 autem
1806 4018 2046 4070 rerum
2098 3980 2470 4093 dispensa-

338 4112 537 4188 tione
570 4114 891 4187 evenisse
928 4114 1450 4203 existimamus,
1488 4128 1574 4189 ut
1608 4116 2018 4212 asperrimis
2048 4108 2244 4189 hisee
2281 4126 2470 4188 tem-

340 4232 654 4329 poribus,
710 4231 967 4330 quibus
1020 4232 1363 4309 catholiea
1398 4232 1712 4310 Ecclesia
1763 4236 2103 4310 acerrimo
2159 4236 2468 4331 undique
