3317 5267
860 404 1010 478 230

865 518 1120 595 elesiae
1171 537 1344 589 suae
1397 514 1683 591 nomine
1716 537 2075 613 rogamus,
2114 526 2199 591 ut
2238 512 2492 589 Viearii
2526 513 2639 589 sui
2674 534 2999 599 eausam,

857 657 1043 735 quae
1094 631 1450 708 Ecclesiae
1501 654 1671 709 suae
1722 654 1935 708 eausa
1970 644 2109 721 est,
2148 633 2434 719 iudicet,
2472 651 2775 730 eamque
2818 654 3003 705 eon-

860 761 976 824 tra
1013 740 1333 825 hostium
1367 770 1659 825 suorum
1696 761 1907 825 conat
1916 772 1999 823 us
2033 747 2389 836 defendat,
2426 768 2509 821 ae
2546 747 2845 845 gloriosa
2882 747 3001 820 vi-

859 868 1082 945 ctoria
1133 878 1433 943 exornet
1481 878 1559 941 et
1607 878 1887 965 augeat.
1944 868 2187 965 Ipsum
2236 868 2411 941 item
2466 888 2851 942 exoramus
2906 877 2995 939 ut

857 983 1313 1083 perturbatae
1344 984 1667 1059 societati
1717 984 2041 1060 ordinem
2094 984 2823 1082 tranquillitatemque
2872 1006 2999 1057 re-

856 1104 1134 1192 stituat,
1189 1114 1270 1181 et
1319 1102 1840 1201 optatissimam
1902 1125 2151 1200 pacem
2216 1102 2484 1179 tribuat
2532 1104 2623 1179 ad
2674 1102 2993 1177 iustitiae

855 1220 1329 1317 triumphum,
1373 1242 1590 1320 quem
1641 1222 1735 1295 ab
1772 1220 1877 1296 Eo
1912 1222 2119 1297 uniee
2152 1234 2636 1318 expectamus.
2669 1220 2751 1295 In
2786 1232 2995 1295 tanta

857 1341 1050 1414 enim
1103 1340 1572 1437 trepidatione
1623 1336 1955 1437 Europae
1982 1341 2341 1439 totiusque
2368 1352 2719 1415 terrarum
2768 1338 2993 1427 orbis,

852 1468 928 1530 et
979 1477 1224 1532 eorum
1254 1507 1277 1545 ‚
1333 1456 1456 1553 qui
1507 1456 1727 1531 arduo
1783 1454 2184 1554 funguntur
2233 1479 2529 1531 munere
2582 1454 3003 1531 moderandi

855 1572 1278 1669 populorum
1330 1583 1584 1660 sortes,
1639 1569 1833 1648 Deus
1885 1597 2071 1649 unus
2124 1586 2267 1662 est,
2328 1576 2451 1673 qui
2504 1573 2889 1651 Nobiscum
2924 1584 3007 1647 et

853 1711 986 1787 pro
1039 1686 1256 1763 Nobis
1307 1712 1623 1788 pugnare
1678 1691 1931 1787 possit:
1990 1690 2243 1767 ludica
2292 1717 2423 1767 nos
2476 1692 2669 1768 Deus
2696 1746 2719 1781 ‚
2774 1706 2845 1767 et
2878 1691 3001 1765 ‹ii-

849 1828 1100 1880 ecerne
1147 1829 1442 1881 eausam
1495 1822 1813 1883 nostram
1864 1810 1953 1883 de
1986 1822 2191 1909 yeme
2225 1836 2367 1885 non
2404 1826 2677 1887 sancta:
2732 1810 2831 1885 da
2858 1834 3003 1912 pa-

851 1944 1006 1995 cem
1055 1920 1361 1998 Domine
1413 1924 1496 1999 in
1547 1925 1795 2001 diebus
1844 1927 2109 2003 nostris
2146 1981 2169 2017 ,
2224 1930 2399 2030 quia
2436 1954 2585 2004 non
2648 1942 2751 2005 est
2804 1928 2999 2005 alius

848 2040 976 2147 qui
1019 2056 1286 2147 puqnet
1334 2066 1468 2147 pro
1519 2045 1719 2121 nobis
1750 2098 1771 2137 ,
1830 2045 1977 2121 nisi
2026 2061 2112 2120 tu
2164 2044 2357 2123 Deus
2417 2049 2701 2127 Noster.
