3317 5267
827 433 972 508 052

811 551 1308 650 fugaciumque
1359 550 1570 624 huius
1625 550 1871 624 mundi
1920 571 2159 624 rerum
2211 549 2475 624 limites
2511 550 2939 648 redigant-m.

807 673 904 750 Et
952 673 1287 771 quoniam
1331 671 1673 757 Ecclesia,
1748 693 1931 767 quae
1984 669 2313 744 columna
2390 682 2467 746 et
2538 671 2953 746 firmamen-

808 805 964 866 tum
1023 791 1340 864 veritatis
1393 813 1438 860 a
1489 787 1744 862 Divino
1796 813 1925 862 suo
1966 786 2269 861 Auctore
2320 786 2459 860 fuit
2534 789 2957 872 constituta,

805 923 886 984 ut
940 931 1194 984 omnes
1249 908 1576 982 homines
1627 907 1942 980 divinam
1999 907 2294 979 edoceat
2344 905 2585 990 fidem,
2658 905 2963 1004 eiusque

797 1025 1200 1123 depositum
1255 1023 1396 1097 sibi.
1441 1024 1781 1096 traditum
1838 1024 2190 1120 integrum
2219 1024 2787 1119 inviolatumque
2818 1047 2953 1096 en·

801 1145 1090 1229 studiat,
1145 1165 1242 1216 ac·
1280 1142 1629 1228 homineS,
1686 1163 2075 1238 eorumque
2126 1140 2480 1214 consortia
2520 1151 2601 1214 et
2632 1139 2959 1214 actiones

805 1264 894 1338 ad
945 1261 1226 1336 morum‘
1279 1261 1755 1344 honestatem,
1798 1259 2123 1354 vitaeque
2178 1258 2665 1354 integritatem
2751 1257 2955 1330 iuxta

805 1379 1168 1454 revelatae
1207 1378 1568 1452 doctrinae
1611 1397 1939 1449 normam
1976 1375 2235 1471 dirigat
2286 1386 2363 1447 et
2394 1375 2645 1469 fingat,
2704 1373 2959 1448 ieeireo

801 1516 1190 1592 pravarum
1207 1495 1697 1569 doctrinarum
1727 1490 2040 1566 fautores
2070 1501 2145 1564 et
2170 1503 2677 1588 propagatores
2712 1492 2957 1567 omnia

805 1623 1152 1704 conentur
1191 1663 1215 1698 ,
1287 1623 1370 1684 ut
1437 1609 1993 1683 ecclesiasticam
2073 1617 2507 1704 potestatem
2582 1628 2713 1682 sun
2792 1629 2957 1702 erga

809 1728 1194 1801 humanam
1247 1727 1661 1801 societatem
1718 1726 2146 1799 auctoritate.
2162 1722 2493 1820 spolient.
2574 1722 2959 1814 Quamob-

807 1864 960 1920 rem
1013 1847 1188 1918 nihil
1243 1847 1689 1920 intentatum
1732 1897 1753 1931 ‚
1810 1843 2121 1940 nihilque
2193 1845 2647 1938 inexpertum
2724 1843 2961 1916 relin—

799 1977 1059 2068 quunt,
1101 1976 1182 2038 ut
1233 1967 1522 2040 omnem
1573 1963 1929 2038 Ecclesiae
1988 1976 2445 2059 potestatem,
2485 1963 2777 2060 eiusque
2828 1985 2953 2034 sa-

803 2081 1138 2184 lutarem·
1179 2083 1326 2154 vim
1366 2135 1386 2169 ,
1442 2103 1661 2179 quam
1742 2084 1893 2177 ipsa
1943 2081 2261 2155 Ecclesia
2346 2103 2438 2154 ex
2492 2081 2733 2154 divina
2822 2103 2955 2156 sua

803 2200 1252 2302 institutione
1304 2220 1586 2296 semper
1639 2200 1984 2286 exercuit,
2040 2213 2115 2276 et
2142 2201 2246 2271 ·in
2296 2201 2657 2273 humanae
2718 2199 2955 2274 socie-

801 2318 982 2422 tatis·
1023 2320 1358 2394 instituta
1394 2341 1729 2392 exercere
1752 2318 1971 2392 debet
2026 2316 2133 2392 vel
2171 2318 2397 2414 magis
2434 2320 2504 2390 in
2558 2317 2711 2393 dies
2748 2341 2953 2392 coar-

801 2445 1026 2540 ctent,
1084 2435 1336 2510 rehab
1389 2437 1658 2512 eisdem
1708 2435 2062 2509 institutis
2113 2450 2433 2520 arceant,
2492 2447 2567 2508 et
2618 2437 2773 2530 ipsa
2828 2433 2945 2507 ln-

801 2544 1052 2628 stitut'a
1105 2553 1318 2649 pleno
1368 2551 1618 2639 civilia,
1684 2553 2151 2649 politicaeque
2185 2553 2627 2627 auctoritatis
2654 2553 2945 2626 arbitrio

802 2669 1182 2750 subiiciunt
1229 2669 1320 2742 ad
1371 2670 1881 2764 imperantium
1937 2670 2219 2766 placita,
2278 2685 2353 2743 et
2403 2671 2490 2744 ad
2529 2670 2947 2746 volubilium

801 2786 1056 2862 aetatis
1109 2786 1534 2884 opinionum⁸
1589 2787 1969 2860 restionem.
2020 2815 2026 2820 ·

819 2887 836 2952 '·
875 2919 912 2970 :-
955 2901 1150 2978 Nihil
1195 2923 1364 2978 vero
1418 2903 1693 2976 mirum·
1720 2903 1788 2976 si
1816 2903 2219 2979 huiusmodi
2255 2904 2723 2979 funestissimi
2764 2931 2949 2982 sane

801 3033 1118 3095 conatus·
1151 3022 1224 3094 in
1279 3019 1628 3117 publicam
1688 3021 2076 3094 iuventutis
2155 3023 2679 3098 institutionem
2760 3027 2945 3100 edu-

803 3137 1306 3234 nationemque·
1353 3138 1422 3210 iu
1477 3136 1725 3233 primis
1778 3149 2303 3234 comparentur,
2358 3139 2673 3237 nihilque
2725 3141 2945 3216 dubi-

802 3247 1124 3343 tandum,
1177 3256 1370 3352 quin.
1403 3253 1729 3332 humana·
1754 3255 2057 3332 societas
2090 3257 2525 3352 gravissimis
2580 3258 2941 3354 repleatur

799 3354 874 3452 ¹ct
927 3385 1224 3448 vexetur
1273 3365 1746 3458 damniffiuhi
1802 3393 1845 3444 a
1896 3371 2173 3467 publiea
2228 3384 2304 3446 et
2350 3375 2629 3471 privata
2682 3375 2941 3450 iuven-

797 3488 974 3576 tutis
1025 3487 1508 3574 institutione,¹
1551 3511 1693 3584 qua
1748 3487 1849 3562 rei
1902 3509 2064 3562 cum
2101 3511 2370 3576 sacrae,
2432 3503 2583 3566 tum
2614 3491 2941 3588 publicae

797 3602 1096 3678 felicitae
1146 3614 1518 3700 tantopere
1555 3603 1963 3680 continetur
1992 3657 2012 3692 ‚
2080 3603 2295 3680 fuerit
2330 3609 2767 3684 moderatrix
2794 3609 2943 3686 Ec·-

793 3713 1046 3812 clesiae
1099 3724 1510 3810 auctoritas,
1566 3723 1857 3819 eiusque
1910 3722 2273 3801 salutifera
2331 3727 2434 3800 vis
2472 3739 2737 3802 amota.
2780 3728 2939 3806 Hoc

795 3838 994 3925 enim·
1039 3840 1252 3914 modo
1301 3839 1614 3914 humana
1666 3841 1967 3916 societas
2006 3863 2171 3918 vero
2200 3843 2315 3918 illo
2340 3844 2727 3920 christiano
2780 3848 2935 3944 spi·-

793 3957 941 4044 ritu
983 3958 1259 4032 sensim
1307 3959 1654 4054 privatur,
1710 3959 1831 4056 qui
1884 3983 2069 4036 uuus
2107 3973 2345 4056 potest
2396 3973 2471 4036 et
2514 3961 2771 4058 publici
2808 3989 2931 4038 or·-

797 4065 1026 4165 dinis,”
1047 4079 1715 4175 tranquillitatisque
1751 4077 2209 4154 fundamenta
2240 4081 2587 4155 stabiliter
2612 4105 2929 4172 servare,

801 4217 885 4268 ae
938 4219 1188 4270 verum
1239 4197 1628 4294 utilemque
1681 4197 2041 4272 civilitatis
2120 4223 2567 4296 progressum
2656 4201 2935 4277 efficere
