3317 5267
2293 387 2437 454 7⁸29

395 490 793 572 prospexisse.
829 485 1086 552 Nunciat
1112 501 1246 550 eum
1277 484 1600 568 Republica
1630 486 1691 548 S.
1712 486 2043 552 salvatoris
2066 495 2129 552 et
2149 507 2281 554 cum

393 586 720 668 Republica
749 585 1180 667 Nicaraquensi
1219 584 1665 648 Conventiones
1707 582 1893 652 ruisse,
1926 583 2125 650 initas
2158 587 2285 652 No-
2363 619 2372 628 ’

391 705 471 754 vo
511 685 914 750 cardinalium
955 703 1206 750 numero
1263 701 1468 750 eorum
1511 682 1938 766 amplissimum
1996 684 2279 752 Ordinem

393 795 596 867 auget.
773 833 788 848 .
1145 829 1160 846 .
1328 831 1342 848 .
1696 829 1711 848 .
2248 821 2277 850 ι
2320 787 2436 852 557

317 883 580 969 Epistola
624 884 880 950 italica·
883 885 1071 954 Non
1085 885 1230 950 deve
1269 881 1777 966 maravipliara-
1816 885 1895 948 22
1934 883 2143 967 aprile.
2173 885 2265 950 Ad

389 989 710 1053 tussiat-um
751 989 1178 1070 Imperatorem
1212 986 1568 1052 Polonorum
1595 992 1861 1049 motuum
1894 986 2281 1069 praecipuam

388 1107 624 1154 causam
669 1092 725 1154 in
757 1091 1034 1154 divexata
1064 1087 1356 1154 catholica
1401 1086 1690 1168 religione
1720 1086 1951 1169 reperit
1980 1087 2274 1156 Pontifex.

387 1188 639 1252 lninrias
680 1190 741 1251 in
781 1203 912 1252 eam
957 1187 1152 1251 illatas
1187 1194 1502 1252 enumerat
1531 1233 1547 1260 ‚
1595 1193 1661 1248 et
1696 1185 1987 1249 solemnia
2026 1184 2276 1250 Russia-

389 1305 516 1350 rum
557 1283 976 1370 imperantium
1005 1295 1188 1368 pacta
1215 1293 1522 1351 conventa
1559 1283 1765 1367 quoad
1806 1283 2139 1349 catholicae
2164 1283 2279 1348 Ec-

387 1385 606 1450 clesiae
629 1385 964 1450 libertatem
997 1395 1058 1450 et
1089 1383 1544 1468 praerogativas
1563 1389 2009 1448 commemorat.
2032 1383 2181 1446 Snas
2210 1400 2280 1448 ac

386 1482 914 1548 Praedeceesorum
947 1484 1216 1549 assiduas
1257 1500 1430 1546 curas
1461 1481 1520 1545 in
1557 1480 1795 1546 tuendis
1824 1479 2157 1546 catholicae
2181 1499 2278 1546 re-

393 1583 636 1666 ligionis
661 1584 886 1650 iuribus
917 1603 1064 1669 quas
1089 1585 1164 1648 ad
1187 1599 1400 1647 causas
1421 1582 1661 1646 inutiles
1688 1582 1867 1646 fuisse
1894 1582 2174 1656 ostendit,
2208 1599 2284 1647 ac

384 1683 521 1748 dum
566 1686 822 1750 rebelles
863 1685 1144 1768 reprobat
1186 1692 1382 1748 motus
1421 1681 1564 1764 quid
1623 1699 2011 1764 summopere
2051 1681 2127 1748 ad
2172 1699 2279 1747 eos

385 1784 670 1850 radicitus
709 1785 1094 1868 extirpandos
1135 1783 1405 1849 conferre
1451 1784 1644 1864 possit
1692 1781 1966 1863 indigitat
2052 1828 2066 1843 .
2237 1805 2267 1842 ιι
2314 1783 2429 1846 563

297 1883 570 1948 ‘Litterae
590 1887 971 1968 Apostolicae
996 1887 1106 1950 sub
1131 1884 1426 1968 plumbo·
1397 1883 1594 1948 -Gum
1613 1883 1697 1947 acl
1719 1885 1921 1946 hanc·
1948 1882 2065 1945 kal.
2096 1881 2266 1946 iunii.

385 1972 720 2051 Conventio
748 1987 1031 2052 solemnis
1073 1986 1230 2050 inter
1271 1987 1570 2050 Summum
1615 1984 1961 2048 Pontificem
1996 2001 2067 2048 ac
2096 1983 2276 2048 Nica-

383 2086 690 2167 raquensis
733 2085 1122 2168 Reipublicae
1163 2083 1501 2150 Praesidem
1549 2099 1667 2165 qua
1710 2081 2119 2146 ecclesiastica
2174 2100 2275 2145 ne-

380 2184 544 2264 gotia
585 2186 644 2247 in
687 2185 896 2248 eadem
923 2185 1349 2265 Nicaraquensi
1395 2181 1721 2265 Republica
1766 2190 2259 2264 componuntur.»
2310 2181 2427 2244 573

301 2273 570 2355 Epistola
599 2275 676 2340 ad
702 2277 1060 2358 Episcopum
1091 2275 1526 2340 Tridentinum.
1553 2310 1576 2321 -
1597 2273 1677 2337 In
1698 2275 2087 2354 grauissimis
2112 2309 2137 2320 —
2158 2273 2259 2342 die

383 2372 620 2436 llunii.
663 2373 1010 2438 Gratulatur
1051 2375 1128 2436 de
1173 2375 1316 2440 inito
1360 2372 1612 2438 consilio
1655 2371 1996 2436 celebrandi
2040 2373 2254 2454 quovis

378 2468 768 2532 solemnitatis
809 2477 1100 2549 apparatu
1145 2468 1380 2532 tertium
1407 2465 1775 2531 saecularem
1798 2484 2015 2532 annum
2042 2485 2119 2532 ex
2148 2483 2265 2548 quo

379 2567 732 2634 Tridentina
773 2567 1046 2650 Synodns
1087 2567 1199 2631 ruit
1240 2567 1959 2634 absoluta..
2308 2569 2426 2632 6⁰3

299 2666 586 2731 Similis·
629 2666 760 2745 Qua
797 2667 1171 2750 simulari·
1213 2666 1310 2731 die
1371 2667 1446 2730 15
1505 2667 1682 2732 lunii.
1759 2666 1903 2732 Eius
1952 2667 2265 2750 postulatu

376 2768 562 2830 mittit
602 2767 972 2832 cardinalem
1015 2769 1104 2830 De
1144 2767 1422 2842 Reisach‚
1462 2777 1534 2832 ut
1575 2777 2079 2832 commemoratae
2106 2767 2269 2834 sole-

377 2866 606 2930 mnitati
649 2857 954 2930 Poulilicis
993 2865 1234 2929 nomine
1268 2865 1544 2941 adsistat,
1591 2885 1665 2930 ac
1708 2885 1917 2931 onmes
1957 2885 2262 2932 sacrorum

376 2967 684 3031 Antistites
725 2965 870 3029 inibi
916 2965 1219 3028 adstantes
1261 2967 1548 3030 certiores
1591 2966 1770 3030 faciat
1811 2968 1887 3031 de
1916 2964 2255 3049 Apostolica

375 3067 800 3132 benedictione
841 3083 1017 3149 quam
1061 3068 1208 3149 ipsis
1251 3067 1540 3150 impertit.
1672 3117 1687 3131 .
1860 3117 1875 3132 .
2042 3117 2057 3132 .
2230 3095 2259 3132 n
2302 3071 2420 3134 607

295 3164 564 3248 Epistola
605 3165 906 3248 encyclica
951 3167 1026 3230 ad
1067 3165 1414 3230 cardinales
1445 3215 1461 3242 ‚
1534 3166 2033 3250 archiepiscopos
2078 3177 2141 3232 et
2180 3171 2258 3233 E-

243 3318 248 3322 .
375 3267 655 3346 piscopos
696 3267 904 3330 ltaliae
943 3302 972 3314 -
1003 3267 1240 3344 Quanto
1283 3268 1667 3348 conficiantur
1702 3285 1973 3332 moerore
1996 3303 2029 3318 -
2054 3269 2157 3335 die
2178 3271 2257 3334 1⁰

376 3365 632 3445 augusti.
660 3364 762 3428 Eis
789 3364 1140 3444 gratulatur,
1189 3365 1346 3446 quod
1376 3365 1516 3428 licet
1553 3363 1893 3430 omnimode
1922 3368 2122 3431 vexati
2151 3366 2258 3430 Ec·

373 3462 592 3526 clesiae
632 3471 693 3526 et
733 3465 1114 3545 Apostolicae
1155 3462 1326 3528 Sedis
1381 3479 1618 3527 causam
1688 3472 1931 3528 strenue
1994 3451 2257 3530 tuentur.

373 3559 716 3635 Confirmat,
765 3559 1049 3639 declarat,
1093 3559 1592 3644 damnatquaein
1635 3559 1903 3641 pluribus
1946 3562 2265 3627 allocutio-

369 3659 546 3724 nibus
587 3661 944 3726 lamentatus
985 3668 1098 3725 est.
1145 3658 1554 3743 Reprehendit
1591 3660 2131 3742 perniciosissimos
2172 3680 2261 3726 er-

373 3777 536 3825 rores
579 3763 792 3827 misere
820 3764 1119 3843 vigentes.
1149 3761 1324 3828 Dolet
1351 3763 1674 3825 nonnullos
1704 3779 1777 3826 ex
1804 3771 2057 3844 utroque
2083 3761 2263 3826 Clero

371 3859 550 3924 falsas
590 3862 977 3927 disseminare
1019 3863 1339 3936 doctrinae,
1383 3873 1447 3926 ut
1489 3861 1921 3943 improbandas·
1942 3862 2263 3926 societates

370 3961 898 4039 morico-liberati,
945 3962 1032 4026 Di
1071 3969 1274 4025 mutuo
1317 3980 1616 4038 soccorso,
1643 3961 2139 4045 Emancipatrice
2162 3961 2269 4026 del

370 4055 546 4118 Glero
587 4057 848 4121 {taliano
890 4057 1290 4134 coustituisse,
1337 4075 1558 4140 easque
1599 4059 1885 4121 dammat.
1934 4057 2167 4122 Laudat
2210 4056 2262 4120 1-

375 4156 554 4220 taliae
594 4155 828 4222 Clerum
871 4159 970 4241 qui
1015 4177 1088 4224 ex
1131 4167 1302 4241 parte
1345 4160 1520 4241 longe
1563 4159 1815 4224 maxima
1862 4176 2105 4224 munere
2148 4174 2259 4222 suo

370 4257 612 4339 egregie
653 4257 936 4340 fungitur,
981 4258 1256 4341 Virgines
1296 4258 1420 4324 Deo
1461 4277 1661 4324 sacras
1702 4277 1855 4342 quae
1914 4258 2073 4326 omni
2118 4275 2257 4321 oon-
