3317 5267
950 452 1046 521 22

897 454 1141 651 ῗηοᾶο,
1193 582 1335 658 quo
1387 565 1632 634 contra
1686 556 1951 633 similes
2004 532 2219 632 ausus
2270 564 2347 629 et
2406 552 2823 631 violationes
2878 546 3054 627 alias

899 678 1273 776 protestati
1325 698 1628 777 sumusr

1049 794 1238 869 Haec
1289 805 1528 868 autem
1580 794 1919 867 moderna
1970 792 2272 867 civilitas
2324 792 2499 865 dum
2548 790 2807 887 cuique
2872 810 3055 865 aea-

901 910 1166 987 tholieo
1216 912 1434 985 cultui
1483 910 1709 999 favet,
1764 910 2095 1005 ipsosque
2145 907 2458 983 infideles
2494 930 2538 980 a
2570 906 2875 1004 publicis
2904 926 3061 981 mu-

897 1028 1184 1102 neribus
1239 1028 1578 1102 obeundis
1604 1028 1899 1101 minime
1937 1025 2287 1122 prohibet,
2315 1036 2393 1099 et
2428 1024 2813 1100 catholicas
2846 1023 3059 1098 scho-

895 1144 1001 1218 las
1053 1142 1330 1218 illorum
1381 1145 1538 1219 filiis
1591 1144 1914 1229 recludit,
1960 1126 2285 1218 irascitur
2336 1144 2677 1217 adversus
2731 1141 3058 1237 Religio-

898 1283 1012 1335 sas
1066 1262 1422 1349 Familias,
1452 1262 1789 1337 adversus
1826 1261 2161 1336 Instituta
2192 1263 2564 1337 catholicis
2598 1258 2865 1337 scholis
2900 1280 3057 1335 mo·

887 1380 1220 1454 derandis
1271 1378 1566 1455 fundata
1605 1432 1625 1467 ,
1683 1380 2026 1454 adversus
2078 1362 2675 1477 quamplurimos
2707 1379 3059 1476 cuiusque

895 1498 1152 1595 gradus
1187 1498 1696 1572 ecclesiasticos
1736 1492 1938 1571 Viros
1976 1496 2413 1593 amplissima
2448 1497 2671 1570 etiam
2706 1496 3061 1591 dignitate

893 1616 1295 1711 insignitos»,
1352 1613 1654 1712 quorum
1708 1636 1851 1689 non
1904 1614 2108 1709 pauci
2162 1614 2387 1686 vitam
2439 1614 2513 1686 in
2550 1613 2742 1686 exilii
2778 1612 3059 1687 incerto

890 1742 1018 1803 aut
1069 1732 1141 1803 in
1193 1718 1492 1806 vinculis
1543 1732 1803 1803 misere
1856 1738 2101 1826 agunt,
2140 1740 2215 1803 et
2250 1727 2589 1805 adversus
2624 1730 2847 1803 etiam
2886 1752 3057 1825 spe-

892 1858 1128 1923 ctatos
1179 1848 1394 1923 laicos
1447 1848 1636 1923 viros
1668 1902 1689 1937 ,
1746 1847 1869 1945 qui
1920 1846 2146 1923 Nobis
2189 1858 2265 1921 et
2314 1848 2479 1923 huic
2530 1846 2835 1923 Sanctae
2890 1844 3055 1919 Sedi

893 1968 1154 2043 addicti
1207 1968 1562 2065 religionis
1613 1969 2067 2065 iustitiaeque
2094 1975 2404 2073 'causam
2440 1966 2769 2041 alacriter
2800 1964 3057 2039 defen-

889 2085 1097 2158 dunt.
1150 2082 1343 2157 'Haec
1395 2083 1694 2158 civilitas
1746 2085 1917 2158 dum
1954 2084 2359 2157 acatholicis
2392 2082 2741 2156 institutis
2778 2104 2865 2154 ac
2904 2102 3055 2177 per·-

893 2202 1086 2276 sonis
1129 2200 1446 2275 subsidia
1497 2200 1817 2298 largitur,
1856 2199 2277 2277 catholicam
2312 2196 2703 2275 Ecclesiam
2738 2198 3052 2273 iustissi-

889 2318 1030 2389 mis
1067 2317 1211 2390 suis
1245 2318 1815 2412 possessionibus
1854 2317 2137 2413 spoliat,
2174 2327 2253 2391 et
2286 2316 2525 2391 omnia
2560 2314 2853 2389 adhibet
2886 2338 3055 2389 con-

891 2434 1046 2509 silia
1082 2455 1163 2508 ac
1197 2436 1432 2509 studia
1467 2435 1554 2508 ad
1593 2435 1975 2509 salutarem
2014 2437 2237 2532 ipsius
2272 2434 2627 2509 Ecclesiae
2664 2432 3057 2508 efficaciam

887 2550 1474 2647 imminuendam.
1515 2550 1812 2649 Insuper
1845 2554 2017 2626 dum
2056 2560 2346 2629 omnem
2372 2552 2623 2627 tribuit
2647 2550 3055 2626 libertatem

888 2668 1287 2768 quibusque
1339 2670 1572 2743 verbis
1611 2682 1687 2743 et
1720 2672 2031 2768 scriptis,
2086 2694 2269 2769 quae
2322 2670 2713 2745 Ecclesiam
2760 2692 3056 2744 omnes-

886 2812 1024 2888 que
1075 2789 1214 2886 ipsi
1267 2812 1357 2862 ex
1409 2790 1618 2864 corde
1670 2792 1970 2867 devotos
2010 2800 2457 2879 aversantur,
2494 2812 2579 2864 ac
2612 2792 2788 2864 dum
2826 2790 3054 2865 licen-

881 2910 1058 2980 tiam
1111 2906 1409 2992 animat‚
1453 2907 1578 2979 alit
1616 2918 1691 2980 et
1724 2905 1947 2993 fovet,
1990 2908 2241 2981 eodem
2280 2916 2605 3003 temporo
2638 2929 2719 2981 se
2754 2908 3053 2981 omnino

875 3036 1160 3097 cautam
1213 3024 1793 3119 moderatamque
1832 3023 2127 3096 exhibet
2152 3024 2224 3096 in
2256 3023 2837 3120 reprehendenda
2894 3024 3051 3099 vio—

875 3140 1069 3213 lenta
1123 3152 1200 3213 et
1249 3121 1509 3213 immiti
1565 3140 1932 3214 interdum
1984 3141 2239 3237 agendi
2276 3142 2557 3216 ratione
2616 3150 2874 3215 contra
2928 3164 3051 3219 eos

877 3256 1220 3345 adhibita,
1275 3257 1398 3355 qui
1451 3259 1722 3354 optima
1780 3257 2079 3355 vulgant
2146 3260 2443 3355 scripta3
2494 3270 2573 3332 et
2622 3280 2925 3333 omnem
2974 3260 3051 3333 in

876 3374 1236 3468 puniendo
1288 3386 1574 3447 exercet
1623 3362 2115 3463 severitatem,
2154 3374 2214 3448 si
2258 3375 2351 3448 ab
2388 3375 2499 3451 his
2534 3374 3050 3471 moderationis

875 3486 1056 3560 fines
1109 3488 1224 3561 vel
1275 3488 1532 3563 leviter
1581 3492 1958 3587 praeteriri
2012 3489 2419 3565 arbitretur.

1033 3604 1456 3683 Huiusmodi
1509 3608 1729 3705 igitur
1776 3608 2099 3683 civilitati
2134 3620 2385 3707 posset
2416 3632 2507 3684 ne
2542 3632 2862 3707 unquam
2896 3608 3045 3687 Ro-

877 3710 1134 3800 manus
1175 3725 1506 3801 Pontifex
1543 3728 1847 3802 amicam
1877 3730 2299 3825 protendere
2326 3729 2722 3816 dexteram,
2752 3740 2833 3802 et
2866 3752 3037 3805 cum

887 3866 970 3917 ea
1009 3843 1256 3919 foedus
1293 3845 1887 3943 concordiamque
1922 3868 2011 3917 ex
2050 3846 2289 3919 animo
2324 3846 2499 3919 inire
2518 3841 2557 3917 ἰ)
2599 3843 2784 3920 Vera
2820 3846 3033 3921 rebus

882 3961 1224 4036 vocabula
1259 3961 1757 4049 restituantur,
1796 3972 1873 4035 et
1906 3960 2083 4035 haec
2116 3960 2379 4036 Sancta
2412 3961 2632 4037 Sedes
2670 3962 2807 4036 sibi
2842 3986 3041 4038 sem-

873 4098 1006 4171 per
1055 4076 1437 4152 constabit.
1481 4076 1848 4173 Siquidem
1902 4078 2057 4173 ipsa
2106 4100 2317 4151 verae
2370 4078 2727 4153 civilitatis
2779 4080 3037 4155 conti-

873 4204 1126 4269 uenter
1175 4193 1311 4271 fuit
1349 4204 1645 4299 patrona
1698 4207 1773 4271 et
1824 4194 2065 4284 altrix3
2116 4208 2330 4294 atque
2381 4195 2717 4273 historiae
2752 4220 3021 4275 monu-
