3317 5267
872 432 1019 503 408

870 544 1006 619 hus
1064 542 1529 621 Orientalium
1601 545 1904 642 negotiis
1949 544 2261 642 'speciali
2333 544 2546 619 modo
2617 544 3006 642 providere

866 673 1107 759 quoet.
1162 660 1643 754 Quamobrem
1681 684 1964 737 sensere
2001 672 2482 760 opportunum
2521 664 2814 738 omnino
2841 686 3008 738 esse

866 780 956 853 ad
1028 778 1435 855 huiusmodi
1505 778 2026 877 assequendum
2099 777 2314 851 finem
2345 830 2366 865 ‚
2433 789 2516 852 ut
2605 802 2697 851 ex
2787 780 3014 874 ipsius

868 892 1449 993 congregationis
1512 894 1714 971 Fidei
1779 894 2280 993 Propagandae
2353 916 2575 983 more,
2653 893 3010 968 formandi

867 1011 1137 1087 scilicet
1186 1012 1528 1109 speciales
1584 1010 2186 1109 congregationes
2239 1034 2368 1109 pro
2421 1032 2662 1085 rerum
2699 1034 2782 1084 ac
2809 1022 3008 1085 tem-

875 1150 1125 1227 porum
1178 1130 1556 1227 gravitate,
1610 1132 2104 1205 institueretur
2157 1130 2530 1227 peculiaris
2593 1128 3008 1227 Congrega-

870 1246 999 1333 tio,
1054 1270 1237 1345 quae
1290 1246 1525 1321 stabili
1586 1248 1800 1322 modo
1851 1248 2090 1323 omnia
2136 1259 2321 1322 -tum
2385 1248 2592 1335 ritus,
2657 1258 2812 1321 tum
2873 1247 3008 1320 di-

868 1364 1207 1460 sciplinae
1260 1364 1708 1439 orientalium
1763 1363 2238 1439 Ecclesiarum
2297 1364 2578 1461 negotia
2635 1364 3008 1438 tractanda

868 1506 951 1556 ac
1001 1484 1387 1581 dirigenda,
1444 1483 1649 1557 unice
1703 1494 2009 1557 curaret.
2051 1480 2533 1573 Quamobrem
2576 1479 2793 1556 Nobis
2831 1506 3008 1577 pno-

864 1624 1165 1697 posuere
1218 1601 1587 1676 consilium
1642 1600 1990 1675 formandi
2057 1624 2146 1675 ex
2215 1601 2370 1697 ipsa
2433 1598 3005 1696 Congregatione

866 1717 1063 1793 Fidei
1128 1717 1627 1815 propagandae
1690 1719 2066 1815 specialem
2135 1728 2212 1791 et
2274 1716 2601 1792 stabilem
2665 1713 3006 1815 Congre-

864 1837 1247 1937 gatonem,
1300 1860 1483 1933 quae
1516 1836 1984 1911 Orientalium
2023 1834 2218 1910 libris
2253 1834 2714 1931 corrigendis,
2755 1835 3001 1907 omni-

862 1952 1139 2051 busque
1208 1966 1283 2027 et
1352 1954 1645 2052 singulis
1733 1955 2073 2051 cuiusque
2159 1954 2436 2050 generis
2521 1950 2996 2027 Orientalium

862 2072 1167 2168 negotiis
1240 2073 1625 2147 tractandis
1699 2074 1904 2147 unice
1982 2094 2274 2169 operam
2347 2084 2590 2161 navet,
2665 2094 2996 2169 quaeque

866 2200 1149 2262 constet
1198 2212 1288 2261 ex
1352 2190 1708 2265 nonnullis
1770 2190 2088 2265 eiusdem
2149 2188 2733 2285 Congregationis
2797 2185 2998 2261 Fidei

869 2302 1367 2401 Propagandae
1418 2304 1902 2381 Cardinalibus
1934 2358 1955 2393 ,
2011 2318 2224 2403 atque
2279 2328 2318 2377 a
2373 2303 2718 2400 generalis
2771 2304 2998 2402 ipsius

865 2418 1445 2518 congregationis
1498 2421 1846 2498 Cardinali
1905 2421 2274 2497 Praefecto
2331 2423 2658 2517 pendeat,
2716 2432 2794 2494 et
2829 2444 3000 2518 pro-

866 2540 1101 2633 prium
1154 2538 1415 2612 habeat
1463 2538 1962 2628 Secretarium,
2020 2540 2341 2635 proprios
2397 2535 2880 2627 Consultores,
2913 2560 3000 2613 ac

867 2655 1188 2752 proprios
1240 2654 1610 2730 Officiales.
1669 2656 1820 2732 Nos
1858 2658 2076 2756 igitur
2111 2659 2200 2733 de
2240 2654 2488 2731 maiori
2523 2654 2996 2730 Orientalium

862 2770 1052 2847 bono
1102 2794 1557 2869 summopere
1608 2772 1915 2863 solliciti,
1974 2787 2049 2849 et
2083 2796 2166 2849 ea
2202 2775 2438 2851 omnia
2477 2794 2814 2871 peragere
2851 2796 2982 2847 ve-

864 2888 1237 2963 hementer
1284 2890 1680 2986 cupientes,
1735 2912 1916 2988 quae
1969 2890 2316 2987 spirituali
2369 2892 2782 2965 eorumdem
2823 2914 2994 2988 pro·

867 3004 1186 3100 speritati
1248 3008 1475 3103 magis
1539 3007 1610 3080 in
1671 3006 1821 3081 dies
1881 3006 2272 3081 conducere
2333 3018 2626 3103 queant,
2691 3008 2780 3081 de
2853 3032 2998 3082 eo-

866 3122 1190 3197 rumdem
1258 3120 1780 3198 venerabilium
1847 3124 2178 3199 Fratrum
2252 3122 2671 3199 Nostrorum
2741 3126 2818 3199 S.
2901 3126 2990 3199 R.

863 3236 952 3311 E.
1010 3234 1485 3313 cardinalium
1536 3239 1828 3315 consilio
1883 3260 1966 3314 ac
2030 3242 2384 3314 sententia
2445 3241 2642 3315 hisce
2701 3238 2996 3317 Litteris

860 3354 1283 3427 auctoritate
1375 3352 1626 3429 Nostra
1681 3354 2078 3452 Apostolica
2127 3356 2558 3453 praedictam
2613 3358 2992 3454 specialem

866 3471 1503 3572 Congregationem
1557 3498 1684 3572 pro
1737 3478 2068 3553 omnibus
2119 3476 2582 3555 Orientalium
2635 3480 2994 3557 Ecclesia-

862 3614 1025 3664 rum
1078 3595 1378 3691 negotiis
1432 3596 1639 3670 unice
1701 3597 2090 3672 tractandis
2151 3620 2234 3671 ac
2295 3598 2676 3697 dirigendis
2735 3624 2994 3698 perpe-

863 3724 1063 3783 tuum
1118 3712 1191 3784 in
1243 3713 1533 3787 modum
1600 3716 1934 3812 erigimus
1999 3726 2068 3790 et
2135 3718 2662 3807 constituimus,
2717 3719 2804 3792 iis
2869 3730 2992 3791 ta—

859 3850 1023 3903 men
1085 3830 1358 3927 legibus
1420 3844 1499 3905 et
1566 3834 2114 3923 conditionibus,
2191 3858 2370 3933 quas
2447 3836 2640 3911 hisce
2712 3835 2992 3913 Nostris

850 3944 1137 4025 Litteris
1186 3952 1594 4043 statuimuS,
1648 3967 1724 4027 et
1775 3978 1950 4053 quas
2001 3970 2347 4055 perpetuo
2397 3958 2782 4033 servandas
2805 3980 2964 4032 esse

860 4071 1360 4169 praecipimus.
