3317 5267
898 424 1049 495 390

906 535 1417 612 Canonicorum
1474 546 1688 632 atque
1741 532 2330 631 cappellanorum
2365 558 2492 611 seu
2553 535 3026 617 Beneficiato-

903 676 1063 726 rum
1116 654 1513 748 providere3
1574 650 1968 725 Peruviano
2029 650 2388 729 Gubernio
2439 656 3026 729 commendamus

906 782 1119 868 atque
1174 772 1537 859 edicimus»,
1578 782 1686 857 ut,
1725 767 2100 845 confestim
2125 772 2510 867 adsignatis
2561 784 2775 869 atque
2813 774 3020 869 adju-

900 890 1151 963 dicatis
1200 889 1493 985 singulis
1544 886 1998 985 pensionibus
2035 912 2162 984 pro
2205 910 2631 986 unoquoque
2691 914 2780 963 ex
2821 914 3020 987 prae-

906 1006 1111 1081 dictis
1165 1003 1690 1079 Adsistentihus
1771 1004 2036 1099 absque
2088 1004 2230 1078 ulla
2305 1006 2642 1081 dilatione
2691 1016 2768 1080 et
2815 1030 3018 1081 mora

892 1120 993 1193 ab
1046 1122 1294 1197 eodem
1348 1118 1704 1195 Gubernio
1739 1120 2205 1215 praestandi&
2268 1132 2591 1195 actutum
2641 1120 3018 1217 vel'paulo

901 1248 1067 1332 post
1119 1238 1341 1311 etiam
1392 1258 1672 1311 summa
1705 1258 2160 1311 nummorum
2199 1236 2790 1333 praestabiliatur‚
2831 1262 3016 1335 quac

900 1356 1403 1441 convenienter
1454 1356 1752 1433 sufficiat
1804 1356 1890 1429 ad
1944 1356 2097 1451 ejus
2173 1358 2706 1454 quamprimum
2785 1356 3012 1431 futuri

898 1470 1201 1568 Capituli
1256 1484 1337 1546 et
1384 1470 1898 1546 Canonicorum
1951 1487 2026 1545 et
2078 1471 2664 1569 Cappellanorum
2717 1495 2844 1547 seu
2888 1471 3019 1547 Be-

896 1589 1381 1665 neficiatorum
1433 1614 1563 1686 pra
1606 1590 1872 1665 bendas
1919 1590 2124 1685 juxta
2161 1586 2590 1688 normamset
2631 1602 3018 1665 consuetu-

894 1708 1139 1781 dinem
1210 1721 1605 1781 ceterorum
1671 1704 2159 1802 capitulorum
2231 1708 2648 1781 viciniorum
2729 1704 3013 1780 Cathe—

890 1830 1189 1905 dralium
1244 1854 1431 1905 nunc
1484 1852 1618 1925 pro
1669 1840 1836 1901 tunc
1887 1828 2306 1923 singulatim
2362 1828 2894 1923 praefiniendaS‚
2935 1840 3020 1903 ut

890 1972 1020 2023 suo
1075 1959 1395 2045 tempore
1448 1946 1539 2019 ab
1592 1947 1746 2042 ipso
1801 1942 2158 2017 Gubernio
2211 1944 2456 2031 itidem
2511 1945 2584 2015 in
2645 1958 3020 2018 numerata

888 2071 1183 2165 pecunia
1238 2068 1761 2165 persolvantur.
1819 2064 2022 2152 Quod
2067 2064 2366 2163 ‘quidem
2420 2068 2784 2160 negotium
2835 2086 3014 2137 con-

894 2188 1168 2261 ficietur
1228 2187 1337 2259 vel
1378 2186 1473 2259 ab
1521 2185 1770 2260 eodem
1829 2182 2232 2278 Apostolico
2279 2182 2533 2255 harum
2583 2179 3013 2255 Litterarum

888 2304 1369 2401 Exequutorc‚
1430 2303 1541 2377 vel
1595 2304 1690 2377 ab·
1735 2302 2092 2398 Episcopo
2127 2299 2494 2387 Puniensi,
2531 2299 2804 2374 collatis
2839 2320 3008 2373 cum

890 2423 1243 2499 Gubernio
1296 2426 1629 2511 consiliis,
1691 2436 1774 2497 ut
1826 2424 2066 2497 omnia
2101 2421 2581 2518 providenter,
2623 2421 3004 2516 prudenter

888 2556 965 2617 et
1016 2544 1457 2618 concorditer
1508 2541 2004 2625 concilientur,
2036 2550 2373 2635 certoque
2409 2549 2485 2611 et
2511 2536 2748 2611 stabili
2797 2538 3016 2613 modo

886 2684 1027 2735 non
1081 2660 1311 2735 solum
1388 2660 1551 2733 huic
1632 2654 2096 2756 gravissimae
2141 2657 2244 2729 rei
2317 2657 2766 2751 provideatur
2805 2709 2836 2743 ,
2881 2640 3008 2729 sed

888 2777 1107 2849 etiam
1160 2774 1559 2849 Cathedrali
1616 2773 2002 2858 Ecclesiae,
2051 2770 2420 2857 Fabricae,
2492 2769 2842 2859 Sacrario,
2901 2793 3010 2845 ce-

886 2894 1196 2990 terisque
1250 2893 1461 2989 hujus
1512 2892 1798 2990 generis
1843 2888 2218 2985 impendiis
2273 2910 2404 2983 pro
2454 2887 2852 2962 divinarum
2890 2906 3008 2961 re·-

882 3036 1045 3087 rum
1074 3014 1273 3087 cultu
1302 3012 1471 3085 inibi
1494 3012 1762 3108 jugiter
1785 3010 2177 3105 decoreque
2215 3005 2568 3091 obeundo,
2601 3016 2752 3077 tum
2781 3006 3004 3079 etiam

880 3158 1009 3229 pro
1063 3131 1724 3207 Ecclesiasticorum
1775 3128 2171 3203 Seminario
2225 3126 2398 3199 inihi
2449 3125 2782 3220 erigendo
2835 3148 3002 3221 pro-

882 3273 1227 3347 spereque
1280 3248 1752 3334 instituendo,
1809 3269 1890 3319 ac
1939 3245 2152 3319 certis
2203 3240 2686 3317 dotationibus
2747 3265 3006 3339 perpe-

882 3382 1005 3443 tuo
1058 3368 1135 3441 in
1184 3364 1489 3439 Domino
1528 3362 1995 3460 providendo,
2029 3346 2266 3435 sarct'o
2319 3370 2514 3434 tecto
2560 3359 2720 3454 jure
2755 3358 2996 3433 favore

878 3486 1101 3582 ipsius
1152 3484 1435 3557 Mensae
1486 3480 1924 3555 Cathedralis
1969 3532 1992 3565 ,
2045 3480 2362 3576 adeoque
2416 3477 2657 3551 favore
2736 3474 3002 3549 Cathe-

882 3600 1095 3675 dralis
1150 3598 1506 3674 Ecclesiae
1560 3598 1885 3693 illiusque
1937 3594 2240 3691 Capituli
2277 3615 2586 3668 necnon
2633 3590 3004 3667 seminarii

874 3713 1285 3793 Dioecesani
1338 3729 1415 3790 et
1472 3714 1766 3789 aliarum
1803 3736 2090 3811 quoque
2125 3712 2478 3787 minorum
2527 3710 3000 3785 Ecclesiamm

874 3848 1093 3935 atque
1142 3837 1421 3933 piarum
1472 3833 1884 3931 quarumvis
1937 3830 2474 3905 Institutionum
2555 3826 3001 3925 quomodoli-

871 3953 999 4026 bet
1052 3954 1121 4025 in
1176 3976 1259 4025 ea
1314 3944 1632 4025 Dioecesi
1683 3948 2082 4023 extantium
2177 3946 2310 4017 alia
2365 3944 2550 4019 bona
2601 3944 2880 4019 stabilia
2915 3943 3002 4016 li·-

878 4070 1047 4157 cite,
1100 4070 1353 4156 libere,
1409 4068 1780 4165 valideque
1831 4065 2106 4161 legandi
2145 4064 2586 4160 adquirendi,
2652 4062 2999 4159 plenoque

866 4186 1029 4280 jure
1088 4185 1654 4262 administrandi.
1713 4181 1910 4272 Quae
1961 4182 2245 4277 quidem
2301 4192 2376 4254 et
2428 4179 2562 4253 alia
2615 4200 3000 4275 quaecum-
