3317 5267
887 448 1496 659 {gffochialitatem
1551 564 1626 627 et
1678 554 2077 629 animarum
2114 574 2355 627 euram
2396 552 2669 641 sedulo,-
2708 553 2813 627 uti
2846 549 3038 648 jun‘s

889 692 966 755 et
1015 678 1234 755 moris
1287 688 1430 761 est,
1482 676 1885 749 navandam
1937 686 2447 749 conservatum
2498 676 2621 761 sit,
2678 698 2760 748 ae
2816 673 2889 747 in
2946 696 3033 747 ea

887 810 1236 895 perpetuo
1297 796 1612 891 erigatur
1664 792 1909 878 Sedes,
1956 789 2309 865 Cathedra
2358 802 2433 865 et
2486 792 2799 888 dignitas
2852 789 3039 885 Epi-

887 916 1191 1011 scopalis
1251 937 1380 1009 pro
1441 934 1586 985 uno
1670 910 2011 985 Antistite
2063 906 2335 1003 Capitis
2385 906 2669 981 Haitani
2750 930 3039 981 nuncu-

887 1034 1120 1130 pando
1155 1034 1275 1131 qui
1303 1034 1536 1107 eidem
1559 1028 1968 1127 Episeopali
2006 1026 2391 1112 Ecclesiae,
2432 1026 2751 1114 Civitati,
2814 1022 3036 1101 Dioc-

887 1154 1056 1239 cesi,
1097 1150 1302 1225 Clero
1354 1161 1430 1223 et
1467 1149 1741 1247 Populo
1778 1147 2071 1245 praesit,
2110 1146 2511 1242 cooptando
2544 1144 2681 1219 sibi
2734 1168 2867 1221 suo
2922 1145 3039 1217 lu-

893 1270 1048 1343 bitu
1101 1272 1172 1342 in
1227 1270 1448 1366 ipsius
1498 1267 1860 1343 Dioeeesis
1898 1266 2224 1340 novando
2258 1260 2647 1361 regimine,
2686 1276 2763 1337 et
2796 1263 3037 1337 admi-

889 1388 1308 1461 nistratione
1344 1386 1699 1461 Vicat-ium
1728 1382 2175 1469 Generalem,
2228 1382 2344 1457 eui
2397 1379 2769 1456 unumvel
2806 1380 3035 1453 etiam

887 1504 1194 1579 alterum
1247 1504 1638 1601 adjungere
1688 1500 1799 1575 fas
1850 1500 2015 1584 erit,
2070 1499 2128 1573 si
2192 1515 2365 1594 prae
2424 1499 2647 1571 nimia
2708 1497 3031 1573 locorum

891 1622 1078 1695 inter
1099 1644 1178 1694 se
1207 1619 1622 1694 dissitorum
1676 1618 2193 1714 longinquitate
2226 1615 2671 1713 aliarumque
2720 1614 3035 1691 circnm-

891 1737 1316 1813 stantiamm
1369 1736 1721 1833 gravitate
1774 1736 1841 1809 id
1906 1733 2388 1810 necessarium.
2448 1747 2575 1807 aut
2634 1731 2843 1807 valde
2894 1754 3031 1828 op-

849 1866 1306 1953 ⁸pot-tunam,
1363 1866 1440 1927 et
1491 1852 1801 1951 salutare
1852 1862 2253 1927 censeatur·
2322 1850 2647 1947 Itemque
2714 1848 3033 1947 Religio-

893 1998 1060 2049 nem
1114 1972 1552 2048 catholicam
1609 1971 2092 2067 Apostolieam
2150 1970 2577 2058 Romanam,
2632 1972 2819 2047 sicut
2858 1994 3031 2045 con-

891 2092 1080 2165 sulto
1117 2091 1190 2164 in
1225 2088 1732 2185 praenunciata
1786 2085 2275 2163 Conventione
2310 2087 2667 2161 sancitum
2706 2099 2849 2174 est,
2902 2088 3029 2160 im-

893 2230 1112 2304 pense
1137 2219 1370 2294 curet,
1411 2208 1498 2281 iis
1516 2226 1701 2281 eum
1740 2205 2041 2303 juribus,
2098 2215 2175 2278 et
2200 2205 2743 2301 praerogativis,
2773 2204 3032 2303 quibus

893 2348 984 2396 ex
1015 2322 1140 2396 Dei
1193 2324 1671 2409 ordinatione,
1726 2342 2230 2417 sacrorumque
2266 2345 2621 2398 canonum
2650 2323 3031 2397 sanctioni-

893 2438 1030 2513 bus
1081 2439 1220 2514 frui
1269 2440 1509 2525 dehet,
1565 2450 1837 2511 sartam
1898 2450 2305 2534 tectamque
2358 2462 2641 2537 semper
2708 2462 3029 2526 servare,

895 2560 1161 2654 quique
1199 2558 1534 2631 nimirum
1564 2556 1743 2631 liber
1780 2560 1899 2643 sit,
1940 2558 2113 2653 quin
2148 2557 2238 2631 ab
2274 2559 2419 2635 ullo
2444 2582 2763 2657 unquam
2802 2562 3031 2656 possit

895 2678 1153 2771 quovis
1207 2675 1414 2751 titulo
1469 2675 1888 2772 praepediri,
1928 2698 2059 2771 pro
2094 2676 2757 2753 Ecclesiasticarum
2786 2702 3028 2755 rerum

897 2818 1206 2892 suaeque
1259 2794 1616 2869 Dioeeesis
1669 2794 2013 2890 regimine
2068 2806 2223 2867 tum
2278 2795 2347 2867 in
2382 2794 2739 2871 vicarium
2793 2799 3027 2893 ipsum

894 2910 1341 2999 Generalem,
1372 2924 1530 2987 tum
1563 2914 1634 2985 in
1664 2912 2097 2987 consiliarios
2126 2922 2203 2985 et
2228 2912 2587 3008 adjutores
2617 2914 2903 3011 eligere,
2924 2924 3030 2987 at·

897 3052 1036 3127 que
1063 3032 1434 3105 instituere
1471 3052 1596 3105 eos
1632 3040 1987 3127 quotquot
2022 3028 2561 3105 Ecclesiastieos
2600 3033 2821 3119 viros,
2848 3056 3031 3129 quos

893 3149 982 3221 ad
1020 3149 1424 3246 hujusmodi
1463 3150 1705 3222 munia
1742 3149 2035 3223 idoneos
2086 3160 2165 3221 et
2214 3161 2659 3245 opportunos
2692 3153 3026 3225 aestima-

901 3268 1109 3369 verit,
1147 3268 1236 3341 ad
1269 3268 1669 3342 clericalem
1706 3277 1977 3341 statum
2016 3266 2425 3353 admittere,
2462 3266 2911 3366 subindeque
2936 3293 3028 3345 ex

897 3385 1306 3481 approbatis
1353 3384 1560 3482 juxta
1613 3406 1853 3459 sacros
1906 3406 2213 3459 canones
2268 3385 2495 3469 titulis
2548 3410 2697 3475 eos,
2738 3387 3033 3483 praevio

897 3505 1200 3599 regulari
1251 3507 1606 3589 examine,
1645 3504 1735 3577 ad
1776 3505 2081 3601 majores
2134 3505 2355 3577 etiam
2408 3506 2693 3581 ordines
2724 3530 3031 3603 promo-

899 3644 1064 3697 vere
1095 3674 1122 3709 ,
1173 3648 1352 3721 quos
1405 3634 1479 3696 et
1531 3634 1887 3721 quotquot
1942 3622 2091 3718 ipse
2144 3626 2503 3699 censuerit
2531 3676 2553 3711 ,
2610 3625 2725 3699 vel
2776 3650 3029 3701 neces-

895 3744 1120 3819 sarios
1173 3743 1288 3817 vel
1341 3745 1552 3817 utiles
1603 3746 1677 3817 in
1734 3764 2045 3817 messem
2102 3740 2383 3817 Doniini
2424 3794 2446 3831 ‚
2500 3768 2623 3820 eos
2674 3769 2719 3819 e
2778 3760 3025 3821 eontra

897 3864 1226 3959 prudenti
1277 3883 1408 3936 suo
1461 3862 1751 3936 arbitrio
1808 3884 1849 3934 a
1902 3865 2317 3958 quorumvis
2369 3862 3027 3938 Ecclesiasticorum

895 3978 1746 4076 Ominum-susceptione
1801 4001 2073 4065 arcere,
2126 4002 2305 4076 quos
2344 3978 2453 4053 vel
2490 4003 2775 4076 prorsus
2820 3982 3027 4054 inha-

892 4095 1098 4186 biles,
1139 4100 1248 4173 vel
1291 4100 1620 4196 indignos
1657 4098 2183 4194 dijudicaverit,
2237 4101 2753 4175 testimoniales
2802 4100 3031 4175 lubitu

891 4238 1020 4289 suo
1074 4216 1422 4305 conferre,
1477 4240 1610 4291 nee
1662 4240 1805 4291 non
1858 4217 2139 4291 litteras
2178 4218 2261 4291 iis
2296 4215 2749 4293 Dioeccsanis
2784 4218 3033 4293 Eccle-

894 4334 1228 4424 siastieis,
1267 4336 1388 4434 qui
1441 4335 1954 4411 rationabiliter
2002 4348 2255 4432 optent
2304 4362 2349 4411 e
2397 4342 2674 4435 propria
2702 4336 3017 4413 Dioeeesi
