3317 5267
864 414 1013 484 420

860 541 937 603 et
980 525 1456 623 synodalibus
1513 526 1844 603 Conciliis
1895 531 2130 617 editis,
2185 531 2628 627 generalibus
2685 535 2794 609 vel
2833 561 3004 634 spe-

856 645 1149 719 cialibus
1200 644 1853 732 constitutionibus,
1911 659 1989 721 et
2045 648 2636 738 ordinationibus,
2705 655 2998 750 reguliS,

860 764 1175 851 statutis,
1230 774 1307 836 et
1354 764 1986 839 consuetudinibus
2039 766 2388 865 quusque
2439 766 2750 859 Ordinis,
2807 770 3004 847 Con-

857 882 1313 978 gregationiS,
1368 894 1443 954 et
1495 880 1817 955 instituti
1874 883 2091 956 etiam
2137 884 2572 981 juramento,
2613 888 3004 963 confirma-

852 999 1045 1072 tione
1102 996 1528 1093 Apostolioa,
1586 998 1703 1071 vel
1757 1000 2010 1096 quavis
2065 998 2400 1073 firmitate
2435 1001 2572 1075 alia
2619 1002 2999 1091 roboratis,

856 1116 1241 1213 privilegiis
1298 1136 1587 1213 quoque
1662 1116 1982 1203 indultis,
2059 1127 2134 1191 et
2208 1115 2498 1193 Litteris
2571 1122 3004 1217 Apostolicis

856 1234 931 1305 in
984 1234 1419 1309 eontrarium
1456 1235 2014 1331 praemissorum
2053 1235 2588 1332 quomodolibet
2611 1243 3000 1327 concessiS‚

858 1354 1318 1440 confirmatis,
1360 1352 1744 1441 innovatis,
1785 1356 2114 1452 quamvis
2170 1356 2492 1452 specifica
2529 1369 2604 1431 et
2640 1359 3006 1435 individua

858 1472 1222 1546 mentione
1274 1471 1531 1569 dignis,
1590 1470 1849 1567 quibus
1905 1471 2240 1547 omnibus
2278 1486 2353 1546 et
2386 1474 2683 1571 singulis
2718 1475 3004 1550 iliorum

857 1590 1221 1667 tenoribus
1256 1591 1746 1688 praesentibus
1784 1615 1913 1688 pro
1952 1594 2236 1665 insertis
2279 1592 2628 1667 habentes
2665 1597 2750 1669 ad
2788 1620 3004 1693 prac-

858 1709 1234 1784 missorum
1292 1706 1619 1781 effectum
1675 1708 2100 1803 specialiter,
2159 1722 2238 1781 et
2297 1732 2635 1807 expresse
2695 1712 3002 1809 deroga-

716 1922 723 1929 ·
858 1850 1045 1912 mus,
1101 1825 1497 1922 ceterisque
1550 1828 1923 1900 contrariis
1961 1828 2555 1926 quibuscumque.
2589 1827 3002 1905 Decernen-

861 1955 971 2018 tes
1024 1944 1151 2017 has
1204 1942 1497 2023 Nostras
1552 1940 1858 2017 Litteras
1911 1967 2198 2041 semper
2235 1957 2310 2019 et
2345 1958 2690 2043 perpetuo
2733 1948 3000 2023 validas

858 2076 933 2137 et
1001 2062 1315 2137 efficaces
1376 2062 1690 2135 existere
1757 2074 1831 2134 et
1894 2062 2042 2138 fore
2078 2115 2099 2150 ,
2155 2088 2463 2161 suosque
2519 2066 2868 2163 plenarios
2924 2082 3002 2141 et

856 2183 1169 2276 integros
1221 2178 1517 2254 effectus
1571 2180 1838 2267 sortiri,
1896 2194 1969 2253 et
2034 2181 2381 2267 obtinere,
2447 2194 2524 2255 et
2583 2181 2673 2255 ab
2747 2187 3000 2258 omni-

856 2296 1015 2383 bus,
1072 2297 1157 2371 ad
1215 2318 1393 2392 quos
1444 2308 1750 2391 spectat,
1803 2308 1883 2369 et
1935 2298 2007 2368 in
2059 2296 2381 2372 futurum
2437 2299 2792 2395 spectabit
2845 2302 2994 2399 ple-

856 2416 1147 2489 nissime
1198 2414 1590 2509 suffragari,
1648 2429 1723 2487 et
1779 2414 1870 2488 ab
1923 2416 2253 2491 omnibus
2308 2417 2802 2522 inviolabiliter
2860 2422 2996 2496 ob-

860 2533 1153 2620 servari,
1224 2544 1301 2605 et
1371 2533 1429 2605 si
1487 2554 1692 2605 secus
1765 2556 1982 2629 super
2053 2533 2166 2607 his
2237 2556 2278 2606 a
2332 2558 2691 2633 quoquam
2745 2542 2998 2637 quavis

792 2638 799 2645 ’
861 2650 1283 2724 auctoritate
1336 2650 1672 2735 scienter,
1735 2649 1845 2723 vel
1900 2650 2309 2747 ignoranter
2343 2654 2722 2750 eontigerit
2755 2668 3000 2729 atten-

862 2770 997 2843 tari
1047 2769 1351 2856 irritum,
1410 2791 1493 2843 ac
1545 2770 1756 2843 inane
1809 2793 1964 2843 esse
2018 2781 2091 2844 et
2143 2770 2294 2847 fore
2347 2773 2699 2871 volutum,
2755 2788 2832 2849 et
2882 2778 3002 2851 de-

855 2888 1226 2962 eieramus.

1018 3008 1283 3082 Datum
1340 3008 1613 3084 Romae
1667 3012 1858 3107 apud
1911 3010 1984 3085 S.
2045 3008 2338 3086 Petrum
2395 3010 2528 3087 sub
2573 3013 2835 3089 annulo
2875 3013 2997 3090 Pi-

860 3128 1157 3202 scator-is
1210 3127 1323 3201 die
1408 3125 1529 3199 Vn
1592 3126 1956 3203 Februarii
2009 3126 2534 3205 MDCCCan.
2614 3131 3002 3207 Pontifica-

862 3260 977 3323 tus
1031 3245 1266 3322 Nostri
1326 3247 1527 3321 Anno
1580 3248 1858 3323 decimo
1911 3261 2141 3323 sexto.

2031 3496 2090 3543 B.
2151 3496 2344 3543 ΒΑΜ).
2407 3496 2828 3545 BARBSMNUS.
