3317 5267
895 468 940 533 4

895 573 1364 671 suscepimus,
1422 574 1729 672 aliquem
1794 596 2107 649 annuum
2162 574 2469 649 reditum
2522 576 2753 651 eidem
2814 573 3021 649 Vale-

813 710 828 724 ·
895 692 1246 768 tudinario
1283 691 1374 767 ob
1408 692 1593 767 hanc
1625 715 1913 767 causam
1950 692 2361 767 attribuere.
2402 692 2503 766 Et
2550 694 2885 790 quoniam
2940 697 3014 767 in

889 810 1176 906 regione
1240 807 1771 901 Transtiberina
1834 809 1989 884 vico
2030 810 2446 883 ·nemorensi
2486 863 2509 897 ,
2570 810 2778 906 vulgo
2840 808 3021 881 delle

895 930 1164 1017 Fracte,
1205 951 1427 1004 novas
1461 930 1673 1003 aedes
1710 928 2116 1027 sumptibus
2152 926 2425 1004 Nostris
2462 953 2545 1003 ea
2580 952 2750 1003 sane
2778 941 3019 1005 mente

897 1046 1363 1121 exstruendas
1414 1045 1844 1133 curavimus,
1900 1056 1987 1121 ut
2032 1045 2241 1123 aedes
2296 1045 2488 1142 ipsae
2542 1045 3019 1143 indigentibus

897 1164 1180 1237 familiis
1257 1164 1532 1239 modica
1609 1164 1949 1261 pensione
2012 1186 2245 1237 annua
2320 1164 2645 1239 locentur
2683 1216 2704 1250 ,
2768 1165 3019 1240 iccirco

899 1280 1185 1355 easdem
1235 1280 1472 1368 aedes,
1529 1290 1604 1352 et
1670 1302 1957 1353 omnem
2020 1302 2257 1353 aream
2318 1278 2454 1353 illis
2506 1280 2881 1367 adiectam,
2936 1304 3019 1353 ac

893 1420 1101 1473 muro
1178 1398 1484 1471 cinctam
1563 1408 2123 1473 commemorato
2178 1396 2703 1473 Valetudinario
2752 1398 3017 1473 dandas

895 1539 1051 1590 csse
1103 1515 1626 1592 constituimus.
1688 1514 1937 1611 ltaque
1996 1514 2191 1589 hisce
2254 1512 2541 1590 Litteris
2594 1526 2798 1590 motu
2849 1537 3021 1611 pro-

892 1634 1074 1729 prie,
1131 1643 1326 1707 certa
1376 1632 1699 1718 scientia,
1755 1654 1837 1705 ac
1890 1644 2167 1706 matura
2220 1631 2723 1707 deliberatione
2761 1631 3017 1707 Nostra

891 1750 1286 1845 praedictas
1329 1770 1580 1823 omnes
1625 1749 1835 1821 aedes
1872 1748 2147 1823 Nostris
2182 1749 2557 1845 impendiis
2608 1750 2680 1823 in
2734 1749 3017 1846 regione

894 1865 1421 1940 Transtiberina
1485 1866 1804 1940 conditas
1864 1889 2005 1937 una
2066 1888 2231 1939 cum
2285 1888 2447 1939 area
2520 1889 2755 1970 muro„
2785 1868 3015 1941 cincta

889 1996 1312 2081 perpetuum
1377 1983 1448 2056 in
1513 1984 1807 2057 modum
1882 1981 2405 2058 valetudinario
2467 1982 2541 2057 S.
2600 1983 2893 2058 «Ioannis
2944 1983 3015 2057 in

888 2098 1238 2175 Laterano
1273 2100 1755 2187 concedimus,
1800 2100 2080 2188 damuS,
2120 2100 2602 2197 adsignamus,
2638 2102 3012 2187 donamus,

889 2219 974 2293 iis
1011 2232 1251 2293 tamen
1287 2220 1584 2316 legibu8‚
1623 2219 1959 2295 oneribus
1992 2229 2065 2293 et
2098 2218 2663 2317 obligationibus,
2704 2230 2785 2295 ut
2822 2220 3009 2293 idem

887 2334 1496 2413 valetudinarium
1552 2350 1661 2413 tot
1714 2360 2059 2436 pauperes
2098 2338 2429 2413 mulieres
2482 2340 2760 2412 assidua
2812 2339 3016 2410 inva-

885 2454 1204 2531 letudine
1233 2456 1550 2544 afflictas,
1591 2458 1805 2553 vulgo
1838 2458 2196 2544 croniche,
2236 2459 2457 2555 gratis
2489 2458 2781 2533 omnino
2820 2458 3015 2531 exci-

879 2596 1078 2669 pere,
1121 2595 1394 2662 curare,
1447 2573 1667 2662 alere,
1720 2576 2055 2672 omnique
2106 2575 2421 2649 subsidio
2472 2576 2718 2648 iuvare
2766 2596 3013 2671 perpe-

883 2701 1010 2765 tuo
1067 2701 1428 2777 teneatur,
1459 2701 1637 2788 quot
1672 2714 1765 2764 ex
1816 2714 2051 2767 annuo
2102 2692 2513 2765 earumdem
2566 2692 2845 2767 aedium
2898 2714 3010 2763 re·-

882 2807 1066 2895 (litu,
1099 2806 1428 2885 omnibus
1462 2807 1775 2905 demptis
1808 2808 2211 2903 impendiis,
2247 2820 2327 2881 et
2360 2808 2717 2897 oneribus,
2748 2810 2818 2881 in
2854 2809 3013 2905 ipso

885 2928 1411 3005 valetudinario
1446 2928 1819 3004 commode
1858 2928 2133 3024 possint
2184 2930 2413 3025 excipi
2464 2952 2547 3002 ac
2594 2931 3008 3015 sustentari,

881 3060 1102 3147 utque
1137 3048 1547 3123 earumdem
1581 3048 1864 3121 aedium
1928 3047 2182 3122 locatio
2220 3050 2495 3123 modica
2548 3051 2837 3124 omnino
2888 3050 3009 3136 sit,

879 3188 1050 3241 cum
1100 3165 1256 3243 illae
1309 3185 1352 3236 a
1404 3160 1622 3239 Nobis
1657 3176 2065 3239 exstructae
2100 3164 2365 3240 fuerint
2414 3188 2543 3261 pro
2597 3165 2873 3257 miseris
2916 3164 3017 3237 fa-

879 3286 1124 3377 miliis,
1177 3310 1358 3385 quae
1414 3289 1624 3362 aedes
1678 3287 1869 3381 ipsas
1933 3285 2237 3360 incolere
2272 3296 2561 3382 queant.
2622 3280 2787 3355 Jam
2840 3304 3011 3359 vero

877 3406 986 3479 ius
1039 3406 1449 3481 nominandi
1502 3416 1578 3478 et
1627 3403 1929 3499 eligendi
1967 3402 2099 3475 has
2134 3402 2386 3498 inopes
2449 3400 2761 3475 feminas·
2801 3400 3011 3497 longo

875 3522 1130 3597 morbo
1179 3534 1503 3610 vexatas,
1560 3534 1636 3597 et
1689 3523 1761 3594 in
1812 3521 2047 3617 ipsum
2084 3518 2694 3594 valetudinarium
2748 3520 3013 3593 admit-

879 3638 1130 3713 tendas
1164 3640 1620 3716 concedimus
1674 3652 1749 3711 et
1798 3636 2257 3710 attribuimus
2292 3648 2715 3730 perpetuum
2754 3637 2827 3707 in
2864 3656 3015 3710 mo-

877 3756 1050 3829 dum
1088 3752 1568 3831 Parochorum
1593 3752 1905 3849 Collegio
1940 3751 2151 3823 huius
2178 3748 2473 3824 Nostrae
2504 3752 2733 3825 almae
2770 3750 3007 3841 Urbis,

875 3896 960 3947 ea
1015 3884 1255 3947 tamen
1317 3872 1502 3969 lege,
1557 3882 1639 3944 ut
1692 3868 2093 3945 huiusmodi
2130 3868 2383 3942 electio
2433 3892 2563 3943 seu
2616 3871 3011 3945 nominatio

875 3986 1010 4061 sub
1057 3988 1276 4063 ductu
1327 4001 1406 4061 et
1457 3987 1757 4084 imperio
1794 3982 2183 4061 cardinalis
2223 3984 2477 4059 ‚Nostri
2520 3987 2601 4058 in
2659 3987 2846 4061 Urbe
2888 3984 3013 4061 vi-

873 4104 1067 4192 carii,
1127 4106 1238 4179 vel
1297 4102 1656 4179 Antistitis
1690 4102 2217 4199 'Vicesgerentis
2268 4104 2359 4177 ab
2414 4104 2665 4180 eodem
2704 4092 3045 4201 Collegio'

868 4246 1154 4319 semper
1203 4224 1298 4299 sit
1348 4224 1749 4320 peragenda
1779 4276 1802 4310 ,
1858 4222 2147 4299 alternis
2201 4226 2387 4301 circa
2436 4222 2801 4320 paroecias
2852 4246 3009 4295 ser-
