<?xml version="1.0" encoding="UTF-8"?>
<!DOCTYPE html PUBLIC "-//W3C//DTD XHTML 1.0 Transitional//EN"
    "http://www.w3.org/TR/xhtml1/DTD/xhtml1-transitional.dtd">
<html xmlns="http://www.w3.org/1999/xhtml" xml:lang="en" lang="en">
 <head>
  <title>
</title>
<meta http-equiv="Content-Type" content="text/html;charset=utf-8" />
  <meta name='ocr-system' content='tesseract 3.04.00' />
  <meta name='ocr-capabilities' content='ocr_page ocr_carea ocr_par ocr_line ocrx_word'/>
</head>
<body>
  <div class='ocr_page' id='page_1' title='image "./piiixpontificis00ixgoog_0170.png"; bbox 0 0 3317 5267; ppageno 0'>
   <div class='ocr_carea' id='block_1_1' title="bbox 870 400 3014 602">
    <p class='ocr_par' dir='ltr' id='par_1_1' title="bbox 870 400 3014 602">
     <span class='ocr_line' id='line_1_1' title="bbox 870 400 3014 602; baseline -0.007 -9"><span class='ocrx_word' id='word_1_1' title='bbox 870 400 1233 593; x_wconf 50' lang='lat' dir='ltr'>ligi-,elensi</span> <span class='ocrx_word' id='word_1_2' title='bbox 1306 507 1591 581; x_wconf 84' lang='lat' dir='ltr'>laudato</span> <span class='ocrx_word' id='word_1_3' title='bbox 1641 502 2008 602; x_wconf 86' lang='lat' dir='ltr'>utriusque</span> <span class='ocrx_word' id='word_1_4' title='bbox 2043 504 2314 579; x_wconf 80' lang='lat' dir='ltr'>Siciliae</span> <span class='ocrx_word' id='word_1_5' title='bbox 2353 502 2533 601; x_wconf 76' lang='lat' dir='ltr'>Regi</span> <span class='ocrx_word' id='word_1_6' title='bbox 2569 504 2870 602; x_wconf 87' lang='lat' dir='ltr'>eiusque</span> <span class='ocrx_word' id='word_1_7' title='bbox 2907 504 3014 579; x_wconf 89' lang='lat' dir='ltr'>le-</span> 
     </span>
    </p>
   </div>
   <div class='ocr_carea' id='block_1_2' title="bbox 873 616 3022 4377">
    <p class='ocr_par' dir='ltr' id='par_1_2' title="bbox 875 616 3022 1317">
     <span class='ocr_line' id='line_1_2' title="bbox 875 616 3018 730; baseline -0.005 -25"><span class='ocrx_word' id='word_1_8' title='bbox 875 630 1143 730; x_wconf 78' lang='lat' dir='ltr'>gitimis</span> <span class='ocrx_word' id='word_1_9' title='bbox 1198 621 1722 701; x_wconf 85' lang='lat' dir='ltr'>suecessoribus</span> <span class='ocrx_word' id='word_1_10' title='bbox 1773 622 2297 718; x_wconf 86' lang='lat' dir='ltr'>praesentandi,</span> <span class='ocrx_word' id='word_1_11' title='bbox 2351 630 2435 697; x_wconf 89' lang='lat' dir='ltr'>ut</span> <span class='ocrx_word' id='word_1_12' title='bbox 2495 644 2590 695; x_wconf 78' lang='lat' dir='ltr'>ex</span> <span class='ocrx_word' id='word_1_13' title='bbox 2640 620 2730 697; x_wconf 88' lang='lat' dir='ltr'>iis</span> <span class='ocrx_word' id='word_1_14' title='bbox 2783 616 3018 695; x_wconf 87' lang='lat' dir='ltr'>tribus</span> 
     </span>
     <span class='ocr_line' id='line_1_3' title="bbox 876 740 3016 839; baseline -0.006 -14"><span class='ocrx_word' id='word_1_15' title='bbox 876 772 1099 825; x_wconf 90' lang='lat' dir='ltr'>unum</span> <span class='ocrx_word' id='word_1_16' title='bbox 1150 744 1477 822; x_wconf 88' lang='lat' dir='ltr'>nominet</span> <span class='ocrx_word' id='word_1_17' title='bbox 1526 743 1647 839; x_wconf 90' lang='lat' dir='ltr'>qui</span> <span class='ocrx_word' id='word_1_18' title='bbox 1701 741 1792 814; x_wconf 87' lang='lat' dir='ltr'>ab</span> <span class='ocrx_word' id='word_1_19' title='bbox 1843 740 2094 815; x_wconf 89' lang='lat' dir='ltr'>eodem</span> <span class='ocrx_word' id='word_1_20' title='bbox 2135 740 2681 839; x_wconf 84' lang='lat' dir='ltr'>Arcbiepiscopo</span> <span class='ocrx_word' id='word_1_21' title='bbox 2725 742 2848 815; x_wconf 83' lang='lat' dir='ltr'>vel</span> <span class='ocrx_word' id='word_1_22' title='bbox 2883 763 3016 837; x_wconf 90' lang='lat' dir='ltr'>per</span> 
     </span>
     <span class='ocr_line' id='line_1_4' title="bbox 878 855 3022 961; baseline -0.002 -24"><span class='ocrx_word' id='word_1_23' title='bbox 878 890 956 941; x_wconf 87' lang='lat' dir='ltr'>se</span> <span class='ocrx_word' id='word_1_24' title='bbox 1010 865 1125 939; x_wconf 86' lang='lat' dir='ltr'>vel</span> <span class='ocrx_word' id='word_1_25' title='bbox 1174 886 1303 961; x_wconf 90' lang='lat' dir='ltr'>per</span> <span class='ocrx_word' id='word_1_26' title='bbox 1356 860 1577 941; x_wconf 85' lang='lat' dir='ltr'>alium</span> <span class='ocrx_word' id='word_1_27' title='bbox 1633 858 1706 930; x_wconf 89' lang='lat' dir='ltr'>in</span> <span class='ocrx_word' id='word_1_28' title='bbox 1745 855 2240 932; x_wconf 83' lang='lat' dir='ltr'>Ecclesiastiea</span> <span class='ocrx_word' id='word_1_29' title='bbox 2273 857 2620 953; x_wconf 74' lang='lat' dir='ltr'>dignitate</span> <span class='ocrx_word' id='word_1_30' title='bbox 2657 858 3022 935; x_wconf 81' lang='lat' dir='ltr'>constitu·-</span> 
     </span>
     <span class='ocr_line' id='line_1_5' title="bbox 879 970 3022 1071; baseline -0.003 -16"><span class='ocrx_word' id='word_1_31' title='bbox 879 994 1033 1057; x_wconf 86' lang='lat' dir='ltr'>tum</span> <span class='ocrx_word' id='word_1_32' title='bbox 1086 978 1176 1053; x_wconf 87' lang='lat' dir='ltr'>ab</span> <span class='ocrx_word' id='word_1_33' title='bbox 1254 979 1507 1053; x_wconf 92' lang='lat' dir='ltr'>eodem</span> <span class='ocrx_word' id='word_1_34' title='bbox 1558 972 2162 1071; x_wconf 77' lang='lat' dir='ltr'>subdelegandum</span> <span class='ocrx_word' id='word_1_35' title='bbox 2239 970 2668 1049; x_wconf 87' lang='lat' dir='ltr'>Canonicarn</span> <span class='ocrx_word' id='word_1_36' title='bbox 2731 975 3022 1049; x_wconf 86' lang='lat' dir='ltr'>institu-</span> 
     </span>
     <span class='ocr_line' id='line_1_6' title="bbox 880 1090 3020 1195; baseline -0.005 -18"><span class='ocrx_word' id='word_1_37' title='bbox 880 1100 1148 1177; x_wconf 81' lang='lat' dir='ltr'><strong>tionem</strong></span> <span class='ocrx_word' id='word_1_38' title='bbox 1200 1094 1523 1193; x_wconf 89' lang='lat' dir='ltr'>recipiat,</span> <span class='ocrx_word' id='word_1_39' title='bbox 1562 1091 1798 1195; x_wconf 86' lang='lat' dir='ltr'>quoad</span> <span class='ocrx_word' id='word_1_40' title='bbox 1856 1111 2024 1167; x_wconf 87' lang='lat' dir='ltr'>vero</span> <span class='ocrx_word' id='word_1_41' title='bbox 2077 1102 2312 1165; x_wconf 85' lang='lat' dir='ltr'>cetera</span> <span class='ocrx_word' id='word_1_42' title='bbox 2347 1090 2725 1181; x_wconf 83' lang='lat' dir='ltr'>Beneficia,</span> <span class='ocrx_word' id='word_1_43' title='bbox 2765 1091 3020 1167; x_wconf 85' lang='lat' dir='ltr'>eadem</span> 
     </span>
     <span class='ocr_line' id='line_1_7' title="bbox 876 1207 2750 1317; baseline -0.006 -24"><span class='ocrx_word' id='word_1_44' title='bbox 876 1216 1083 1317; x_wconf 79' lang='lat' dir='ltr'>juxta</span> <span class='ocrx_word' id='word_1_45' title='bbox 1132 1213 1423 1289; x_wconf 88' lang='lat' dir='ltr'>solitum</span> <span class='ocrx_word' id='word_1_46' title='bbox 1474 1207 1930 1287; x_wconf 84' lang='lat' dir='ltr'>conferantur</span> <span class='ocrx_word' id='word_1_47' title='bbox 1981 1207 2294 1305; x_wconf 82' lang='lat' dir='ltr'><strong>nihilque</strong></span> <span class='ocrx_word' id='word_1_48' title='bbox 2345 1209 2750 1283; x_wconf 82' lang='lat' dir='ltr'>innovetur.</span> 
     </span>
    </p>

    <p class='ocr_par' dir='ltr' id='par_1_3' title="bbox 873 1324 3020 3311">
     <span class='ocr_line' id='line_1_8' title="bbox 1030 1324 3018 1428; baseline -0.002 -21"><span class='ocrx_word' id='word_1_49' title='bbox 1030 1330 1382 1428; x_wconf 78' lang='lat' dir='ltr'>Singulari</span> <span class='ocrx_word' id='word_1_50' title='bbox 1436 1338 1682 1402; x_wconf 88' lang='lat' dir='ltr'>autem</span> <span class='ocrx_word' id='word_1_51' title='bbox 1734 1325 2228 1401; x_wconf 77' lang='lat' dir='ltr'>benevolentia</span> <span class='ocrx_word' id='word_1_52' title='bbox 2277 1335 2494 1422; x_wconf 86' lang='lat' dir='ltr'>atque</span> <span class='ocrx_word' id='word_1_53' title='bbox 2547 1324 2790 1401; x_wconf 77' lang='lat' dir='ltr'>favore</span> <span class='ocrx_word' id='word_1_54' title='bbox 2841 1348 3018 1424; x_wconf 82' lang='lat' dir='ltr'>pro·</span> 
     </span>
     <span class='ocr_line' id='line_1_9' title="bbox 879 1443 3018 1547; baseline -0.002 -24"><span class='ocrx_word' id='word_1_55' title='bbox 879 1446 1080 1547; x_wconf 88' lang='lat' dir='ltr'>sequi</span> <span class='ocrx_word' id='word_1_56' title='bbox 1141 1450 1507 1546; x_wconf 86' lang='lat' dir='ltr'>cupientes</span> <span class='ocrx_word' id='word_1_57' title='bbox 1570 1445 1898 1541; x_wconf 87' lang='lat' dir='ltr'>superius</span> <span class='ocrx_word' id='word_1_58' title='bbox 1935 1453 2414 1519; x_wconf 88' lang='lat' dir='ltr'>memoratum</span> <span class='ocrx_word' id='word_1_59' title='bbox 2451 1444 2826 1541; x_wconf 85' lang='lat' dir='ltr'>utriusque</span> <span class='ocrx_word' id='word_1_60' title='bbox 2899 1443 3018 1521; x_wconf 86' lang='lat' dir='ltr'>Si·-</span> 
     </span>
     <span class='ocr_line' id='line_1_10' title="bbox 878 1558 3020 1663; baseline -0.003 -19"><span class='ocrx_word' id='word_1_61' title='bbox 878 1567 1080 1644; x_wconf 82' lang='lat' dir='ltr'>eiliae</span> <span class='ocrx_word' id='word_1_62' title='bbox 1132 1566 1407 1663; x_wconf 77' lang='lat' dir='ltr'>Regem</span> <span class='ocrx_word' id='word_1_63' title='bbox 1458 1562 1762 1660; x_wconf 85' lang='lat' dir='ltr'>ejusque</span> <span class='ocrx_word' id='word_1_64' title='bbox 1811 1560 2166 1659; x_wconf 78' lang='lat' dir='ltr'>legitimos</span> <span class='ocrx_word' id='word_1_65' title='bbox 2219 1561 2290 1639; x_wconf 85' lang='lat' dir='ltr'>in</span> <span class='ocrx_word' id='word_1_66' title='bbox 2345 1558 2656 1657; x_wconf 87' lang='lat' dir='ltr'>Imperio</span> <span class='ocrx_word' id='word_1_67' title='bbox 2709 1560 3020 1637; x_wconf 84' lang='lat' dir='ltr'>Succes-</span> 
     </span>
     <span class='ocr_line' id='line_1_11' title="bbox 876 1676 3014 1777; baseline -0.004 -17"><span class='ocrx_word' id='word_1_68' title='bbox 876 1704 1073 1760; x_wconf 84' lang='lat' dir='ltr'>sores</span> <span class='ocrx_word' id='word_1_69' title='bbox 1098 1681 1401 1777; x_wconf 77' lang='lat' dir='ltr'>benigne</span> <span class='ocrx_word' id='word_1_70' title='bbox 1432 1680 1537 1753; x_wconf 92' lang='lat' dir='ltr'>eis</span> <span class='ocrx_word' id='word_1_71' title='bbox 1572 1677 2001 1753; x_wconf 81' lang='lat' dir='ltr'>conferimus</span> <span class='ocrx_word' id='word_1_72' title='bbox 2023 1676 2140 1773; x_wconf 81' lang='lat' dir='ltr'>jus</span> <span class='ocrx_word' id='word_1_73' title='bbox 2177 1677 2589 1753; x_wconf 87' lang='lat' dir='ltr'>nominandi</span> <span class='ocrx_word' id='word_1_74' title='bbox 2625 1698 2754 1753; x_wconf 87' lang='lat' dir='ltr'>seu</span> <span class='ocrx_word' id='word_1_75' title='bbox 2793 1698 3014 1773; x_wconf 88' lang='lat' dir='ltr'>prae-</span> 
     </span>
     <span class='ocr_line' id='line_1_12' title="bbox 878 1794 3020 1873; baseline -0.001 0"><span class='ocrx_word' id='word_1_76' title='bbox 878 1799 1204 1873; x_wconf 87' lang='lat' dir='ltr'>sentandi</span> <span class='ocrx_word' id='word_1_77' title='bbox 1260 1798 1476 1871; x_wconf 86' lang='lat' dir='ltr'>etiam</span> <span class='ocrx_word' id='word_1_78' title='bbox 1530 1796 1619 1870; x_wconf 88' lang='lat' dir='ltr'>ad</span> <span class='ocrx_word' id='word_1_79' title='bbox 1671 1816 1932 1871; x_wconf 84' lang='lat' dir='ltr'>novam</span> <span class='ocrx_word' id='word_1_80' title='bbox 1984 1794 2272 1869; x_wconf 85' lang='lat' dir='ltr'>insimul</span> <span class='ocrx_word' id='word_1_81' title='bbox 2323 1795 2784 1873; x_wconf 85' lang='lat' dir='ltr'>Barolensem</span> <span class='ocrx_word' id='word_1_82' title='bbox 2857 1794 3020 1871; x_wconf 85' lang='lat' dir='ltr'>Ec-</span> 
     </span>
     <span class='ocr_line' id='line_1_13' title="bbox 874 1910 3014 2012; baseline 0 -21"><span class='ocrx_word' id='word_1_83' title='bbox 874 1916 1162 1991; x_wconf 87' lang='lat' dir='ltr'>clesiam</span> <span class='ocrx_word' id='word_1_84' title='bbox 1241 1912 1922 2012; x_wconf 87' lang='lat' dir='ltr'>Arcbiepiscopalem</span> <span class='ocrx_word' id='word_1_85' title='bbox 2001 1912 2306 1989; x_wconf 78' lang='lat' dir='ltr'>Sanctae</span> <span class='ocrx_word' id='word_1_86' title='bbox 2381 1910 2648 1989; x_wconf 84' lang='lat' dir='ltr'>Mariae</span> <span class='ocrx_word' id='word_1_87' title='bbox 2719 1912 3014 2011; x_wconf 77' lang='lat' dir='ltr'>Maioris</span> 
     </span>
     <span class='ocr_line' id='line_1_14' title="bbox 874 2030 3018 2131; baseline -0 -22"><span class='ocrx_word' id='word_1_88' title='bbox 874 2034 948 2109; x_wconf 91' lang='lat' dir='ltr'>in</span> <span class='ocrx_word' id='word_1_89' title='bbox 998 2032 1307 2130; x_wconf 87' lang='lat' dir='ltr'>posteris</span> <span class='ocrx_word' id='word_1_90' title='bbox 1366 2032 1764 2131; x_wconf 84' lang='lat' dir='ltr'>quibusque</span> <span class='ocrx_word' id='word_1_91' title='bbox 1817 2030 2300 2107; x_wconf 84' lang='lat' dir='ltr'>vacationibus</span> <span class='ocrx_word' id='word_1_92' title='bbox 2350 2031 2682 2107; x_wconf 86' lang='lat' dir='ltr'>idoneum</span> <span class='ocrx_word' id='word_1_93' title='bbox 2725 2048 3018 2127; x_wconf 85' lang='lat' dir='ltr'>specta-</span> 
     </span>
     <span class='ocr_line' id='line_1_15' title="bbox 876 2146 3014 2247; baseline 0 -22"><span class='ocrx_word' id='word_1_94' title='bbox 876 2162 1183 2247; x_wconf 87' lang='lat' dir='ltr'>tumque</span> <span class='ocrx_word' id='word_1_95' title='bbox 1238 2151 1500 2237; x_wconf 87' lang='lat' dir='ltr'>virum,</span> <span class='ocrx_word' id='word_1_96' title='bbox 1540 2151 1665 2247; x_wconf 88' lang='lat' dir='ltr'>qui</span> <span class='ocrx_word' id='word_1_97' title='bbox 1702 2149 1932 2226; x_wconf 90' lang='lat' dir='ltr'>eidem</span> <span class='ocrx_word' id='word_1_98' title='bbox 1967 2148 2210 2223; x_wconf 89' lang='lat' dir='ltr'>unitae</span> <span class='ocrx_word' id='word_1_99' title='bbox 2247 2146 2612 2223; x_wconf 80' lang='lat' dir='ltr'>Bai-elensi</span> <span class='ocrx_word' id='word_1_100' title='bbox 2647 2147 3014 2227; x_wconf 75' lang='lat' dir='ltr'>Ecclesiae</span> 
     </span>
     <span class='ocr_line' id='line_1_16' title="bbox 873 2264 3018 2367; baseline 0.001 -26"><span class='ocrx_word' id='word_1_101' title='bbox 873 2270 1145 2364; x_wconf 80' lang='lat' dir='ltr'>praesit</span> <span class='ocrx_word' id='word_1_102' title='bbox 1194 2267 1607 2365; x_wconf 87' lang='lat' dir='ltr'>Apostolica</span> <span class='ocrx_word' id='word_1_103' title='bbox 1657 2267 1916 2343; x_wconf 89' lang='lat' dir='ltr'>Nostra</span> <span class='ocrx_word' id='word_1_104' title='bbox 1969 2264 2436 2355; x_wconf 85' lang='lat' dir='ltr'>Auctoritate,</span> <span class='ocrx_word' id='word_1_105' title='bbox 2468 2267 2908 2367; x_wconf 86' lang='lat' dir='ltr'>palliumque</span> <span class='ocrx_word' id='word_1_106' title='bbox 2971 2292 3018 2343; x_wconf 89' lang='lat' dir='ltr'>a</span> 
     </span>
     <span class='ocr_line' id='line_1_17' title="bbox 876 2383 3018 2463; baseline 0 -2"><span class='ocrx_word' id='word_1_107' title='bbox 876 2383 1093 2461; x_wconf 86' lang='lat' dir='ltr'>Nobis</span> <span class='ocrx_word' id='word_1_108' title='bbox 1145 2386 1258 2459; x_wconf 86' lang='lat' dir='ltr'>vel</span> <span class='ocrx_word' id='word_1_109' title='bbox 1308 2410 1351 2459; x_wconf 91' lang='lat' dir='ltr'>a</span> <span class='ocrx_word' id='word_1_110' title='bbox 1386 2385 1932 2463; x_wconf 74' lang='lat' dir='ltr'>suecessoribus</span> <span class='ocrx_word' id='word_1_111' title='bbox 1983 2384 2264 2463; x_wconf 78' lang='lat' dir='ltr'>Nostris</span> <span class='ocrx_word' id='word_1_112' title='bbox 2317 2385 2392 2457; x_wconf 89' lang='lat' dir='ltr'>in</span> <span class='ocrx_word' id='word_1_113' title='bbox 2443 2385 2890 2463; x_wconf 84' lang='lat' dir='ltr'>Consistorio</span> <span class='ocrx_word' id='word_1_114' title='bbox 2925 2388 3018 2461; x_wconf 89' lang='lat' dir='ltr'>de</span> 
     </span>
     <span class='ocr_line' id='line_1_18' title="bbox 876 2504 3018 2603; baseline -0.002 -20"><span class='ocrx_word' id='word_1_115' title='bbox 876 2526 1077 2583; x_wconf 84' lang='lat' dir='ltr'>more</span> <span class='ocrx_word' id='word_1_116' title='bbox 1132 2505 1649 2582; x_wconf 83' lang='lat' dir='ltr'>instantissime</span> <span class='ocrx_word' id='word_1_117' title='bbox 1702 2504 2039 2602; x_wconf 86' lang='lat' dir='ltr'>postulet,</span> <span class='ocrx_word' id='word_1_118' title='bbox 2069 2508 2370 2579; x_wconf 86' lang='lat' dir='ltr'>servatis</span> <span class='ocrx_word' id='word_1_119' title='bbox 2407 2507 2822 2603; x_wconf 81' lang='lat' dir='ltr'>ceteroquin</span> <span class='ocrx_word' id='word_1_120' title='bbox 2855 2528 3018 2581; x_wconf 86' lang='lat' dir='ltr'>ser-</span> 
     </span>
     <span class='ocr_line' id='line_1_19' title="bbox 878 2620 3014 2720; baseline 0 -21"><span class='ocrx_word' id='word_1_121' title='bbox 878 2623 1157 2711; x_wconf 83' lang='lat' dir='ltr'>vandis,</span> <span class='ocrx_word' id='word_1_122' title='bbox 1186 2622 1643 2720; x_wconf 81' lang='lat' dir='ltr'>exceptisque</span> <span class='ocrx_word' id='word_1_123' title='bbox 1689 2620 1966 2697; x_wconf 80' lang='lat' dir='ltr'>casibus</span> <span class='ocrx_word' id='word_1_124' title='bbox 2017 2623 2466 2697; x_wconf 85' lang='lat' dir='ltr'>vacationum</span> <span class='ocrx_word' id='word_1_125' title='bbox 2503 2623 2810 2699; x_wconf 77' lang='lat' dir='ltr'>Sanctae</span> <span class='ocrx_word' id='word_1_126' title='bbox 2844 2624 3014 2699; x_wconf 84' lang='lat' dir='ltr'>huie</span> 
     </span>
     <span class='ocr_line' id='line_1_20' title="bbox 879 2740 3012 2842; baseline -0.002 -21"><span class='ocrx_word' id='word_1_127' title='bbox 879 2742 1045 2821; x_wconf 75' lang='lat' dir='ltr'>Sodi</span> <span class='ocrx_word' id='word_1_128' title='bbox 1099 2740 1541 2841; x_wconf 83' lang='lat' dir='ltr'>Apostolicae</span> <span class='ocrx_word' id='word_1_129' title='bbox 1618 2740 1990 2842; x_wconf 80' lang='lat' dir='ltr'>speciatim</span> <span class='ocrx_word' id='word_1_130' title='bbox 2061 2762 2152 2813; x_wconf 87' lang='lat' dir='ltr'>ex</span> <span class='ocrx_word' id='word_1_131' title='bbox 2201 2762 2404 2817; x_wconf 87' lang='lat' dir='ltr'>sacro</span> <span class='ocrx_word' id='word_1_132' title='bbox 2473 2740 2634 2837; x_wconf 82' lang='lat' dir='ltr'>jure</span> <span class='ocrx_word' id='word_1_133' title='bbox 2689 2740 3012 2830; x_wconf 85' lang='lat' dir='ltr'>tributis,</span> 
     </span>
     <span class='ocr_line' id='line_1_21' title="bbox 881 2855 3018 2957; baseline -0.002 -20"><span class='ocrx_word' id='word_1_134' title='bbox 881 2882 1009 2957; x_wconf 82' lang='lat' dir='ltr'>pro</span> <span class='ocrx_word' id='word_1_135' title='bbox 1044 2869 1239 2933; x_wconf 85' lang='lat' dir='ltr'>certo</span> <span class='ocrx_word' id='word_1_136' title='bbox 1280 2859 1471 2935; x_wconf 89' lang='lat' dir='ltr'>enim</span> <span class='ocrx_word' id='word_1_137' title='bbox 1508 2855 1851 2932; x_wconf 89' lang='lat' dir='ltr'>habemus</span> <span class='ocrx_word' id='word_1_138' title='bbox 1887 2857 2212 2953; x_wconf 83' lang='lat' dir='ltr'>superius</span> <span class='ocrx_word' id='word_1_139' title='bbox 2239 2858 2686 2935; x_wconf 86' lang='lat' dir='ltr'>recordatum</span> <span class='ocrx_word' id='word_1_140' title='bbox 2737 2858 3018 2933; x_wconf 82' lang='lat' dir='ltr'>utrius·-</span> 
     </span>
     <span class='ocr_line' id='line_1_22' title="bbox 878 2975 3012 3079; baseline -0.003 -24"><span class='ocrx_word' id='word_1_141' title='bbox 878 3002 1017 3079; x_wconf 91' lang='lat' dir='ltr'>que</span> <span class='ocrx_word' id='word_1_142' title='bbox 1067 2976 1343 3053; x_wconf 79' lang='lat' dir='ltr'>Siciliae</span> <span class='ocrx_word' id='word_1_143' title='bbox 1398 2976 1680 3073; x_wconf 76' lang='lat' dir='ltr'>Regem</span> <span class='ocrx_word' id='word_1_144' title='bbox 1715 2998 1844 3071; x_wconf 86' lang='lat' dir='ltr'>pro</span> <span class='ocrx_word' id='word_1_145' title='bbox 1877 2996 1988 3063; x_wconf 90' lang='lat' dir='ltr'>ea,</span> <span class='ocrx_word' id='word_1_146' title='bbox 2019 2998 2157 3073; x_wconf 88' lang='lat' dir='ltr'>qua</span> <span class='ocrx_word' id='word_1_147' title='bbox 2193 2976 2419 3071; x_wconf 88' lang='lat' dir='ltr'>pollet</span> <span class='ocrx_word' id='word_1_148' title='bbox 2453 2975 2720 3071; x_wconf 87' lang='lat' dir='ltr'>pietate</span> <span class='ocrx_word' id='word_1_149' title='bbox 2757 2987 2836 3049; x_wconf 92' lang='lat' dir='ltr'>et</span> <span class='ocrx_word' id='word_1_150' title='bbox 2873 2976 3012 3049; x_wconf 74' lang='lat' dir='ltr'>vir-</span> 
     </span>
     <span class='ocr_line' id='line_1_23' title="bbox 879 3094 3010 3193; baseline -0.001 -18"><span class='ocrx_word' id='word_1_151' title='bbox 879 3109 1063 3185; x_wconf 87' lang='lat' dir='ltr'>tute,</span> <span class='ocrx_word' id='word_1_152' title='bbox 1101 3096 1255 3171; x_wconf 85' lang='lat' dir='ltr'>iilos</span> <span class='ocrx_word' id='word_1_153' title='bbox 1308 3116 1595 3191; x_wconf 83' lang='lat' dir='ltr'>semper</span> <span class='ocrx_word' id='word_1_154' title='bbox 1652 3117 1812 3173; x_wconf 78' lang='lat' dir='ltr'>esse</span> <span class='ocrx_word' id='word_1_155' title='bbox 1865 3094 2257 3193; x_wconf 85' lang='lat' dir='ltr'>Episcopos</span> <span class='ocrx_word' id='word_1_156' title='bbox 2310 3094 2848 3173; x_wconf 70' lang='lat' dir='ltr'>nominatus-um</span> <span class='ocrx_word' id='word_1_157' title='bbox 2885 3094 3010 3193; x_wconf 84' lang='lat' dir='ltr'>qui</span> 
     </span>
     <span class='ocr_line' id='line_1_24' title="bbox 878 3214 2994 3311; baseline -0.002 -16"><span class='ocrx_word' id='word_1_158' title='bbox 878 3214 1249 3295; x_wconf 86' lang='lat' dir='ltr'>Dominieo</span> <span class='ocrx_word' id='word_1_159' title='bbox 1304 3214 1499 3311; x_wconf 74' lang='lat' dir='ltr'>gregi</span> <span class='ocrx_word' id='word_1_160' title='bbox 1552 3214 1866 3309; x_wconf 79' lang='lat' dir='ltr'>regendo</span> <span class='ocrx_word' id='word_1_161' title='bbox 1901 3214 2212 3309; x_wconf 76' lang='lat' dir='ltr'>aptiores</span> <span class='ocrx_word' id='word_1_162' title='bbox 2246 3236 2408 3289; x_wconf 89' lang='lat' dir='ltr'>esse</span> <span class='ocrx_word' id='word_1_163' title='bbox 2455 3214 2994 3310; x_wconf 77' lang='lat' dir='ltr'>dignoscentur.</span> 
     </span>
    </p>

    <p class='ocr_par' dir='ltr' id='par_1_4' title="bbox 877 3331 3012 4377">
     <span class='ocr_line' id='line_1_25' title="bbox 1038 3331 3012 3431; baseline 0.003 -28"><span class='ocrx_word' id='word_1_164' title='bbox 1038 3331 1275 3405; x_wconf 90' lang='lat' dir='ltr'>Rebus</span> <span class='ocrx_word' id='word_1_165' title='bbox 1302 3332 1403 3403; x_wconf 90' lang='lat' dir='ltr'>ita</span> <span class='ocrx_word' id='word_1_166' title='bbox 1429 3332 1880 3426; x_wconf 87' lang='lat' dir='ltr'>compositis,</span> <span class='ocrx_word' id='word_1_167' title='bbox 1913 3341 1994 3405; x_wconf 90' lang='lat' dir='ltr'>ut</span> <span class='ocrx_word' id='word_1_168' title='bbox 2031 3331 2478 3409; x_wconf 81' lang='lat' dir='ltr'>dissidiorum</span> <span class='ocrx_word' id='word_1_169' title='bbox 2511 3354 3012 3431; x_wconf 84' lang='lat' dir='ltr'>quaecumque</span> 
     </span>
     <span class='ocr_line' id='line_1_26' title="bbox 882 3446 3008 3545; baseline -0.001 -18"><span class='ocrx_word' id='word_1_170' title='bbox 882 3447 1296 3527; x_wconf 80' lang='lat' dir='ltr'>offendicula</span> <span class='ocrx_word' id='word_1_171' title='bbox 1348 3460 1928 3545; x_wconf 80' lang='lat' dir='ltr'>praecaveantur,</span> <span class='ocrx_word' id='word_1_172' title='bbox 1987 3448 2366 3545; x_wconf 89' lang='lat' dir='ltr'>omniaque</span> <span class='ocrx_word' id='word_1_173' title='bbox 2417 3448 2490 3521; x_wconf 88' lang='lat' dir='ltr'>in</span> <span class='ocrx_word' id='word_1_174' title='bbox 2531 3446 2660 3523; x_wconf 89' lang='lat' dir='ltr'>Dei</span> <span class='ocrx_word' id='word_1_175' title='bbox 2711 3448 3008 3525; x_wconf 88' lang='lat' dir='ltr'>benedi-</span> 
     </span>
     <span class='ocr_line' id='line_1_27' title="bbox 878 3566 3012 3661; baseline 0.002 -20"><span class='ocrx_word' id='word_1_176' title='bbox 878 3567 1111 3645; x_wconf 87' lang='lat' dir='ltr'>ctione</span> <span class='ocrx_word' id='word_1_177' title='bbox 1138 3566 1551 3661; x_wconf 83' lang='lat' dir='ltr'>procedant,</span> <span class='ocrx_word' id='word_1_178' title='bbox 1580 3566 2028 3651; x_wconf 73' lang='lat' dir='ltr'>mandamuS,</span> <span class='ocrx_word' id='word_1_179' title='bbox 2061 3577 2140 3643; x_wconf 90' lang='lat' dir='ltr'>ut</span> <span class='ocrx_word' id='word_1_180' title='bbox 2163 3588 2286 3642; x_wconf 84' lang='lat' dir='ltr'>eas</span> <span class='ocrx_word' id='word_1_181' title='bbox 2308 3566 2497 3639; x_wconf 87' lang='lat' dir='ltr'>inter</span> <span class='ocrx_word' id='word_1_182' title='bbox 2521 3566 2837 3643; x_wconf 85' lang='lat' dir='ltr'>minores</span> <span class='ocrx_word' id='word_1_183' title='bbox 2867 3566 3012 3645; x_wconf 83' lang='lat' dir='ltr'>Ba-</span> 
     </span>
     <span class='ocr_line' id='line_1_28' title="bbox 878 3681 3004 3782; baseline -0.001 -21"><span class='ocrx_word' id='word_1_184' title='bbox 878 3685 1009 3761; x_wconf 86' lang='lat' dir='ltr'>roli</span> <span class='ocrx_word' id='word_1_185' title='bbox 1060 3683 1411 3761; x_wconf 87' lang='lat' dir='ltr'>Ecclesias</span> <span class='ocrx_word' id='word_1_186' title='bbox 1464 3681 1704 3757; x_wconf 87' lang='lat' dir='ltr'>omnia</span> <span class='ocrx_word' id='word_1_187' title='bbox 1753 3682 1826 3756; x_wconf 90' lang='lat' dir='ltr'>in</span> <span class='ocrx_word' id='word_1_188' title='bbox 1879 3683 2396 3779; x_wconf 83' lang='lat' dir='ltr'>pulchritudine</span> <span class='ocrx_word' id='word_1_189' title='bbox 2431 3684 2624 3779; x_wconf 83' lang='lat' dir='ltr'>pacis</span> <span class='ocrx_word' id='word_1_190' title='bbox 2661 3698 3004 3782; x_wconf 78' lang='lat' dir='ltr'>gerantur</span> 
     </span>
     <span class='ocr_line' id='line_1_29' title="bbox 881 3798 3004 3901; baseline 0.001 -25"><span class='ocrx_word' id='word_1_191' title='bbox 881 3817 955 3877; x_wconf 89' lang='lat' dir='ltr'>et</span> <span class='ocrx_word' id='word_1_192' title='bbox 1032 3802 1317 3899; x_wconf 86' lang='lat' dir='ltr'>penitus</span> <span class='ocrx_word' id='word_1_193' title='bbox 1394 3798 1684 3877; x_wconf 88' lang='lat' dir='ltr'>stabiles</span> <span class='ocrx_word' id='word_1_194' title='bbox 1732 3800 2120 3901; x_wconf 86' lang='lat' dir='ltr'>firmaeque</span> <span class='ocrx_word' id='word_1_195' title='bbox 2179 3813 2600 3880; x_wconf 79' lang='lat' dir='ltr'>remaneant</span> <span class='ocrx_word' id='word_1_196' title='bbox 2650 3814 3004 3901; x_wconf 84' lang='lat' dir='ltr'>perpetuo</span> 
     </span>
     <span class='ocr_line' id='line_1_30' title="bbox 878 3917 3004 4018; baseline 0.002 -23"><span class='ocrx_word' id='word_1_197' title='bbox 878 3920 1035 3997; x_wconf 87' lang='lat' dir='ltr'>illae</span> <span class='ocrx_word' id='word_1_198' title='bbox 1084 3942 1335 3995; x_wconf 87' lang='lat' dir='ltr'>omnes</span> <span class='ocrx_word' id='word_1_199' title='bbox 1387 3942 1471 3995; x_wconf 88' lang='lat' dir='ltr'>ac</span> <span class='ocrx_word' id='word_1_200' title='bbox 1520 3917 1838 4013; x_wconf 78' lang='lat' dir='ltr'>singulae</span> <span class='ocrx_word' id='word_1_201' title='bbox 1897 3918 2452 4018; x_wconf 83' lang='lat' dir='ltr'>qualescumque</span> <span class='ocrx_word' id='word_1_202' title='bbox 2520 3918 3004 4018; x_wconf 83' lang='lat' dir='ltr'>subjectiones</span> 
     </span>
     <span class='ocr_line' id='line_1_31' title="bbox 880 4038 3012 4139; baseline 0.003 -26"><span class='ocrx_word' id='word_1_203' title='bbox 880 4050 957 4113; x_wconf 86' lang='lat' dir='ltr'>et</span> <span class='ocrx_word' id='word_1_204' title='bbox 1006 4038 1493 4136; x_wconf 75' lang='lat' dir='ltr'>obligationes,</span> <span class='ocrx_word' id='word_1_205' title='bbox 1549 4058 1734 4139; x_wconf 89' lang='lat' dir='ltr'>quae</span> <span class='ocrx_word' id='word_1_206' title='bbox 1783 4040 1966 4115; x_wconf 87' lang='lat' dir='ltr'>duae</span> <span class='ocrx_word' id='word_1_207' title='bbox 2018 4042 2444 4137; x_wconf 87' lang='lat' dir='ltr'>praesertim</span> <span class='ocrx_word' id='word_1_208' title='bbox 2505 4041 2772 4121; x_wconf 84' lang='lat' dir='ltr'>alterae</span> <span class='ocrx_word' id='word_1_209' title='bbox 2841 4044 3012 4121; x_wconf 83' lang='lat' dir='ltr'>Col-</span> 
     </span>
     <span class='ocr_line' id='line_1_32' title="bbox 880 4156 3008 4255; baseline 0.004 -22"><span class='ocrx_word' id='word_1_210' title='bbox 880 4156 1179 4253; x_wconf 75' lang='lat' dir='ltr'>legistae</span> <span class='ocrx_word' id='word_1_211' title='bbox 1230 4156 1585 4235; x_wconf 83' lang='lat' dir='ltr'>Ecclesiae</span> <span class='ocrx_word' id='word_1_212' title='bbox 1636 4170 1714 4232; x_wconf 90' lang='lat' dir='ltr'>et</span> <span class='ocrx_word' id='word_1_213' title='bbox 1763 4156 2086 4255; x_wconf 89' lang='lat' dir='ltr'>Capitula</span> <span class='ocrx_word' id='word_1_214' title='bbox 2137 4159 2376 4233; x_wconf 87' lang='lat' dir='ltr'>Sancti</span> <span class='ocrx_word' id='word_1_215' title='bbox 2427 4158 2674 4237; x_wconf 85' lang='lat' dir='ltr'>Jacobi</span> <span class='ocrx_word' id='word_1_216' title='bbox 2717 4173 2796 4238; x_wconf 89' lang='lat' dir='ltr'>et</span> <span class='ocrx_word' id='word_1_217' title='bbox 2831 4163 3008 4241; x_wconf 83' lang='lat' dir='ltr'>Sau-</span> 
     </span>
     <span class='ocr_line' id='line_1_33' title="bbox 877 4270 2534 4377; baseline -0.002 -25"><span class='ocrx_word' id='word_1_218' title='bbox 877 4271 975 4352; x_wconf 78' lang='lat' dir='ltr'>cti</span> <span class='ocrx_word' id='word_1_219' title='bbox 1030 4270 1397 4373; x_wconf 84' lang='lat' dir='ltr'>Sepulchri</span> <span class='ocrx_word' id='word_1_220' title='bbox 1454 4298 1682 4377; x_wconf 87' lang='lat' dir='ltr'>usque</span> <span class='ocrx_word' id='word_1_221' title='bbox 1736 4275 1966 4351; x_wconf 89' lang='lat' dir='ltr'>adhuc</span> <span class='ocrx_word' id='word_1_222' title='bbox 2001 4275 2534 4377; x_wconf 84' lang='lat' dir='ltr'>praestiterunt.</span> 
     </span>
    </p>
   </div>
   <div class='ocr_carea' id='block_1_3' title="bbox 3292 2969 3296 3621">
    <p class='ocr_par' dir='ltr' id='par_1_5' title="bbox 3292 2969 3296 3621">
     <span class='ocr_line' id='line_1_34' title="bbox 3292 2969 3296 3621; baseline 0 0"><span class='ocrx_word' id='word_1_223' title='bbox 3292 2969 3296 3621; x_wconf 95' lang='lat' dir='ltr'> </span> 
     </span>
    </p>
   </div>
  </div>
 </body>
</html>
