3317 5267
902 503 1110 692 723⁰!-
1151 604 1496 674 manifestat
1537 605 1823 668 maximas
1864 607 2019 667 inter
2060 599 2483 666 amaritudines
2506 615 2625 664 non
2658 617 2864 684 parum

981 705 1182 789 gaudii
1222 703 1562 787 percepisse
1601 721 1675 769 ex
1722 703 2151 788 Episcoporum
2176 709 2239 764 et
2271 700 2529 765 fidelium
2564 719 2765 766 amore
2805 711 2867 766 et

981 806 1180 874 studio
1221 805 1282 870 in
1323 803 1710 870 defendendis
1750 805 1811 870 S.
1844 803 2013 870 Sedis
2054 803 2299 878 iuribus,
2328 820 2545 867 novam
2569 821 2715 868 vero
2749 805 2863 866 tri·-

981 905 1180 971 stitiae
1219 921 1457 968 causam
1499 903 1819 968 accessisse
1846 921 1921 968 ex
1950 921 2234 985 responso
2264 901 2697 967 Parisiensibus
2728 903 2864 968 Gu-

988 1005 1178 1071 bernii
1229 1001 1706 1087 ephemeridibus
1761 1001 2003 1084 vulgato
2066 1001 2364 1068 Gallorum
2428 1001 2813 1083 Imperatoris
2844 1053 2861 1078 ‚

983 1123 1159 1190 quem
1201 1111 1532 1186 rogaverat,
1585 1113 1651 1170 ut
1694 1103 1753 1167 in
1794 1101 2107 1166 Conventu
2146 1100 2465 1166 Parisiensi
2498 1100 2871 1166 validissimo

987 1222 1095 1270 suo
1133 1201 1462 1287 patrocinio
1522 1201 1675 1268 tueri
1737 1200 1923 1266 vellet
1980 1200 2269 1282 integram
2334 1209 2395 1264 et
2459 1199 2866 1264 inviolabilem

986 1307 1047 1372 S.
1094 1305 1264 1370 Sedis
1304 1303 1611 1380 ditionem,
1661 1301 1937 1386 illamque
1978 1317 2011 1365 a
2053 1301 2277 1366 nefaria
2346 1299 2673 1366 rebellione
2734 1301 2871 1366 vin-

989 1404 1214 1468 dicare.
1281 1401 1442 1466 Haec
1502 1401 1842 1484 significans
1884 1391 2151 1483 paratum
2214 1419 2281 1465 se
2336 1401 2601 1466 ostendit
2662 1419 2871 1484 aspera

989 1519 1260 1588 quaeque
1285 1501 1537 1585 perpeti,
1561 1509 1875 1585 antequam
1904 1501 2033 1576 Dei,
2050 1500 2351 1566 Ecclesiae
2365 1508 2426 1564 et
2451 1499 2711 1565 iustitiae
2728 1519 2871 1566 eau-

989 1615 1114 1663 sam
1157 1598 1570 1664 deserat..
2474 1645 2489 1658 .
2657 1647 2671 1661 .
2836 1621 2867 1658 1»
2912 1598 3035 1662 129

807 1725 814 1734 ·
915 1697 1174 1764 Litterae
1215 1694 1658 1780 apostolicae·
1700 1693 1847 1759 Cum
1886 1693 2189 1758 catholica
2228 1693 2589 1758 Ecclesia-
2616 1697 2694 1759 26
2718 1712 2873 1759 mar-

997 1794 1087 1871 tii,
1135 1793 1346 1876 quibus
1401 1791 1640 1857 maioris
1711 1789 2351 1856 Excommunicationis
2410 1807 2600 1872 poena
2660 1789 2873 1872 infligi-

995 1902 1090 1958 tur
1132 1891 1503 1958 invasoribus
1543 1901 1603 1956 et
1643 1891 2093 1975 usurpatoribus
2134 1889 2365 1972 aliquot
2430 1891 2870 1956 Provinciamm

995 1991 1336 2075 pontificiae
1375 1989 1758 2054 ditionis..
2108 2035 2125 2050 .
2292 2035 2307 2050 .
2475 2036 2492 2051 .
2659 2037 2675 2052 .
2840 2011 2871 2048 ιι
2918 1989 3043 2052 137

916 2092 1176 2158 Litterae
1213 2089 1593 2207 Apostolieae
1635 2089 1753 2154 sub
1798 2088 2037 2172 plumbo
2076 2123 2115 2138 -
2154 2087 2742 2172 Impar-scrutabili·
2794 2088 2875 2152 xl

995 2193 1129 2258 Kal.
1175 2191 1334 2256 maii.
1380 2189 1640 2274 Erigitur
1672 2189 2043 2255 Cathedralis
2084 2189 2350 2254 Ecclesia
2394 2189 2735 2256 verolensis
2775 2189 2875 2254 alii

997 2292 1334 2358 cathedrali
1375 2291 1667 2356 Tranensi
1726 2291 2029 2356 Ecclesiae
2066 2289 2349 2355 unienda.
2482 2337 2497 2350 .
2664 2339 2679 2353 .
2846 2313 2879 2349 ι
2920 2290 3053 2354 118

921 2391 1217 2457 Allocutio
1259 2390 1464 2456 habita
1489 2391 1546 2455 in
1575 2389 1941 2454 consistorio
1972 2396 2205 2454 secreto
2231 2389 2329 2454 die
2356 2391 2435 2454 13
2468 2391 2593 2455 iulii
2617 2427 2650 2440 -
2676 2389 2881 2456 Onni-

1004 2491 1112 2554 bus
1149 2497 1356 2556 notum
1391 2525 1432 2538 -
1475 2491 1761 2574 Deplorat
1800 2488 2129 2554 luctuosum
2196 2490 2503 2571 religionis
2552 2500 2769 2556 statum
2816 2491 2881 2553 in

1001 2589 1191 2663 ltalia,
1237 2598 1298 2654 et
1335 2605 1498 2653 nova
1538 2589 1789 2654 vulnera
1828 2591 1906 2662 ab
1946 2589 2247 2671 legitimae
2275 2593 2591 2673 potestatis
2618 2609 2885 2674 usurpa-

1001 2687 1226 2754 toribus
1266 2689 1640 2771 apostolicae
1708 2689 2089 2766 auctoritati,
2134 2690 2464 2756 catholicae
2526 2691 2827 2756 Ecclesiae
2858 2743 2878 2766 ,

1003 2789 1252 2870 eiusque
1277 2788 1466 2852 saeris
1505 2787 1796 2852 ministris
1836 2789 2054 2872 quavis
2099 2789 2391 2871 dignitate
2430 2789 2675 2864 ornatis,
2702 2791 2887 2856 rebus

1000 2905 1071 2953 ac
1113 2885 1339 2952 iuribus
1366 2886 1670 2952 Ecclesiae
1700 2905 1771 2951 ac
1798 2887 1861 2952 S.
1906 2887 2077 2951 Sedis
2100 2888 2285 2952 illata.
2314 2887 2664 2953 Huiusmodi
2688 2890 2885 2954 tristia

1005 2987 1158 3052 faeta
1199 2987 1338 3052 dum
1381 2987 1664 3070 reprobat
1704 3005 1775 3051 ac
1816 2987 2079 3063 damnat,
2124 2987 2393 3053 bortatur
2428 2999 2497 3052 ut
2548 2989 2887 3056 ardentiore

1001 3089 1198 3154 studio
1239 3105 1450 3172 preces
1487 3087 1614 3152 Deo
1655 3087 2069 3154 adhibeantur.
2116 3088 2435 3153 Profitetur
2472 3099 2669 3154 auten
2728 3091 2885 3172 grati

1003 3189 1182 3254 animi
1223 3205 1436 3253 sensus
1473 3186 1785 3271 Episcopis
1826 3195 1887 3252 et
1926 3187 2219 3264 fidelibus,
2264 3189 2365 3272 qui
2404 3190 2537 3255 eius
2576 3193 2885 3274 angustias

1007 3283 1198 3348 modis
1237 3283 1512 3348 omnibus
1547 3283 1867 3348 sublevare
1903 3301 2025 3346 non
2064 3283 2366 3348 desinunt.
2482 3332 2500 3347 .
2666 3335 2685 3350 .
2852 3311 2885 3347 a
2928 3291 3071 3354 165

925 3379 1190 3464 Epistola
1233 3379 1310 3444 ad
1333 3377 1731 3444 Patriareham
1760 3378 2191 3448 Antiochenam
2218 3381 2669 3458 Uareniana,
2702 3385 2887 3448 alios-

1007 3498 1126 3564 que
1163 3489 1394 3560 septem
1433 3481 1496 3544 in
1537 3479 1667 3544 eius
1704 3480 2109 3561 patriarchatu
2130 3480 2461 3565 Episcopus
2488 3483 2645 3548 -Ba-
2663 3489 2893 3548 aunis

1011 3597 1276 3644 moerore
1335 3579 1532 3664 plenis
1591 3579 1823 3643 litteris
1848 3615 1892 3628 -
1920 3578 2021 3644 die
2058 3581 2139 3644 29
2174 3581 2327 3645 iulii.
2370 3583 2771 3666 Conqueritur
2808 3585 2889 3649 de

1011 3675 1280 3742 cladibus
1315 3693 1472 3759 quae
1513 3674 1584 3740 iis
1623 3677 1685 3738 in
1726 3675 2065 3756 regionib*
2104 3685 2463 3757 patrant-n
2504 3679 2751 3744 confidit
2788 3697 2891 3745 ar·

1011 3781 1204 3840 matas
1239 3790 1432 3838 nares
1473 3773 1895 3838 eatholicarnm
1936 3774 2245 3840 nationum
2274 3775 2463 3858 ipsius
2488 3779 2891 3842 exeita-ento

1011 3873 1086 3942 tis
1121 3881 1363 3956 praesto
1403 3872 1551 3948 sore,
1595 3881 1777 3955 atque
1818 3871 2054 3940 iuterim
2094 3873 2293 3957 aliqua
2332 3877 2625 3958 pecuniae
2658 3895 2891 3941 -a

1015 3991 1218 4038 eorum
1259 3971 1596 4040 infortuniis
1635 3973 1911 4037 levamen
1950 3971 2141 4036 affert.
2306 4024 2324 4039 .
2670 4023 2689 4039 .
2852 3999 2889 4036 ι
2936 3981 3085 4045 152

939 4071 1197 4140 Litterae
1237 4073 1679 4156 Apostolicae·
1647 4072 2223 4138 dns-’nonem
2248 4075 2662 4157 conficiam·-
2686 4075 2787 4140 die
2812 4077 2895 4140 ¹0

1017 4169 1342 4253 septembr.
1387 4171 1701 4236 Vincentio
1736 4169 2203 4254 archiepiscopo
2234 4173 2521 4238 Nisibeno
2546 4173 2897 4255 Praeposu-

1017 4287 1344 4348 utrumn,
1411 4289 1520 4338 seu
1557 4271 1887 4355 capellano
1926 4270 2145 4338 maiori
2184 4272 2249 4336 in
2298 4273 2627 4338 Pontifleiis
2678 4273 2895 4350 ωμῑς.
