3317 5267
838 420 977 488 ¹54

828 536 1216 609 sessionem
1292 534 1700 607 canonicam
1751 535 1824 605 in
1881 534 2223 609 Tranensi
2284 548 2498 633 atque
2586 536 2970 611 Barolensi

823 651 1157 726 Ecclesiis
1208 651 1522 755 accipere
1572 665 1948 727 teneantur
1996 677 2128 750 pro
2181 677 2310 727 sua
2359 655 2791 729 conscientia
2893 666 2980 729 et

828 771 1163 868 prudenti
1196 769 1517 858 arbitrio,
1550 774 1784 847 minus
1813 774 2224 871 diutiusque
2249 774 2570 871 quolibet
2593 776 2759 847 anni
2789 785 3002 848 tem-

830 912 1001 987 pore
1054 892 1127 962 in
1164 889 1505 964 alterutra
1550 914 1639 963 ex
1679 888 2016 986 praefatis
2062 890 2784 990 Archiepiscopalibus
2816 892 2984 968 Ec-

830 1009 1061 1084 clesiis
1114 1022 1188 1083 et
1242 1007 1692 1084 Dioecesibus
1743 1010 2008 1107 degant
2059 1022 2272 1109 atque
2323 1012 2718 1098 resideant,
2757 1023 2984 1086 utro-

829 1126 1044 1225 bique
1094 1150 1225 1223 pro
1276 1150 1405 1201 suo
1441 1126 1646 1200 libitu
1683 1138 1758 1199 et
1793 1128 2326 1224 opportunitate
2365 1151 2566 1202 sacra
2591 1126 2761 1202 Olea
2787 1152 2984 1203 con—-

836 1245 1103 1332 flciant,
1142 1266 1413 1319 sacram
1449 1244 1936 1318 visitationem
1973 1244 2311 1319 inchoent
2347 1257 2560 1343 atque
2595 1246 2976 1342 expleant,

831 1362 1179 1460 synodum
1234 1374 1912 1449 convocent‚omnes
1948 1362 2240 1436 demum
2287 1362 2644 1459 quoslibet
2681 1360 2982 1437 Archio-

830 1479 1219 1577 piscopales
1272 1490 1471 1553 actus
1506 1502 1633 1554 seu
1691 1478 2093 1556 functiones
2131 1479 2594 1579 (quamquam
2671 1482 2966 1581 utrique

832 1596 1233 1671 antedictae
1286 1592 1604 1670 Dioecesi
1656 1595 2102 1695 communes)
2159 1596 2432 1671 edicere
2470 1597 2581 1672 vel
2633 1598 2976 1674 celebra—

836 1738 913 1787 re
964 1722 1257 1811 queant.

994 1833 1087 1907 Ut
1138 1842 1379 1906 autem
1436 1830 1832 1909 Barolensis
1885 1834 2199 1910 Ecclesia
2253 1837 2340 1911 ad
2381 1836 2978 1961 Archiepiscopa-

836 1952 976 2026 lem
1032 1949 1468 2048 Dignitatem
1521 1952 1623 2025 sic
1673 1964 1923 2026 evecta
1976 1966 2186 2041 suum
2238 1954 2500 2027 habeat
2535 1977 2804 2031 novum
2853 1960 2980 2030 in·-

837 2069 1246 2165 signiusque
1274 2066 1680 2165 Capitulum
1711 2070 2322 2207 Archiepiscopale
2347 2070 2652 2147 Sanctae
2691 2072 2962 2149 Mariae

838 2188 1123 2283 Maioris
1176 2186 1577 2263 Barolensis
1613 2166 2194 2285 nuncupandum,
2239 2190 2400 2263 hinc
2432 2192 2624 2265 idem
2671 2190 2977 2289 Capitu-

831 2308 987 2380 lum
1026 2306 1385 2381 constabit
1428 2330 1519 2380 ex
1556 2316 1862 2402 quatuor
1893 2306 2698 2403 dignitatibuS,quarum
2733 2309 2978 2407 prima

836 2426 977 2500 erit
1032 2422 1637 2521 Archipresbyter‚
1671 2424 1892 2498 altera
1935 2423 2512 2515 Archidiac'onus,
2557 2428 2768 2500 tertia
2807 2426 2974 2501 Pri-

840 2542 1173 2616 micerius
1208 2554 1285 2615 et
1318 2552 1570 2638 quarta
1596 2542 2132 2631 Thesaurarius,
2172 2566 2302 2618 nec
2337 2566 2482 2619 non
2520 2544 2770 2640 viginti
2827 2542 2974 2617 Ca·—

840 2657 1315 2746 nonicatibuS,
1370 2659 1557 2731 inter
1633 2681 1812 2756 quos
1873 2656 2021 2732 bini
2075 2660 2468 2756 specialiter
2519 2660 2974 2733 destinentur

833 2776 1043 2873 juxta
1092 2776 1273 2850 sacri
1349 2772 1641 2849 Concilii
1720 2776 2114 2851 Tridentini
2191 2774 2558 2851 decretum
2612 2784 2716 2849 et.
2767 2773 2968 2872 Apo—

838 2891 1137 2967 stolicas
1187 2893 1461 2967 litteras
1512 2892 1644 2969 sub
1697 2891 1996 2969 Plumbo
2033 2916 2075 2965 a
2112 2891 2658 2975 Pmedecsssore
2705 2890 2972 2968 Nostro

839 3010 1223 3087 Benedicto
1254 3007 1762 3085 Decimotertio
1791 3010 2025 3099 datae,
2055 3032 2240 3107 quae
2273 3010 2620 3108 incipiunt
2657 3036 2690 3079 α
2712 3008 2974 3084 Pasto—

835 3130 1003 3205 ralis
1055 3129 1323 3204 Officii»
1358 3151 1493 3225 pro
1530 3128 1938 3227 Theologali
1996 3152 2255 3226 nempe
2309 3152 2522 3217 unm,
2559 3127 2740 3202 alter
2793 3150 2972 3203 vero

839 3272 971 3347 pro
1024 3247 1567 3323 Poenitentiarii
1606 3246 2018 3322 muneribus
2059 3247 2400 3323 obeundis
2435 3270 2600 3323 cum
2635 3248 2972 3343 congruis

838 3364 1233 3443 honoribus
1284 3377 1361 3439 et
1412 3362 1746 3441 oneribus
1797 3362 2196 3462 ceterisque
2251 3364 2575 3451 adnexis,
2631 3386 2799 3438 cum
2837 3386 2972 3437 an·—

842 3484 1035 3559 nuali
1072 3484 1361 3581 insuper
1387 3494 1775 3581 augmento
1805 3506 1936 3580 pro
1963 3482 2256 3580 singulis
2292 3504 2540 3557 eorum
2569 3479 2972 3558 Canonica-

844 3600 1033 3677 libus
1064 3600 1493 3676 praebendis
1522 3597 1961 3674 Ducatorum
1993 3598 2552 3697 vigintiquatuor
2577 3598 2767 3673 illius
2803 3620 2969 3673 mo-

846 3732 1059 3795 netae
1114 3744 1155 3793 a
1216 3716 1601 3815 Capitulari
1653 3714 1885 3791 Massa
1947 3716 2434 3813 rependendis.
2493 3712 2625 3791 Cui
2677 3716 2969 3814 quidem

854 3836 1175 3935 Capitulo
1230 3834 1629 3910 Cathedrali
1682 3834 1786 3909 sic
1837 3834 2226 3915 constituto
2275 3833 2648 3909 duodecim
2687 3830 2968 3907 Benefi-

864 3955 1057 4027 ciarii
1106 3964 1303 4029 certo
1330 3950 1718 4059 stabilique,
1741 3952 1952 4028 modo
1987 3950 2475 4047 adjungentur.
2527 3948 2971 4025 Confirman-

860 4084 967 4145 tes
1018 4092 1205 4144 nunc
1257 4091 1387 4166 pro
1438 4080 1611 4143 tunc
1669 4069 1906 4144 omnia
1956 4080 2031 4141 et
2083 4067 2360 4165 singula
2421 4066 2722 4143 actualia
2781 4064 2972 4141 bona

850 4188 918 4261 in
975 4188 1412 4262 dotationem
1472 4184 2094 4285 Archiepiscopalis
2127 4184 2619 4291 huiuscemodi
2663 4180 2968 4280 Capituli
