3317 5267
880 440 1035 627 ³¹38
1047 515 1377 648 prudenti
1428 546 1684 621 iudicio
1735 545 1826 618 ab
1883 542 2296 642 Apostolico
2347 544 2764 622 Nostrarum
2845 546 3026 623 Lit-

880 682 1195 745 terarum
1248 664 1706 764 Exequntore
1733 686 1902 738 mox
1933 664 2394 761 designando.
2431 661 2836 761 Capitulum
2893 680 3028 742 ta-

880 810 1047 860 men
1082 786 1343 883 ipsum,
1379 784 1586 880 juxta
1638 782 2016 857 Sacrorum
2069 778 2448 855 Canonum
2503 784 3024 882 praescriptio-

882 904 1468 1001 nes,peeuliarem
1506 903 1639 977 sibi
1676 924 1983 977 massam
2012 898 2400 975 constituet
2425 922 2516 973 ex
2545 902 2754 975 tertia
2783 900 3026 978 Prae-

880 1022 1267 1097 bendarum
1323 1031 1524 1116 parte
1576 1043 1706 1115 pro
1757 1017 2184 1117 quotidianis
2236 1014 2847 1093 distributionibus
2887 1020 3020 1093 in-

886 1141 1118 1214 vicem
1156 1138 1651 1235 percipiendis,
1679 1137 1930 1211 addita
1981 1133 2340 1232 praedicto
2389 1132 2832 1231 Exequutori
2867 1134 3022 1213 No-

880 1269 1031 1331 stro
1058 1278 1227 1330 mox
1252 1254 1639 1351 delegando
1666 1252 1997 1327 facultate
2023 1248 2426 1337 definiendi,
2439 1260 2680 1324 utrum
2707 1251 3006 1327 admitti

884 1383 1100 1469 atque
1128 1371 1451 1445 adhiberi
1479 1382 1748 1469 queant
1771 1379 2240 1467 punctaturae
2267 1366 2340 1440 in
2367 1367 2724 1455 absentes,
2747 1368 3022 1465 quibus

883 1489 1101 1566 modo
1163 1488 1545 1564 hodiernae
1599 1487 1900 1562 Sanctae
1951 1485 2214 1561 Mariae
2262 1485 2544 1582 Majoris
2599 1482 3014 1583 Capitulum

880 1606 1130 1695 utitur,
1172 1605 1287 1679 vel
1326 1627 1555 1679 novae
1592 1626 1721 1700 pro
1755 1603 2186 1700 quotidianis
2217 1601 2834 1677 distributionibus
2857 1605 3018 1679 sint

878 1722 1353 1800 efformandae
1381 1734 1593 1820 atque
1622 1721 2280 1809 statuendae,firma
2317 1730 2560 1794 tamen
2587 1734 3014 1797 remanente

877 1842 995 1939 pia
1018 1840 1477 1937 dispositione
1507 1836 1840 1915 Canonici
1875 1836 2168 1929 Queralt
2191 1838 2424 1935 quoad
2449 1835 2750 1913 fundum
2777 1838 3004 1937 vulgo

878 1956 1181 2033 Locone.
1212 1955 1467 2031 Eidem
1504 1958 1793 2053 insuper
1831 1954 2420 2052 Archiepiscopali
2461 1950 2786 2050 Capitulo
2823 1954 3008 2029 San-

878 2086 1035 2149 ctae
1061 2072 1317 2149 Mariae
1354 2072 1635 2149 Maioris
1671 2072 1901 2148 Baroli
1941 2070 2352 2145 facultatem
2387 2070 2837 2167 impertimur
2861 2096 3000 2169 pro

876 2191 1139 2267 chorali
1192 2192 1480 2266 servitio
1534 2190 1705 2263 inibi
1753 2189 2177 2285 praestando
2229 2209 2357 2283 pro
2407 2200 2604 2264 certo
2643 2189 2996 2286 regimine

880 2324 1095 2407 atque
1146 2311 1539 2406 disciplina,
1594 2333 1726 2385 nec
1763 2330 1906 2384 non
1941 2331 2070 2405 pro
2105 2328 2344 2382 rerum
2379 2330 3002 2407 quarumcumque

878 2426 1389 2524 Capitularium
1464 2424 1651 2502 fideli
1727 2436 1940 2521 atque
1995 2436 2322 2500 accurata
2381 2426 3004 2503 administratione

886 2568 1075 2621 nunc
1124 2568 1257 2643 pro
1312 2556 1509 2632 tunc,
1548 2556 1677 2619 aut
1711 2542 2168 2632 reformandi,
2209 2554 2336 2619 aut
2370 2566 2555 2619 nova
2591 2544 2722 2619 sibi
2761 2546 3008 2621 confi—

880 2663 1110 2739 ciendi
1134 2662 1419 2737 Statuta
1450 2659 1904 2757 Capitularia,
1923 2658 2418 2737 Ordinationes
2445 2671 2658 2757 atque
2671 2658 3004 2753 Decreta,

879 2805 1061 2881 quae
1115 2793 1355 2856 tamen
1412 2780 1828 2879 Apostolicis
1865 2778 2534 2866 ConstitutionibuS,
2579 2792 2654 2854 et
2677 2803 3012 2877 praeser-

881 2900 1015 2978 tim
1066 2899 1566 2974 Sacrosanctae
1623 2898 2076 2973 Tridentinae
2111 2895 2400 2994 Synodo
2435 2898 2582 2971 sint
2624 2911 3014 2973 consenta-

882 3040 1043 3107 nea,
1099 3039 1419 3117 quaeque
1474 3018 1622 3091 vim
1672 3016 1846 3112 legis
1897 3014 2162 3089 habere
2198 3014 2496 3089 minime
2531 3027 2823 3113 queant,
2863 3018 3006 3093 nisi

882 3138 1079 3233 prius
1130 3134 1221 3209 ab
1274 3134 1821 3230 Archiepiscopo
1871 3131 2240 3209 Ordinario
2291 3146 2615 3209 accurate
2689 3158 3006 3233 perpen-

878 3257 1140 3331 dantur
1190 3265 1405 3353 atque
1456 3254 1872 3352 probentur.

1032 3369 1215 3447 Cum
1267 3395 1437 3447 vero
1488 3371 1664 3447 haec
1717 3370 1956 3447 omnia
2007 3392 2050 3442 a
2101 3369 2318 3444 Nobis
2385 3381 2654 3445 statuta
2731 3370 2999 3445 realem

878 3488 1307 3587 plenumque
1342 3488 1677 3565 effectum
1714 3488 2042 3563 habitura
2071 3509 2213 3562 non
2250 3488 2422 3577 sint,
2451 3489 2588 3563 nisi
2613 3498 2999 3585 postquam

878 3606 1235 3705 praedicta
1286 3608 1505 3683 Sedes
1561 3608 1940 3682 Tranensis
1993 3606 2654 3705 quomodocumque
2703 3629 2999 3681 vacave-

876 3728 1001 3815 rit,
1054 3726 1213 3803 ideo
1265 3726 1601 3823 singulari
1652 3726 1894 3802 favore
1947 3724 2354 3825 Capitulum
2419 3726 2607 3801 istud
2659 3728 2996 3825 prosequi

875 3846 1243 3942 cupientes
1295 3867 1486 3919 nunc
1520 3868 1651 3942 pro
1689 3856 1860 3920 tunc
1893 3846 2364 3933 decernimus,
2397 3856 2480 3918 ut
2515 3846 2640 3942 qui
2675 3868 2762 3922 eo
2799 3856 2992 3919 tem-

878 3985 1045 4059 pore
1072 3962 1145 4036 in
1172 3962 1485 4038 Ecclesia
1512 3962 1816 4038 Sanctae
1851 3961 2112 4039 Mariae
2148 3962 2434 4059 Maioris
2463 3963 2992 4059 comperiantur

872 4080 1230 4178 probeque
1256 4080 1633 4157 constituti
1671 4080 1819 4155 sint
1846 4077 2180 4157 >Canonici
2206 4081 2562 4178 dignitarii
2589 4092 2666 4155 et
2691 4103 2838 4154 non
2889 4080 2994 4155 di-

872 4195 1183 4293 gnitarii,
1238 4207 1395 4272 tum
1422 4197 1639 4271 etiam
1691 4195 2124 4273 Beneficiarii
2161 4198 2296 4293 ipsi
2333 4197 2602 4295 absque
2646 4198 2788 4272 ulla
2825 4218 2990 4273 om·-
