3317 5267
2253 438 2401 513 293

300 542 646 637 decedere,
687 561 770 625 ut
809 547 920 627 vel
971 546 1357 647 majoribus
1411 550 1658 627 studiis
1688 548 2209 629 Ecclesiasticis
2234 553 2403 626 alibi

299 667 504 741 satius
552 690 846 763 operam
893 670 1088 757 dare,
1144 667 1257 743 vel
1309 669 1590 745 ordines
1643 668 2179 745 Ecclesiasticoe
2212 670 2406 743 acci-

296 804 474 879 pere,
507 786 616 863 vel
644 786 1055 875 valetudini,
1085 800 1210 863 aut
1237 787 1636 885 quibusque
1662 786 1811 861 suis
1836 787 2157 863 honestis
2186 786 2402 881 rebus

295 902 704 1000 prospicere,
733 899 846 982 vel
879 905 1172 981 demum
1208 927 1420 982 suum
1445 904 1883 981 domicilium
1924 904 2091 981 alibi
2128 906 2403 983 consti-

297 1029 482 1095 tuere
536 1022 844 1109 valeaut3
899 1022 1412 1097 testimoniales
1465 1022 1755 1119 insuper
1802 1023 2219 1099 examinare
2268 1046 2405 1097 ex·-

183 1228 189 1234 .
293 1148 590 1214 terorum
660 1137 1346 1225 Ecclesiastiecrum,
1387 1139 1508 1235 qui
1581 1138 1671 1213 ad
1742 1160 1951 1213 suam
2010 1137 2401 1215 dioecesim

293 1255 603 1330 venerint
635 1256 786 1331 sive
823 1256 1246 1353 suscipiendi
1283 1256 1612 1353 quemvis
1647 1254 2237 1331 Ecclesiasticum
2264 1255 2403 1329 Or-

291 1370 544 1458 dinem,
583 1374 734 1449 sive
771 1395 1046 1450 moram
1083 1374 1253 1450 licet
1287 1376 1584 1449 brevem
1621 1370 1763 1448 illic
1796 1375 2095 1471 degendi
2130 1374 2401 1471 'gratia3

287 1502 638 1584 praeterea
675 1491 1234 1567 matrimoniales
1261 1514 1510 1567 causas
1549 1503 1767 1587 atque
1804 1488 1979 1565 alias
2017 1512 2107 1565 ex
2144 1490 2401 1567 Sacro-

286 1628 443 1683 nn
485 1608 861 1684 mom-
911 1609 1350 1706 μισκῆραι
1397 1610 1498 1685 ad
1527 1608 1803 1705 judiees
1856 1607 2399 1687 Ecclesiasticos

282 1726 708 1821 pertinentes
795 1726 895 1799 in·
921 1725 1075 1801 foro
1153 1750 1284 1803 suo
1359 1746 1785 1823 cognoscere
1816 1750 1841 1815 3
1926 1727 2222 1803 tandem
2269 1751 2401 1803 suo

186 1896 192 1901 -
281 1866 435 1917 cum
491 1840 692 1919 Clero
742 1866 826 1919 ac
877 1843 1152 1942 Populo
1202 1838 1636 1919 Dionaea-no
1690 1847 1781 1919 ad
1833 1844 2237 1921 Paetoralis-
2266 1848 2411 1919 rni-

283 1954 552 2033 niemii
611 1960 854 2035 munia
904 1964 1040 2036 rite
1091 1960 1606 2059 salubriterque
1678 1961 2005 2037 obeunda
2076 1985 2405 2037 commu-

279 2077 532 2165 nicare,
573 2089 784 2175 atque
819 2080 908 2153 ad
943 2080 1014 2155 id
1051 2102 1214 2155 suas
1239 2077 1777 2165 instructiones,
1806 2080 2287 2157 ordinationes
2322 2094 2397 2153 et

273 2194 551 2271 decreta
601 2194 956 2292 publicare
995 2220 1020 2285 3
1073 2221 1156 2273 ac
1207 2196 1787 2273 communionem
1850 2220 2015 2273 cum
2080 2194 2399 2294 praelata

279 2310 672 2409 Apostoliea
696 2314 877 2391 Sede
905 2314 1116 2391 nullis
1143 2314 1528 2391 obnoxiam
1557 2314 2095 2411 impedimentis
2116 2328 2243 2393 aut
2272 2316 2403 2391 dif-

271 2432 724 2523 ficultatibus,
761 2436 886 2510 sed
924 2458 1212 2531 prorsus
1263 2434 1562 2509 liberam
1597 2432 1731 2507 sihi
1768 2456 2045 2532 suoque
2080 2433 2285 2509 Clero
2323 2446 2399 2507 et

275 2546 542 2648 Populo
593 2542 926 2629 adhibere
978 2551 1324 2651 planeque
1377 2552 1586 2628 tueri.
1722 2644 1731 2655 .

421 2666 638 2743 Porro
721 2669 1096 2766 unicuique
1156 2667 1424 2766 Capitis
1485 2666 1773 2743 Haitani
1838 2666 2159 2745 Antistiti
2234 2670 2395 2765 pari

265 2782 666 2881 Apostolica
689 2787 1110 2861 auctoritate
1132 2786 1502 2882 largimur,
1533 2800 1614 2861 ut
1652 2787 1715 2861 is
1754 2810 2043 2874 nomen,
2076 2786 2395 2871 titulum,

265 2904 924 2997 praeeminentiam,
981 2914 1056 2977 et
1103 2903 1526 2999 dignitatem
1561 2902 2061 2999 Episcopalem
2110 2926 2403 3002 praese-

265 3018 476 3107 ferat,
513 3042 595 3095 ac
629 3022 716 3097 iis
753 3021 1112 3109 omnibus,
1149 3033 1224 3096 et
1259 3021 1580 3115 singulis,
1615 3044 1799 3120 quae
1830 3023 2179 3099 ordinarie
2216 3020 2399 3117 Epi-

259 3160 644 3235 scoporum
694 3140 978 3237 propria
1011 3150 1208 3223 sunt,
1239 3136 1541 3225 fruatur,
1581 3152 1658 3213 et
1693 3138 2001 3236 defunga
2010 3152 2151 3227 tur,
2182 3140 2403 3213 item-

249 3280 406 3354 *que
437 3256 838 3355 Episcopali
891 3277 1056 3331 cum
1105 3254 1596 3353 jurisdictione
1635 3258 2116 3353 praesidentia
2156 3270 2233 3331 et
2268 3280 2398 3331 auu

259 3378 600 3452 ctoritate
653 3390 804 3453 tam
855 3387 1099 3475 super·
1127 3400 1212 3451 ea
1289 3374 1562 3473 Capitis
1633 3375 1917 3451 Haitani
1996 3374 2399 3451 Cathedrali

255 3492 582 3571 Ecclesia
618 3508 694 3571 et
732 3494 1087 3585 Dioecesi,
1130 3518 1350 3595 quam
1385 3518 1602 3592 super
1639 3496 1991 3569 universis
2026 3496 2401 3593 utriusque

247 3634 480 3688 sexus
533 3612 782 3689 incolis
823 3610 976 3712 (qui
1013 3625 1266 3689 tamen
1303 3612 1640 3710 peculiari
1680 3612 2155 3709 exemptionis
2181 3614 2404 3709 privi-

251 3732 450 3829 legio
483 3756 628 3809 non
665 3732 984 3833 utantur)
1041 3734 1278 3809 valeat
1325 3744 1400 3806 et
1431 3729 1695 3805 debeat
1746 3731 1863 3805 illa
1916 3732 2207 3829 quaevis
2244 3732 2395 3807 sive

250 3850 682 3947 personalia,
721 3852 878 3925 sive
913 3850 1154 3939 realia,
1185 3852 1338 3925 sive
1379 3852 1608 3922 mixta
1641 3848 1826 3943 jura,
1868 3850 2139 3938 munia,
2168 3848 2403 3925 hono-

246 3988 406 4053 res,
445 3963 844 4053 facultates,
887 3964 1282 4062 privilegia,
1311 3975 1390 4038 et
1413 3962 1711 4061 quaevis
1748 3963 1906 4051 alia,
1937 3988 2123 4062 quae
2166 3964 2258 4037 ad
2282 3963 2404 4037 Sa-

239 4106 544 4161 crorum
613 4083 984 4163 Canonum
1045 4096 1124 4161 et
1175 4083 1739 4182 Apostolicarum
1794 4081 2401 4159 Constitutionum

243 4225 590 4279 normam
645 4203 997 4291 obtinent,
1055 4203 1280 4300 iisque
1331 4202 1642 4299 gaudent
1676 4213 1753 4275 et
1770 4201 2265 4301 defunguntur
2310 4202 2391 4277 il·
