3317 5267
2340 474 2431 545 67

1205 717 1554 769 rAnANRNsls

383 780 734 862 ⁸lflssflssmtffl
765 810 1138 861 ussntmomu
1169 815 1278 861 SUB
1305 811 1875 863 conrossnnuioms
1901 816 2357 863 Anessmfflnusis

397 906 630 953 mmmm
669 906 1001 952 nnsscmoms
1040 906 1184 953 Novl
1226 908 1600 955 nrlscouws
1640 910 1703 955 IN
1746 907 2073 955 PROVINCIIS
2114 908 2165 955 8.
2198 907 2351 954 mom

393 1002 882 1048 zurnssnlonssnsls
909 1002 978 1047 ΕΤ
1005 1000 1444 1049 ΩΟΒΒῙΕΝΤΕΝΒΙΒ
1468 1004 1503 1049 Δ
1531 1003 1792 1051 monensi
1821 1004 1894 1048 DE
1922 1000 2145 1048 Bussuos
2172 1002 2349 1049 Aul-:s

525 1096 636 1144 SEU
674 1098 856 1144 ssuffl
895 1096 1211 1143 ruminus
1237 1098 1346 1143 ΙΑΠ
1385 1100 1458 1143 ΔΙ)
1489 1098 1602 1144 HOC
1631 1098 1776 1145 OPUS
1804 1096 2214 1143 mentiturus

892 1428 1140 1521 PIUS
1201 1426 1809 1581 EPISGQPUS

1010 1782 1228 1829 SBBVUS
1268 1776 1574 1829 etmouvu
1615 1782 1717 1829 DS!

911 1977 985 2021 An
1026 1974 1354 2021 namnum
1395 1974 1490 2021 1³81
1520 1972 1847 2020 nssnomu.

313 2142 502 2307 Vel
557 2254 596 2304 a
650 2234 896 2329 primis
949 2232 1406 2309 Pontificatus
1455 2228 1693 2304 Nostri
1746 2226 2183 2325 temporibus
2220 2228 2437 2307 intel-

303 2348 604 2447 ligentes
640 2351 712 2424 in
749 2372 960 2447 quam
1017 2372 1260 2423 curam
1313 2360 1526 2444 atque
1580 2346 1886 2422 laborem
1925 2400 1946 2435 ‚
2000 2361 2078 2421 et
2128 2350 2199 2421 in
2253 2372 2435 2447 quae

301 2462 744 2539 Christianae
799 2466 1247 2561 Reipublicae
1302 2478 1622 2559 tempora
1676 2460 1867 2539 Deus
1916 2463 2245 2561 Optimus
2278 2468 2433 2541 Ma·-

303 2584 542 2657 ximus
592 2584 736 2659 Nos
787 2584 954 2656 licet
1007 2583 1330 2679 indignos
1409 2581 1813 2657 vocavisset
1853 2630 1875 2667 ‚
1931 2604 2293 2679 nunquam
2345 2607 2433 2657 ea

301 2712 544 2798 gerere
597 2716 674 2775 et
722 2704 1056 2776 mandare
1139 2702 1544 2775 destitimus
1584 2754 1605 2787 ‚
1662 2724 1843 2797 quae
1896 2702 1982 2775 ad
2037 2703 2431 2777 animarum

301 2819 874 2897 Christifidelium
913 2823 1212 2898 salutem
1252 2824 1618 2909 tuendam,
1657 2823 1745 2896 ad
1781 2846 2051 2896 errores
2088 2846 2435 2897 amoven-

301 2940 459 3028 dae,
489 2943 578 3019 ad
615 2940 1048 3015 Catholicam
1077 2942 1514 3039 Religionem
1542 2943 1614 3015 in
1647 2943 2083 3063 wiversum
2117 2966 2259 3039 qua
2290 2944 2435 3016 late

299 3070 525 3154 patet,
565 3060 808 3134 orbem
843 3084 1128 3157 quoquo
1157 3062 1366 3137 modo
1393 3063 1945 3157 propagandam,
1976 3074 2050 3135 et
2084 3062 2437 3158 ampliani-

293 3176 464 3249 dam
518 3176 798 3253 utiliora
848 3200 1002 3251 esse
1035 3227 1054 3263 ‚
1111 3177 1482 3254 consilium
1512 3231 1552 3264 ,.
1587 3176 1768 3253 ratio
1800 3228 1821 3264 ‚
1871 3178 2429 3274 Nostrorumque

299 3290 930 3373 praedeeessorum
983 3296 1308 3391 exempla
1363 3294 1779 3369 suadebant.
1839 3294 2081 3390 Neque
2116 3318 2433 3393 unquam

297 3410 704 3493 occasiones
755 3408 1002 3483 ‘omnes
1034 3462 1054 3497 ,
1095 3434 1272 3506 quae
1309 3411 1398 3483 ad
1433 3422 1678 3484 tantae
1715 3410 2201 3485 sollicitudinis
2254 3436 2433 3508 opus

299 3526 805 3622 perficiendum
857 3550 1012 3603 sese
1047 3528 1251 3605 nohis
1283 3528 1469 3602 ultro
1507 3526 1923 3614 offerebant,
1962 3530 2267 3625 arripere
2304 3533 2435 3605 de-

295 3645 629 3720 sivimus

453 3764 533 3837 ln
567 3776 769 3837 tanta
822 3788 1018 3851 vero,
1073 3776 1148 3840 et
1199 3780 1348 3843 tam
1401 3790 1823 3843 aerumnosa
1878 3767 2239 3867 praesenti
2292 3789 2433 3861 pu-

293 3878 640 3955 blicarum
693 3904 927 3957 rerum
981 3884 1456 3980 exagitatione
1509 3896 1586 3959 et
1643 3885 2077 3970 discrimine,
2146 3905 2428 3957 summa

291 3999 776 4073 consolatione
813 4000 1092 4075 animus
1145 4015 1388 4078 noster
1443 4002 1779 4089 reficitun·
1804 4058 1811 4065 -
1838 4004 2027 4100 quod
2082 4002 2154 4073 in
2211 3996 2433 4073 Ame-

291 4117 534 4190 ricana
587 4114 1212 4191 confoederatione
1268 4116 1761 4215 Argentinensi
1841 4121 2156 4195 studium
2216 4130 2435 4215 atque

291 4232 719 4307 desiderium
773 4254 900 4329 pro
952 4230 1353 4310 Catholicae
1408 4234 1795 4331 Religionis
1864 4237 2083 4333 gloria
2122 4283 2142 4321 ,
2202 4235 2435 4309 incre·-
