3317 5267
2307 434 2449 509 331

344 546 660 645 probatis
714 549 920 645 juxta
976 547 1236 623 Sacros
1291 546 1612 621 Canones
1681 548 1902 621 titulis
1967 570 2091 623 eos
2163 550 2457 643 praevio

342 667 672 741 examine
721 666 808 741 ad
861 664 1166 761 majores
1217 664 1440 739 etiam
1473 663 1772 739 Ordines
1812 687 2237 761 promovere
2271 688 2459 762 quos.

327 794 420 863 ‚et
467 796 822 882 quotquot
869 786 1020 881 ipse
1072 785 1323 879 dignos
1356 794 1432 857 et
1469 782 1582 856 vel
1615 784 2047 859 necessarios
2085 781 2197 857 vel
2237 783 2453 857 utiles

341 900 416 972 in
473 903 678 975 vinea
709 898 1012 976 Domini
1063 900 1446 999 censuerit3
1499 922 1540 971 e
1589 909 1839 987 contra
1890 920 2013 975 eos
2062 898 2151 973 ab
2202 898 2453 975 Eccle-

345 1016 790 1095 siasticorum
856 1017 1200 1093 Ordinum
1276 1018 1727 1119 susceptione
1797 1038 2035 1091 arcere
2108 1040 2285 1115 quos
2340 1017 2453 1093 vel

342 1158 632 1231 prorsus
679 1137 1030 1211 inhabiles
1083 1136 1193 1211 vel
1245 1136 1572 1231 indignos
1625 1135 2080 1230 compererit,
2136 1135 2459 1211 testimo-

341 1253 562 1329 niales
613 1255 842 1331 lubitu
883 1278 1012 1329 suo
1049 1252 1366 1330 conferre
1396 1276 1524 1327 nec
1561 1277 1703 1328 non
1730 1253 2005 1327 litteras
2040 1253 2127 1327 iis
2165 1249 2455 1327 Dioece-

340 1371 530 1444 sanis
591 1369 1106 1447 Ecclesiasticis
1171 1370 1294 1467 qui
1355 1370 1869 1446 rationabiliter
1930 1383 2183 1467 optent
2253 1380 2455 1445 extra

339 1487 696 1584 propriam
735 1484 1130 1563 Dioecesim
1160 1486 1614 1583 per-migrare,
1645 1500 1728 1561 ut
1761 1486 1867 1561 vel
1894 1486 2283 1583 majoribus
2312 1497 2459 1561 stu·

342 1602 476 1677 diis
521 1602 688 1677 alibi
745 1614 1014 1679 navent
1065 1624 1384 1699 operam,
1439 1603 1551 1677 vel
1613 1604 2151 1679 convenientius
2174 1614 2455 1701 ¹queant

341 1742 577 1797 sacros
629 1723 988 1817 suscipere
1015 1720 1318 1797 ,Ordines
1373 1721 1482 1795 vel
1524 1721 1908 1796 valetudini
1946 1720 2250 1797 rebusve
2306 1721 2455 1796 suis

275 1865 280 1881 ·
335 1836 660 1913 honestis
711 1836 1109 1925 consulant,
1153 1837 1264 1911 vel
1297 1838 1590 1921 demum
1645 1824 1733 1911 ut
1762 1838 2199 1914 domicilium
2246 1858 2457 1914 suum

225 2018 236 2025 .
337 1952 478 2029 alio
513 1953 968 2042 transferant3
1005 1962 1210 2027 caute
1247 1964 1487 2026 autem
1545 1954 1977 2050 provideque
2006 1953 2457 2031 testimonia-

335 2070 442 2147 les
493 2072 898 2147 examinare
933 2072 1208 2145 litteras
1245 2083 1683 2160 exterorum,
1714 2074 1840 2170 qui
1875 2072 1961 2146 ad
1992 2096 2197 2147 suam
2239 2094 2459 2147 vene-

336 2186 484 2260 rint
531 2185 956 2275 Dioecesim‚
997 2187 1120 2261 ubi
1155 2188 1446 2283 cupiant
1479 2187 2059 2264 Ecclesiasticum
2099 2210 2457 2285 quemque

337 2306 672 2383 Ordinem
725 2309 1110 2407 suscipere,
1147 2320 1272 2381 aut
1325 2309 1542 2382 etiam
1593 2309 1847 2405 agendi
1900 2310 2125 2405 gretia
2180 2330 2451 2389 mosam

337 2428 486 2501 sive
531 2430 774 2525 jugem
814 2428 966 2501 sive
1005 2426 1300 2501 brevem
1339 2426 1646 2515 trahere3
1684 2429 1971 2524 insuper
2006 2450 2255 2503 causas
2294 2448 2451 2509 tna-2

338 2544 768 2620 trimoniales
822 2556 1034 2641 atque
1087 2544 1258 2621 alias
1291 2568 1388 2619 ex
1421 2544 1799 2623 Sacrorum
1837 2546 2207 2623 Canonum
2241 2568 2453 2641 prae-

334 2665 598 2759 scripto
649 2665 739 2740 ad
785 2664 1054 2762 judices
1105 2663 1634 2743 Ecclesiasticus
1690 2666 2130 2762 pertinentes
2192 2666 2263 2737 in
2319 2688 2451 2739 suo

333 2778 486 2857 foro
513 2804 934 2878 cognoscere
971 2782 1198 2880 deque
1233 2782 1322 2857 iis
1358 2780 1542 2857 ferre
1577 2785 2039 2870 sententiam3
2079 2794 2453 2879 praeterea

334 2922 502 2974 cum
549 2901 700 2976 suis
747 2900 944 2975 infra·
963 2900 1414 2997 adsignandis
1447 2899 1783 2977 Ecclesiis
1824 2898 2286 2996 suffraganeis
2338 2920 2455 2973 eo-

334 3042 474 3115 que
525 3019 750 3115 magis
803 3041 970 3093 cum
1019 3040 1150 3093 suo
1201 3016 1409 3094 Clero
1463 3030 1538 3091 et
1589 3018 1861 3115 Populo
1900 3015 2335 3093 Dioecesano
2363 3016 2453 3089 ad

331 3131 716 3209 Pastor-alis
741 3135 948 3329 Ϋοίἰ
985 3158 1248 3211 munus
1285 3136 1418 3208 rite
1456 3134 1861 3211 obeundum
1890 3134 2451 3218 communicare,

332 3265 548 3351 atque
599 3254 670 3326 in
723 3255 748 3329 i
866 3278 1032 3329 suas
1084 3255 1590 3331 instructiones
1643 3254 2265 3350 ordinationesque
2318 3275 2455 3348 pu-

331 3369 590 3447 blicare
643 3396 726 3449 ac
751 3374 1326 3449 communionem
1353 3394 1517 3446 cum
1547 3372 1811 3446 Sancta
1841 3369 2245 3468 Apostolica
2274 3370 2457 3447 Sede

331 3512 620 3585 prorsus
667 3491 963 3567 liberam
1017 3490 1150 3565 sibi
1201 3514 1480 3589 suoque
1513 3488 1721 3564 Clero
1770 3500 1845 3563 et
1882 3488 2153 3586 Populo
2188 3488 2453 3565 hebere

335 3618 550 3705 atque
605 3611 814 3685 tueri.
2432 3688 2437 3695 ,

489 3726 706 3805 Porro
757 3749 922 3805 cum
977 3728 1048 3801 in
1103 3728 1403 3803 decretis
1451 3727 1604 3822 jam
1655 3737 2013 3801 statutum
2078 3726 2317 3815 sit,ut
2377 3726 2449 3800 in

332 3838 630 3917 fluitans
684 3842 964 3920 Ditione
995 3844 1196 3919 ,aliae
1231 3856 1540 3942 quatuor
1573 3866 1739 3919 cum
1798 3845 1945 3919 suis
1998 3840 2457 3919 Dioecesihus

332 3960 795 4037 imtitunntur
845 3960 1200 4037 Ecclesiae
1231 4012 1254 4048 ‚
1311 3984 1570 4060 nempe
1607 3962 1935 4050 Haitana,
1996 3960 2443 4058 CayesensiS,

336 4073 878 4155 Gonaivesensis
905 4091 982 4154 et
1007 4078 1264 4153 Portus
1293 4078 1520 4169 Pacis,
1549 4102 1669 4154 eas
1696 4080 1911 4176 ipsas,
1942 4078 2259 4153 simulac
2294 4076 2453 4155 fue-

334 4194 482 4268 rint
549 4196 960 4293 singillatim
1023 4196 1458 4301 constitutae
1518 4198 1867 4295 planeque
1926 4196 2311 4287 confectae,
2374 4196 2451 4271 in
