3317 5267
861 467 952 535 28

1571 697 2245 836 1NSTRUCT10

910 1075 1204 1125 suemus
1241 1075 1454 1131 uulnus
1497 1075 1568 1121 OB
1609 1076 1943 1125 neumatis
1990 1078 2181 1127 888⁰!
2222 1080 2291 1127 m·
2332 1079 2599 1130 mooun!
2656 1078 2943 1130 numm·

867 1170 1225 1219 concnmrun
1274 1167 1560 1219 acubus
1614 1169 1993 1221 uisvssnsntm
2052 1170 2231 1219 surm
2320 1173 2715 1221 OEBDIUBNTO
2776 1172 2986 1221 ΙΙΧἹἊΒ

1276 1266 1603 1315 mummolus
1646 1267 1841 1323 Quom)
1886 1268 2205 1315 rnomchA
2247 1270 2550 1317 comnena.

857 1458 1070 1617 Etsi
1121 1540 1626 1618 Sanctissimus
1683 1539 2027 1617 Dominus
2078 1540 2333 1618 Noster
2368 1540 2537 1617 Pius
2573 1540 2667 1615 lX
2740 1540 2991 1619 Ponti·-

854 1661 972 1735 fex
1025 1661 1380 1737 Maximus
1461 1661 1899 1758 gravissimis
1976 1660 2205 1733 causis
2280 1660 2626 1757 impulsus
2704 1660 2989 1758 aliquod

855 1780 1381 1853 immutandum
1439 1802 1596 1853 esse
1646 1776 2004 1852 censuerit
2054 1777 2125 1847 in
2180 1776 2483 1851 formula
2514 1777 2993 1873 dispensatio·-

852 1916 1053 1981 num,
1109 1916 1292 1992 quae
1342 1892 1432 1967 ab
1483 1893 1621 1967 hac
1677 1890 2078 1991 Apostolica
2134 1892 2314 1967 Sede
2363 1894 2851 1967 conceduntur
2896 1892 2989 1966 ad

847 2012 1076 2085 mixta
1128 2010 1434 2085 ineunda
1495 2009 1950 2084 matrimonia
1988 2061 2009 2096 ,
2072 2008 2287 2083 veluti
2360 2008 2769 2106 Amplitudo
2833 2008 2987 2083 Tua

851 2154 942 2206 ex
996 2132 1268 2227 adjecta
1319 2131 1620 2209 formula
1671 2132 2042 2229 intelliget,
2100 2142 2339 2206 tamen
2394 2132 2583 2205 idem
2646 2130 2985 2206 Summus

839 2248 1170 2323 Pontifex
1223 2249 1314 2324 de
1366 2250 1678 2324 universi
1719 2247 2070 2323 Dominici
2108 2243 2337 2345 gregis
2374 2248 2641 2336 salute,
2690 2248 2833 2323 sibi
2884 2248 2987 2322 di·-

849 2366 1114 2440 vinitus
1163 2367 1542 2441 commissa
1586 2420 1607 2455 ,
1672 2367 1783 2440 vel
1835 2368 2147 2441 maxime
2213 2366 2553 2441 sollicitus
2602 2386 2735 2463 pro
2792 2364 2986 2463 Apo-

849 2483 1078 2559 stolici
1129 2481 1502 2558 Ministerii
1557 2484 1687 2558 Sui
1736 2506 2033 2557 munere
2086 2505 2231 2558 non
2292 2494 2537 2579 potest
2586 2506 2731 2559 non
2782 2506 2983 2559 sum·

847 2622 1136 2697 mopere
1189 2600 1538 2675 inculcare
1575 2599 1907 2675 omnibus
1949 2599 2540 2697 Archiepiscopis,
2577 2600 2981 2698 Episcopis,

849 2718 1142 2815 aliisque
1191 2716 1538 2795 Locorum
1590 2717 2003 2807 Ordinariis,
2060 2730 2143 2794 ut
2204 2720 2651 2795 sanctissima
2712 2718 2981 2797 Catho-

843 2833 1018 2908 licae
1068 2833 1426 2910 Ecclesiae
1462 2836 1550 2909 de
1585 2836 1783 2910 hisce
1820 2833 2180 2932 Conjugiis
2214 2838 2639 2911 documenta
2676 2838 2976 2935 integra,

842 2965 917 3026 et
969 2954 1306 3032 inviolata
1377 2954 1899 3053 religiosissime
1976 2969 2376 3031 serventur.
2435 2956 2701 3031 Omnes
2780 2958 2977 3031 enim

841 3084 1129 3161 norunt,
1185 3073 1356 3171 quid
1407 3075 1558 3170 ipsa
1615 3071 1976 3149 Catholica
2054 3072 2367 3149 Ecclesia
2418 3074 2507 3149 de
2570 3076 2975 3151 huiusmodi

841 3187 1240 3266 Catholicos
1294 3192 1504 3279 inter,
1561 3205 1636 3266 et
1692 3191 2137 3266 Acatholicos
2216 3194 2483 3288 nuptiis
2560 3205 2976 3269 constanter

839 3309 1166 3397 senserit,
1207 3332 1370 3384 cum
1402 3310 1555 3384 illas
1593 3332 1879 3407 semper
1914 3308 2443 3406 improbaverit,
2483 3333 2565 3385 ac
2603 3322 2973 3407 tamquam

839 3423 1141 3512 illicitas,
1197 3427 1544 3525 planeque
1599 3428 2027 3525 perniciosas
2079 3426 2431 3514 habuerit,
2486 3438 2643 3502 tum
2696 3427 2791 3501 ob
2840 3426 2971 3501 fla-

839 3540 1166 3636 gitiosam
1221 3544 1292 3616 in
1347 3543 1621 3618 Divinis
1669 3544 2269 3631 communionem,
2336 3553 2489 3616 tum
2542 3543 2635 3619 ob
2690 3545 2971 3640 impen-

840 3658 1015 3732 dens
1067 3659 1413 3737 catholico
1465 3662 1745 3759 coniugi
1798 3661 2273 3758 per-versionis
2338 3661 2755 3758 periculum,
2809 3673 2967 3738 tum

837 3778 930 3855 oh
982 3804 1276 3879 pravam
1327 3782 1586 3858 sobolis
1625 3783 2171 3857 institutionem.
2218 3782 2451 3879 Atque
2488 3784 2627 3858 huc
2675 3784 2968 3860 omnino

837 3900 1198 3994 pertinent
1246 3899 1717 3998 antiquissimi
1768 3897 2092 3973 Canones
2128 3900 2279 3996 ipsa
2334 3901 2564 3974 mixta
2614 3900 2967 3977 connubia

831 4036 1076 4088 severe
1128 4017 1654 4103 interdicentes,
1696 4040 1779 4089 ac
1811 4015 2240 4091 recentiores
2280 4015 2739 4092 Summorum
2776 4014 2969 4092 Pon-

833 4130 1098 4207 tificum
1151 4132 1590 4220 SanctioneS,
1643 4134 1733 4207 de
1773 4130 2029 4230 quihus
2091 4133 2509 4209 immortalis
2576 4134 2963 4207 memoriae

835 4246 1255 4324 Benedictus
1311 4247 1468 4323 XIV
1521 4250 1835 4347 loquitur
1887 4249 1957 4322 in
2012 4250 2159 4323 suis
2221 4247 2615 4347 Encyclicis
2669 4247 2961 4323 Litteris
