3317 5267
869 386 1032 457 208

888 528 921 573 »
986 503 1308 577 mandavi
1377 502 1572 578 vobis
1607 528 1673 573 ».
1727 502 2007 593 ‘Quibus
2068 506 2357 579 excitati
2414 503 2707 580 vocibus
2744 502 3003 577 Evan-

877 626 1038 720 gelii
1090 648 1472 721 praecones
1511 625 1856 723 Apostoli,
1894 627 2449 725 repugnantibus
2486 637 2563 700 et
2606 626 2893 723 regibus
2928 637 3009 701 et

885 742 1341 839 principibus,
1399 744 1751 842 nullisque
1804 768 1931 819 seu
1966 746 2193 839 minis,
2216 767 2343 819 seu
2378 743 2739 841 suppliciis
2772 744 3006 817 deter-

881 861 998 933 riti
1033 861 1539 951 demandatum
1575 863 1709 937 sibi
1748 863 2219 939 ministerium
2255 864 2583 939 alacriter
2616 875 2788 941 sunt
2830 886 3009 939 exe-

881 979 1052 1051 cuti.
1107 977 1250 1053 Nos
1300 980 1539 1077 itaque
1591 981 1681 1054 de
1714 980 2137 1065 salutaribus
2178 979 2529 1065 Ecclesiae
2566 981 2835 1057 iuribus
2876 992 3003 1055 tu·-

879 1096 1110 1169 tandis
1162 1096 1623 1171 vehementer
1676 1097 1979 1185 solliciti,
2036 1098 2158 1172 vix
2209 1098 2379 1173 dum
2433 1097 2725 1194 cogitari
2780 1108 3003 1193 atque

873 1212 987 1307 agi
1080 1213 1474 1290 audivimus
1561 1214 1650 1289 de
1724 1215 1971 1289 eadem
2042 1216 2512 1291 conventione
2582 1214 3009 1289 infirmanda

871 1326 1168 1405 Nostras
1202 1333 1538 1413 continuo
1565 1333 1819 1428 Magno
1850 1328 2026 1407 Duci
2052 1333 2375 1410 dedimus
2404 1332 2685 1407 litteras
2720 1333 2809 1407 ad
2846 1353 3001 1405 ma·-

869 1446 1024 1521 lum
1076 1447 1212 1523 hoc
1263 1450 1731 1529 avertendum
1760 1503 1784 1537 ‚
1868 1461 2083 1547 atque
2134 1450 2309 1525 adeo
2366 1472 2492 1545 per
2552 1448 3001 1526 Cardinalem

874 1564 1174 1661 publicis
1225 1569 1526 1663 negotiis
1580 1570 2069 1665 praepositum
2124 1569 2307 1665 apud
2344 1566 2786 1643 Gubernium
2822 1566 3001 1643 illud

871 1682 1278 1759 instandum
1329 1686 1759 1773 curavimus,
1800 1697 1881 1761 ut
1912 1685 2191 1761 debitae
2233 1686 2641 1760 executioni
2680 1707 2999 1759 conven-

871 1800 972 1877 tio
1009 1795 1484 1879 mandaretur.
1527 1802 1663 1878 Sed
1703 1805 1895 1877 enim
1934 1826 2157 1903 quum
2194 1804 2523 1900 impensa
2560 1802 2803 1877 omnia
2836 1810 2999 1877 stu—

867 1915 983 1990 dia
1033 1940 1380 2015 curaeque
1433 1920 1506 1995 in
1559 1921 1839 1996 irritum
1874 1921 2245 2007 cesserint,
2288 1920 2479 2017 quod
2512 1918 2751 1995 Nostri
2784 1918 2993 1993 officii

865 2046 1004 2122 est,
1060 2036 1474 2135 abrogatam
1523 2050 1775 2115 contra
1826 2062 2079 2115 omnes
2133 2038 2449 2113 iustitiae
2498 2037 2777 2134 regulas
2836 2036 2991 2111 sine

865 2152 1152 2229 alterius
1193 2158 1411 2251 partis
1447 2180 1799 2233 consensu
1834 2157 2235 2233 solemnem
2268 2155 2821 2230 conventionem
2864 2153 2993 2229 Ve-

864 2280 1020 2343 stro
1072 2272 1144 2343 in
1197 2283 1430 2359 coetu,
1473 2272 1942 2349 venerabiles
1994 2272 2310 2358 Fratres,
2341 2270 2577 2368 palam
2616 2272 2989 2368 conqueri·

863 2407 1048 2474 mur,
1105 2401 1180 2461 et
1233 2390 1634 2466 Catholicae
1688 2392 2045 2465 Ecclesiae
2100 2390 2545 2487 Sanctaeque
2597 2388 2801 2466 Sedis
2837 2389 2987 2463 iura

861 2501 1119 2575 violata
1172 2508 1628 2599 pessumdata
1684 2507 2193 2583 vehementiori
2228 2529 2371 2602 quo
2406 2526 2791 2603 possumus
2824 2516 2986 2581 stu-

858 2618 976 2693 dio
1025 2619 1517 2695 reclamamus.
1559 2620 1755 2711 Quae
1790 2622 2086 2700 Nostrae
2114 2622 2721 2719 expostulationes
2770 2633 2853 2697 ut
2892 2622 2981 2697 ad

857 2732 1178 2809 Badense
1233 2735 1669 2813 Gubernium
1698 2740 2285 2815 transmittantur
2310 2738 2831 2825 mandavimus,
2884 2740 2987 2813 si-

861 2850 1155 2947 mulque
1204 2854 1598 2937 declaretur
1653 2854 2197 2956 Archiepiscopo
2232 2854 2693 2952 Friburgensi
2728 2858 2983 2952 agendi

853 2968 1038 3043 ratio
1091 2972 1310 3045 tantis
1362 2971 1434 3045 in
1487 2971 2017 3046 difficultatibus
2052 2972 2481 3059 adhibenda5
2516 2973 2719 3050 cuius
2754 2994 2983 3069 prae-

855 3086 1023 3159 clari
1079 3084 1436 3167 Antistitis
1485 3090 1777 3186 eiusque
1804 3090 2019 3167 etiam
2052 3088 2242 3165 Cleri
2272 3090 2773 3168 commendare
2808 3092 2981 3167 satis

853 3226 998 3281 non
1052 3226 1432 3300 possumus
1467 3207 1540 3280 in
1580 3206 1939 3281 Ecclesiae
1972 3205 2301 3284 libertate
2357 3208 2615 3281 tuenda
2654 3221 2987 3285 constan-

853 3321 1053 3409 tiam,
1111 3345 1154 3396 a
1197 3347 1337 3421 qua
1375 3348 1741 3421 uunquam
1782 3328 1973 3423 ipsos
2012 3326 2121 3401 vel
2162 3326 2236 3400 in
2272 3346 2555 3401 summo
2592 3348 2831 3411 rerum
2866 3328 2979 3403 di-

851 3439 1190 3516 scrimine
1241 3442 1671 3523 discessuros
1724 3444 1931 3540 plane
1988 3441 2432 3521 confidimus.

1001 3554 1152 3629 lam
1181 3581 1365 3639 ⁶vero
1397 3582 1614 3655 quum
1654 3560 1749 3637 ob
1788 3561 2105 3637 turbatas
2142 3561 2399 3639 iterum
2436 3562 2509 3635 in
2532 3560 2793 3658 Magno
2816 3561 2973 3639 Ba·-

843 3672 1090 3759 darum
1120 3673 1398 3753 Dueatu
1435 3701 1669 3755 sacras
1706 3702 1844 3767 res,
1874 3680 2415 3776 expositamque
2444 3680 2583 3755 illic
2620 3682 2829 3756 novis
2866 3684 2968 3755 ia·-

841 3794 1268 3871 ctationihus
1319 3796 1711 3873 Ecclesiam
1760 3798 2189 3886 doleremus,
2242 3798 2377 3875 alia
2414 3799 2633 3876 Nobis
2668 3803 2967 3877 accessit

837 3910 1204 3989 molestiae
1255 3936 1466 3991 causa
1517 3939 1606 3991 ex
1662 3916 2097 4013 nequissimo
2131 3917 2367 3994 libello
2400 3940 2631 4015 nuper
2666 3917 2961 3993 Parisiis

837 4028 1052 4115 edito,
1109 4030 1180 4103 in
1233 4054 1446 4129 quem
1503 4047 1650 4111 tam
1688 4034 1915 4111 multa
1951 4056 2239 4129 prorsus
2276 4058 2319 4109 a
2356 4036 2659 4111 veritate
2695 4035 2955 4122 aliena,

843 4158 986 4226 tam
1041 4148 1266 4233 multa
1317 4151 1534 4229 etiam
1591 4150 1891 4229 absurda
1948 4162 2159 4250 atque
2204 4153 2393 4229 inter
2442 4176 2519 4227 se
2572 4142 2963 4251 pugnantia
