3317 5267
2255 448 2342 521 ¹2
2355 446 2396 517 5

290 573 603 661 querunt
630 612 651 647 ,
706 568 789 633 ut
840 576 1097 631 omnes·
1141 552 1477 631 Aemiliae
1531 556 1930 652 provincias
1984 557 2396 637 Pontificiae

284 680 587 757 Nostrae
636 675 887 751 ditioni
936 672 1289 749 subiectas
1340 673 1864 769 perturbarent,
1919 699 2183 777 easque
2229 704 2270 753 a
2307 682 2405 755 ei-

288 798 411 873 vili
462 795 721 872 Nostro
754 801 833 865 et
866 790 1075 867 huius
1110 790 1415 865 Sanctae
1449 790 1651 865 Sedis
1689 794 2086 891 principatu
2137 796 2404 871 distra-

286 916 565 990 herent.
620 912 803 987 Hinc
852 911 929 983 in
980 910 1227 985 iisdem
1264 911 1677 1007 provinciis,
1717 911 2120 991 rebellionis
2153 938 2236 989 ac
2270 917 2402 990 de-

296 1031 625 1107 fectionis
648 1039 889 1105 erecto
916 1026 1197 1114 vexillo,
1230 1039 1307 1101 et
1335 1025 1708 1105 Pontificio
1733 1026 2014 1140 sublato
2041 1029 2404 1109 Gubernio

290 1152 605 1247 primum
658 1145 1025 1244 Subalpini
1078 1144 1305 1243 Regni
1358 1145 1754 1223 Dictatores
1825 1151 2194 1226 constituti
2245 1150 2408 1227 fue-

296 1280 467 1345 runt
492 1320 517 1356 ‚
572 1268 693 1365 qui
746 1278 997 1363 postea
1048 1262 1533 1343 Commissarii
1594 1268 2128 1343 extraordinarii
2175 1271 2344 1345 dicti
2377 1322 2402 1360 ‚

296 1410 383 1461 ae
430 1385 682 1461 deinde
736 1381 1257 1457 Gubernatores
1308 1382 1672 1478 generales
1721 1384 2082 1479 appellati,
2141 1387 2406 1484 quique

300 1502 631 1600 Supremi
682 1500 924 1577 Nostri
978 1498 1425 1595 Principatus
1476 1500 1629 1573 iura
1677 1499 1814 1573 sibi
1885 1512 2156 1577 temere
2205 1526 2408 1579 arro-

300 1628 553 1719 gentes
608 1640 649 1693 a
700 1618 997 1715 publicis
1046 1616 1391 1694 obeundis
1442 1616 1856 1691 muneribus
1905 1618 2064 1695 illos
2115 1638 2412 1695 amove-

299 1748 495 1826 runt,
550 1760 730 1835 quos
781 1734 875 1810 ob
908 1744 1317 1831 spectatam
1369 1756 1535 1830 erga
1569 1734 1968 1830 legitimum
2005 1735 2408 1835 Principem

300 1853 513 1929 fldem
564 1874 737 1927 cum
780 1852 1019 1949 pravis
1054 1872 1299 1925 eorum
1336 1850 1648 1925 consiliis
1677 1851 1976 1927 minime
2009 1856 2410 1930 consentire

300 1969 867 2067 suspicabantur.
924 1964 1079 2043 Non
1116 1965 1535 2041 dubitarunt
1566 1978 1812 2041 autem
1847 1968 2253 2047 huiusmodi
2288 1971 2414 2047 bo-

302 2088 535 2163 mines
584 2088 657 2161 in
706 2086 1253 2161 eeclesiasticam
1290 2106 1573 2181 quoque
1606 2085 1940 2163 invadere
1977 2098 2412 2183 potestatem

302 2230 471 2283 cum
520 2230 613 2283 no
622 2230 743 2283 vas
792 2206 883 2281 de
936 2204 1397 2290 Nosocomiis‚
1438 2203 2078 2302 Orphanotrophiis
2113 2208 2414 2307 aliisque

304 2322 451 2399 Piis
504 2322 783 2423 Legatis
820 2374 843 2413 ,
899 2322 1103 2399 Locis
1142 2375 1164 2412 ‚
1220 2335 1296 2397 et
1346 2324 1702 2399 Institutis
1775 2324 1968 2421 leges
2039 2326 2409 2401 ediderint.

302 2442 549 2541 Neque
604 2444 993 2517 timuerunt
1042 2442 1313 2539 aliquos
1348 2440 1864 2517 ecclesiasticos
1899 2442 2088 2517 viros
2121 2466 2414 2533 vexare,

303 2582 569 2669 eosque
622 2560 737 2635 vel
788 2558 1167 2655 expellere,
1224 2558 1337 2633 vel
1388 2559 1609 2633 etiam
1659 2560 1734 2633 in
1783 2582 2138 2635 carcerem
2189 2563 2413 2637 conii--⁴

306 2702 493 2755 cere.
552 2676 1021 2775 Apertissimo
1072 2700 1241 2753 vero
1292 2677 1367 2751 in
1420 2677 1605 2753 banc
1638 2678 2116 2775 Apostolicam
2155 2678 2416 2755 Sedem

306 2795 473 2873 odio
523 2794 775 2893 perciti
823 2793 1121 2867 minime
1172 2792 1720 2869 reformidarunt
1785 2794 1899 2869 die
1951 2807 2156 2869 sexta
2205 2796 2418 2871 buius

308 2913 579 2989 mensis
650 2922 1083 2989 conventum
1160 2910 1517 2987 Bononiae
1566 2934 1772 3009 agere
1823 2911 1914 2987 ab
1965 2912 2136 3009 ipsis
2185 2914 2420 2990 natio-

308 3033 547 3107 nalem
596 3029 935 3107 Aemiliae
985 3030 1405 3127 populorum
1441 3030 1898 3125 appellatum,
1939 3040 2154 3127 atque
2189 3032 2262 3103 in
2299 3031 2422 3105 illo

314 3148 761 3247 promulgare
810 3148 1175 3221 decretum
1225 3143 1418 3221 falsis
1456 3146 2062 3221 criminationibus
2099 3158 2176 3219 et
2207 3168 2420 3244 prae-

316 3266 540 3339 textis
590 3262 960 3350 refertum,
999 3286 1143 3360 quo
1176 3262 1598 3359 populorum
1632 3264 2174 3338 unanimitatem
2211 3286 2420 3339 men-

316 3385 587 3459 daciter
636 3394 1061 3469 asserentes,
1112 3392 1365 3457 contra
1418 3380 1782 3458 Romanae
1831 3381 2192 3457 Ecclesiae
2263 3384 2418 3457 iura

316 3500 763 3577 declararunt
800 3552 823 3587 ,
874 3520 958 3573 se·
1004 3497 1193 3573 nolle
1240 3496 1547 3593 amplius
1573 3495 1964 3573 ‘Pontificio
2031 3499 2218 3573 civili
2273 3497 2428 3575 Gu-

317 3616 567 3691 bernio
616 3613 931 3689 subesse.
1001 3613 1231 3711 Atque
1309 3613 1713 3711 insequenti
1785 3614 1898 3689 die
1973 3614 2424 3691 declararunt

320 3736 497 3810 item
536 3786 561 3822 ‚
617 3734 833 3809 veluti
884 3733 959 3805 in
1010 3754 1207 3809 more
1256 3752 1447 3807 nunc
1498 3744 1636 3820 est,
1689 3755 1770 3807 se
1831 3732 2010 3807 velle
2057 3730 2420 3809 Sardiniae

323 3850 543 3948 Regis
592 3849 841 3925 ditioni
892 3859 969 3923 et
1016 3848 1315 3945 imperio
1366 3848 1772 3923 adhaerere.

478 3964 625 4043 Hos
658 3966 845 4041 inter
876 3964 1361 4039 lamentabiles
1381 3961 1603 4040 ausus
1624 3988 1768 4039 non
1801 3964 2136 4039 desinunt
2165 3962 2424 4041 factio-

320 4084 435 4159 nis
486 4084 966 4159 moderatores
1042 4104 1333 4157 omnem
1402 4106 1647 4159 eorum
1701 4093 1930 4157 artem
1979 4081 2052 4155 in
2103 4104 2426 4157 corrum-

323 4203 573 4301 pendis
599 4201 1019 4299 populorum
1047 4200 1361 4282 moribus
1386 4203 1792 4301 impendere
1819 4216 1946 4299 per
1981 4201 2194 4277 libros
2229 4222 2424 4299 prae·
