3317 5267
1377 490 1396 525 s
2224 446 2365 517 219

267 561 676 662 praesertim
728 558 1138 633 recolendae
1189 555 1577 631 memoriae
1624 554 1914 654 Gregori
1970 554 2131 631 xvl
2193 558 2371 647 Con.-

267 680 612 753 stitutioni
662 677 878 751 Nonis
935 674 1233 774 Augusti
1285 697 1472 750 anno
1509 674 1885 749 millesimo
1922 678 2366 775 octingente-

265 796 440 871 simo
491 796 856 893 trigesimo
907 794 1144 891 primo
1195 793 1426 867 editae
1480 791 1689 888 plane
1760 792 2213 868 inhaerentes
2285 818 2369 869 ea

265 913 522 1000 omnia,
575 935 756 1009 quae
809 911 884 983 in
934 911 1182 985 eadem
1237 907 1765 985 Constitutione
1816 923 1985 985 sunt
2020 912 2370 987 declarata

267 1042 335 1106 et
383 1032 796 1118 constituta,
833 1029 978 1105 Nos
1014 1030 1278 1126 pariter
1329 1029 1793 1116 declaramus,
1844 1031 2365 1119 constituimuS‚

265 1172 340 1225 ac
389 1150 661 1247 integra
713 1161 787 1223 et
842 1150 914 1222 in
967 1148 1180 1223 iolata
1233 1170 1390 1223 esse
1429 1148 1756 1222 volumus
1792 1160 1867 1223 et
1900 1152 2366 1226 decernimus

265 1266 490 1367 Atque
539 1269 750 1344 huius
807 1265 956 1343 Con
999 1270 1352 1342 titutionis
1406 1267 1773 1363 exemplar
1824 1266 2042 1343 Vobis
2076 1270 2375 1344 mitten-

271 1386 438 1461 dum
491 1410 648 1460 esse
699 1386 1061 1474 duximus,
1101 1383 1550 1458 venerabiles
1584 1383 1894 1473 Fratres,
1933 1408 2074 1483 quo
2108 1385 2379 1461 facilius

265 1516 426 1579 ante
479 1506 719 1581 oculos
771 1504 1032 1578 habere
1084 1503 1376 1600 possitis
1429 1525 1610 1599 quae
1664 1504 1737 1575 in
1790 1504 2035 1578 eadem
2093 1502 2379 1581 Consti-

265 1624 538 1698 tutione
591 1635 760 1698 sunt
813 1622 1190 1697 enunciata
1226 1632 1300 1693 et
1337 1620 1634 1693 sancita.
1678 1617 1999 1719 Denique
2035 1624 2209 1699 nihil
2244 1624 2379 1701 No-

265 1738 369 1815 bis
420 1740 715 1837 gratius,
772 1762 988 1837 quam
1025 1740 1159 1813 hac
1195 1739 1414 1811 etiam
1451 1737 1560 1811 uti
1595 1739 1992 1827 occasione,
2032 1754 2113 1816 ut
2146 1743 2379 1819 denuo

267 1859 508 1931 testari
545 1868 620 1932 et
655 1856 1072 1932 confirmare
1108 1858 1463 1952 possimus
1491 1858 1974 1954 praecipuam,
2014 1882 2155 1956 qua
2204 1857 2373 1949 VoS,

269 1972 722 2050 venerabiles
785 1970 1068 2047 Fratres
1110 2025 1131 2062 ,
1185 1975 1713 2072 prosequimur,
1777 1973 2374 2052 benevolentiam.

270 2088 486 2189 Cujus
523 2114 804 2191 quoque
840 2091 1314 2166 certissimum
1353 2092 1612 2188 pignus
1647 2114 1807 2165 esse
1844 2092 2173 2168 volumus
2202 2094 2384 2193 Apo·

273 2208 594 2286 stolicam
646 2208 1222 2284 Benedictionem
1257 2260 1278 2297 ‚
1332 2230 1550 2305 quam
1604 2219 1759 2283 toto
1832 2209 2059 2284 cordis
2129 2212 2385 2289 affectu

275 2326 496 2401 Vobis
529 2329 728 2425 ipsis,
770 2326 1223 2403 venerabiles
1276 2327 1588 2414 Fratres,
1641 2328 2055 2424 cunctisque
2099 2326 2385 2409 Clericis

264 2444 634 2545 Laicisque
669 2448 991 2523 fidelibus
1025 2448 1368 2546 cuiusque
1405 2458 1723 2522 vestrum
1762 2447 2163 2544 vigilantiae
2198 2473 2388 2527 com-

265 2563 504 2639 missis
557 2577 1010 2660 peramanter
1060 2564 1528 2661 impertimus.
1571 2560 1832 2639 Datum
1874 2563 2143 2639 Romae
2194 2568 2380 2662 apud

261 2678 336 2755 S.
396 2677 692 2755 Petrum
742 2682 858 2756 die
911 2682 995 2755 31
1065 2679 1478 2755 Decembris
1555 2703 1745 2757 anno
1805 2686 2026 2757 1860.
2086 2681 2382 2759 Pontifi-

265 2807 464 2875 catus
516 2799 753 2876 Nostri
809 2801 1009 2875 Anno
1067 2797 1606 2897 Decimoquinto
