3317 5267
823 399 970 467 510

813 511 1306 588 celebrandam
1341 533 1551 608 posse
1587 511 1909 607 procedi..
1936 511 2209 585 Interea
2244 513 2589 610 temporis
2618 511 2951 594 Urbanus

823 629 981 704 vul
1010 630 1508 726 praedecessor
1557 629 1815 704 Noster
1834 630 2259 726 apostolicis
2295 628 2589 706 Litteris
2626 635 2700 706 in
2724 633 2963 710 forma

818 750 1017 824 brevi
1071 750 1250 824 latis·
1292 747 1485 821 xvn
1537 747 1888 831 Kalendas
1909 807 1919 815 .
1940 748 2249 824 octobris
2276 746 2819 828 annomncxx
2836 755 2965 832 vll

813 865 1144 966 precibus
1201 867 1594 963 Praepositi
1629 867 1979 962 generalis
2016 868 2407 942 societatis.
2428 869 2603 944 Jesu
2654 883 2739 944 et
2788 895 2967 970 pre-

817 985 1276 1083 sbyterorum
1329 984 1654 1079 ejusdem
1706 1005 2027 1058 annuens
2078 983 2491 1058 facultatem
2542 988 2961 1085 impertitus

815 1113 936 1178 est
989 1102 1300 1178 officium
1337 1100 1709 1187 recitandi,
1748 1121 2171 1199 sacrumque
2206 1099 2505 1176 faciendi
2538 1125 2671 1200 pro
2722 1105 2961 1180 tribus

821 1219 1020 1294 hisce
1075 1217 1512 1315 martyribus
1577 1216 2125 1313 Japonensibus‚
2206 1219 2411 1293 sicuti
2484 1221 2959 1298 antecedente

817 1335 933 1410 die
992 1358 1122 1432 pro
1177 1335 1408 1408 tribus
1465 1345 1542 1408 et
1579 1335 1831 1431 viginti
1880 1331 2309 1432 martyribus
2346 1359 2683 1433 supremo
2735 1339 2961 1415 Prae-

821 1458 960 1532 sidi
1011 1456 1298 1532 Ordinis
1352 1457 1584 1530 sancti
1637 1455 1999 1530 Francisei
2030 1455 2353 1554 benigne
2422 1473 2899 1535 concesserat.

983 1575 1048 1669 §.
1115 1577 1234 1648 13.
1297 1575 1596 1664 Summo
1647 1597 1731 1647 ac
1783 1573 2183 1649 venerando
2238 1573 2368 1647 Dei
2390 1575 2652 1669 judicio
2686 1589 2952 1652 cuncta

821 1715 952 1766 suo
1005 1703 1190 1766 nutu
1254 1693 1610 1766 moventis
1692 1704 1857 1787 post
1912 1693 2045 1762 t'ria
2098 1690 2247 1764 fere
2322 1691 2587 1764 silentii
2668 1693 2957 1769 saecula

823 1832 1036 1888 causa
1065 1821 1557 1904 reassumpta,
1611 1829 1957 1904 prospere:
1996 1808 2461 1905 celeriterque
2486 1810 2573 1883 ad
2606 1820 2949 1906 optatum

821 1928 1099 2002 exitum.
1149 1929 1490 2024 perducta
1539 1938 1652 2000 est
1682 1979 1703 2013 ,
1768 1925 2159 2023 libentique
2210 1928 2451 2002 animo
2524 1929 2961 2024 postulatio-

825 2067 954 2118 nes
1007 2045 1249 2121 dilecti
1321 2044 1446 2118 filii
1499 2043 1693 2118 Petri
1768 2043 2005 2120 Beckx
2088 2045 2407 2139 supremi
2482 2046 2959 2122 moderatotis

826 2159 1268 2257 aliorumque
1322 2161 1696 2237 societatis
1752 2159 1792 2234 J
1798 2183 1923 2236 esu
1983 2159 2355 2238 humiliter
2403 2183 2447 2233 a
2484 2160 2701 2236 Nobis
2738 2161 2959 2259 flagi-

823 2277 1130 2350 tantium
1181 2279 1588 2373 excepimus
1619 2329 1640 2363 ,
1724 2291 1809 2356 ut
1884 2279 2252 2354 decretum
2304 2277 2534 2352 latum
2585 2277 2715 2352 XV
2788 2275 2951 2353 Kal.

819 2393 1130 2468 octobris
1183 2391 1649 2472 MDCCCLXI
1704 2417 1833 2490 pro
1910 2395 2343 2492 martyribus
2425 2394 2955 2493 Japonensibus

825 2511 1176 2606 seraphici
1233 2509 1542 2596 Ordinis,
1601 2513 1691 2583 ad
1745 2534 1871 2588 eos
1920 2533 2207 2610 quoque
2285 2524 2430 2588 tres
2510 2525 2959 2588 memoratae

823 2625 1199 2703 societatis
1249 2639 1600 2723 martyres
1651 2629 2223 2718 extenderemus.
2282 2629 2545 2706 Coacta
2592 2632 2671 2706 in
2736 2629 2959 2707 Vati—

826 2767 1006 2832 cano
1056 2741 1318 2842 palatio
1369 2767 1568 2820 sacra
1618 2748 2173 2843 congregatione
2208 2747 2463 2824 ritibus
2515 2771 2963 2844 cognoscen-

825 2865 936 2937 dis
986 2864 1212 2959 pridie
1261 2883 1485 2938 nonas
1523 2865 1817 2939 martias
1855 2867 2197 2944 vertentis
2233 2866 2401 2940 anni
2438 2864 2949 2941 MDCCCLXII

827 2967 1334 3079 propositoque
1383 2981 1598 3057 dubio
1651 3005 1693 3056 a
1742 2983 2001 3058 dilecto
2052 2981 2193 3059 filio
2246 2982 2503 3058 Nostro
2536 2981 2837 3058 Nicolao'
2868 2985 2956 3058 ti-

831 3100 960 3174 tuli
1013 3101 1244 3189 sancti
1300 3098 1498 3178 Petri
1551 3100 1638 3174 ad
1708 3096 2006 3174 Vincula
2082 3099 2157 3176 S.
2216 3099 2307 3174 R.
2362 3099 2449 3176 E.
2532 3101 2955 3198 presbytero

829 3218 1182 3295 Cardinali
1235 3219 1514 3293 Clarelli
1569 3217 1977 3296 Paracciani
2010 3229 2277 3296 causae
2334 3219 2665 3310 relatore,
2702 3223 2791 3295 ad
2826 3245 2957 3296 eo-

827 3337 1150 3410 rumdem
1219 3337 1436 3410 trium
1487 3345 1885 3433 martyrum
1924 3336 2299 3412 Societatis
2350 3335 2523 3412 Jesn
2559 3335 2957 3414 Canoniza-

827 3457 1098 3530 tionem
1149 3454 1422 3531 cunctis
1475 3453 1823 3551 suffragiis
1888 3466 2049 3532 tuto
2096 3475 2347 3534 omnes
2397 3457 2683 3552 procedi
2734 3479 2953 3552 posse

823 3572 1362 3668 responderunt.
1435 3569 1953 3654 'Verumtamen
1988 3575 2061 3648 in
2098 3595 2175 3652 re
2248 3583 2399 3649 tam
2432 3573 2633 3670 gravi
2668 3573 2953 3648 illorum

829 3691 1014 3764 votis
1041 3689 1484 3784 acquiescere
1513 3687 2487 3786 nequivimus‚Nest1-amque
2514 3689 2954 3768 sententiam

827 3807 1142 3903 proferre
1193 3807 1626 3894 distulimus,
1686 3829 1829 3902 quo
1878 3807 2222 3896 fervidius
2269 3808 2589 3882 divinam
2626 3826 2955 3883 exorare·-

829 3947 990 4000 mus
1024 3924 1474 4020 sapientiam,
1505 3941 1890 4020 precesque
1926 3925 2220 4008 Nostms
2244 3926 2321 4002 in
2348 3925 2753 4006 humilitate
2781 3947 2947 3998 cor-

827 4044 936 4118 dis
973 4043 1516 4125 effunderemus.
