3317 5267
867 405 1014 474 646

1165 643 1406 695 οιιιατο
1447 642 1601 692 nmo
1645 641 1864 692 nos-no
1906 625 2293 693 Lunovlco
2333 644 2697 694 susm-no

925 739 976 786 s.
1022 739 1078 786 n.
1120 739 1179 790 ι.
1223 738 1534 788 nummu
1577 717 1676 784 DE
1716 718 2016 786 BONALD
2058 737 2503 789 neumiseoro
2540 738 2935 790 tuooumst.

1584 1049 1837 1143 PIUS
1896 1054 2061 1141 PP.
2124 1050 2279 1144 IX.

1605 1435 1846 1486 nuncu
1888 1438 2005 1486 rm
2044 1437 2263 1486 Rosmt

1269 1533 1526 1582 sumu
1565 1531 1636 1578 m·
1677 1528 2067 1578 Arosromcu
2104 1531 2593 1583 numentinu-

875 1836 1097 1998 Non
1147 1919 1486 1996 mediocri
1535 1916 1751 1990 animi
1803 1913 2039 1991 Nostri
2091 1912 2413 1990 molestia
2466 1915 2940 1995 noscebamus
2966 1969 2999 2006 ,

874 2037 1141 2116 Dilecto
1179 2037 1311 2112 Fili
1361 2035 1642 2124 Noster,
1698 2035 2068 2131 antiquam
2118 2026 2609 2130 Lugdunensis
2640 2033 3009 2112 Ecclesiae

876 2155 1263 2256 Liturgiam
1289 2153 1606 2252 pluribus
1631 2153 1905 2228 mendis
1932 2149 2187 2224 misere
2222 2146 2439 2226 fuisse
2470 2163 2880 2250 corruptam
2914 2152 3009 2227 ab

875 2298 1020 2352 uno
1071 2299 1162 2351 ex
1217 2273 1388 2348 Tuis
1443 2269 2134 2357 praedecessoribus,
2188 2268 2311 2367 qui
2362 2270 2433 2346 id
2470 2291 2679 2368 agere
2704 2270 3007 2344 minime

873 2393 1226 2470 dubitavit
1273 2416 1418 2470 non
1469 2390 1703 2466 solum
1752 2401 2001 2465 contra
2079 2391 2681 2490 sapientissimam
2758 2389 2995 2466 Sancti

783 2541 794 2554 ·
873 2505 1280 2586 Decessoris
1335 2507 1576 2584 Nostri
1627 2505 1738 2580 Pii
1790 2503 1852 2578 V
1908 2503 2511 2584 constitutionem·
2542 2505 2999 2604 incipientem

881 2651 917 2699 α
981 2623 1182 2716 Quod
1231 2650 1280 2698 a
1329 2623 1545 2702 Nobis
1587 2621 1897 2724 postulet
1956 2650 1993 2696 »
2028 2677 2051 2716 ,
2104 2649 2193 2702 ac
2254 2626 2563 2724 septimo
2608 2625 2777 2700 ldus
2837 2623 2993 2702 Inlii

873 2769 1060 2824 anno
1107 2745 1484 2821 millesimo
1535 2745 2103 2843 quingentesimo
2138 2747 2587 2842 sexagesimo·
2603 2756 2857 2822 octavo
2910 2769 2995 2820 e-

871 2863 1096 2939 ditam
1123 2913 1146 2952 ,
1201 2862 1314 2938 eui
1365 2863 1741 2938 universus
1790 2861 2117 2938 catholici
2166 2862 2361 2940 orbis
2408 2861 2637 2939 clerus
2704 2863 2999 2940 obedire

873 2990 1157 3056 tenetur
1185 3033 1208 3067 ‚
1290 3001 1537 3054 verum
1591 2978 1809 3052 etia-m
1860 2990 2107 3054 contra
2160 2979 2593 3054 sententiam
2642 2991 2723 3055 et
2770 3003 3001 3078 expo·-

875 3096 1296 3172 stulationes
1350 3093 1646 3192 Collegii
1666 3093 1852 3169 illius
1883 3095 2229 3192 temporis
2252 3094 2773 3194 Metropolitani
2824 3093 3011 3193 Lug-

871 3213 1207 3288 dunensis
1285 3211 1559 3310 Templi
1639 3209 2151 3288 Canonicorum
2189 3264 2212 3301 ‚
2276 3213 2399 3310 qui
2474 3209 2815 3288 adversus
2866 3237 3003 3289 no-

873 3333 1134 3408 vitates
1183 3331 1272 3406 ab
1323 3331 1574 3408 eodem
1630 3331 1788 3408 Tuo
1862 3331 2407 3408 Praedecessore
2460 3333 2533 3406 in
2584 3333 2817 3430 ipsam
2876 3331 3003 3407 Li-

869 3451 1180 3549 turgiam
1228 3473 1608 3549 perperam.
1647 3451 1969 3526 inductas
2004 3450 2309 3527 solemni
2344 3452 2557 3528 modo
2582 3451 2999 3540 reclamare,

870 3591 952 3644 ac
1003 3569 1380 3666 protestari
1435 3569 1624 3644 haud
1677 3569 2099 3644 omiserunt.
2158 3569 2303 3645 Nos
2354 3571 2598 3668 itaque
2664 3570 2755 3644 de
2835 3567 3000 3644 illu·-

866 3689 1034 3765 stris
1085 3687 1572 3785 Lugdunensis
1625 3686 1985 3763 Ecclesiae
2038 3687 2411 3786 splendore
2442 3743 2469 3779 ,
2518 3692 2747 3789 deque
2798 3679 3005 3768 offm-

866 3815 1304 3882 memoratae
1355 3803 1462 3878 Pii
1516 3803 1577 3878 V
1632 3803 2177 3882 Constitutionis
2255 3807 2703 3884 observantia
2780 3809 3003 3884 vehe-

842 3901 1146 3998 ‘menter
1195 3921 1473 3997 solliciti
1529 3921 1659 4011 Te,
1715 3919 1990 3996 Dilecto
2040 3921 2175 3998 Fili
2224 3923 2481 4000 Noster
2508 3977 2531 4013 ,
2594 3925 2795 4000 omni
2844 3937 3007 4000 stu-

864 4045 982 4119 dio
1023 4042 1526 4131 excitavimuS,
1583 4053 1665 4116 ut
1716 4043 2080 4140 praeclara
2131 4045 2454 4120 omnium
2516 4044 2663 4120 fere
2699 4045 3005 4121 clarissi-

863 4181 1144 4236 morum
1197 4158 1462 4236 Galliae
1520 4160 1909 4237 Sacrorum
1994 4159 2413 4240 Antistitum
2492 4162 2817 4261 exempla
2872 4183 3001 4236 ae-
