<?xml version="1.0" encoding="UTF-8"?>
<!DOCTYPE html PUBLIC "-//W3C//DTD XHTML 1.0 Transitional//EN"
    "http://www.w3.org/TR/xhtml1/DTD/xhtml1-transitional.dtd">
<html xmlns="http://www.w3.org/1999/xhtml" xml:lang="en" lang="en">
 <head>
  <title>
</title>
<meta http-equiv="Content-Type" content="text/html;charset=utf-8" />
  <meta name='ocr-system' content='tesseract 3.04.00' />
  <meta name='ocr-capabilities' content='ocr_page ocr_carea ocr_par ocr_line ocrx_word'/>
</head>
<body>
  <div class='ocr_page' id='page_1' title='image "./piiixpontificis00ixgoog_0497.png"; bbox 0 0 3317 5267; ppageno 0'>
   <div class='ocr_carea' id='block_1_1' title="bbox 313 423 2441 4281">
    <p class='ocr_par' dir='ltr' id='par_1_1' title="bbox 315 423 2441 2752">
     <span class='ocr_line' id='line_1_1' title="bbox 2278 423 2431 496; baseline 0 -1"><span class='ocrx_word' id='word_1_1' title='bbox 2278 423 2431 496; x_wconf 80' lang='lat'><strong>487</strong></span> 
     </span>
     <span class='ocr_line' id='line_1_2' title="bbox 315 536 2432 636; baseline -0.004 -14"><span class='ocrx_word' id='word_1_2' title='bbox 315 545 736 622; x_wconf 86' lang='lat' dir='ltr'><strong>satellitibus</strong></span> <span class='ocrx_word' id='word_1_3' title='bbox 771 543 1094 618; x_wconf 88' lang='lat' dir='ltr'><strong>comitari</strong></span> <span class='ocrx_word' id='word_1_4' title='bbox 1129 541 1284 616; x_wconf 92' lang='lat' dir='ltr'><strong>illos</strong></span> <span class='ocrx_word' id='word_1_5' title='bbox 1317 541 1644 616; x_wconf 86' lang='lat' dir='ltr'><strong>debebat.</strong></span> <span class='ocrx_word' id='word_1_6' title='bbox 1688 538 1931 614; x_wconf 86' lang='lat' dir='ltr'><strong>Sacaio</strong></span> <span class='ocrx_word' id='word_1_7' title='bbox 1960 536 2018 610; x_wconf 83' lang='lat' dir='ltr'><strong>V</strong></span> <span class='ocrx_word' id='word_1_8' title='bbox 2059 537 2229 614; x_wconf 76' lang='lat' dir='ltr'><strong>idus</strong></span> <span class='ocrx_word' id='word_1_9' title='bbox 2251 539 2432 636; x_wconf 90' lang='lat' dir='ltr'><strong>ejus-</strong></span> 
     </span>
     <span class='ocr_line' id='line_1_3' title="bbox 315 653 2423 756; baseline -0.007 -16"><span class='ocrx_word' id='word_1_10' title='bbox 315 665 480 740; x_wconf 90' lang='lat' dir='ltr'><strong>dem</strong></span> <span class='ocrx_word' id='word_1_11' title='bbox 535 661 799 736; x_wconf 80' lang='lat' dir='ltr'>mensis</span> <span class='ocrx_word' id='word_1_12' title='bbox 853 660 1332 756; x_wconf 83' lang='lat' dir='ltr'><strong>egrediuntur3</strong></span> <span class='ocrx_word' id='word_1_13' title='bbox 1385 657 1640 730; x_wconf 86' lang='lat' dir='ltr'><strong>Facata</strong></span> <span class='ocrx_word' id='word_1_14' title='bbox 1676 656 1895 752; x_wconf 78' lang='lat' dir='ltr'>pridie</span> <span class='ocrx_word' id='word_1_15' title='bbox 1934 654 2084 730; x_wconf 86' lang='lat' dir='ltr'><strong>Kal.</strong></span> <span class='ocrx_word' id='word_1_16' title='bbox 2117 653 2423 730; x_wconf 82' lang='lat' dir='ltr'><strong>februar.</strong></span> 
     </span>
     <span class='ocr_line' id='line_1_4' title="bbox 317 771 2432 875; baseline -0.006 -18"><span class='ocrx_word' id='word_1_17' title='bbox 317 782 758 858; x_wconf 78' lang='lat' dir='ltr'><strong>discedentes</strong></span> <span class='ocrx_word' id='word_1_18' title='bbox 833 779 1261 875; x_wconf 87' lang='lat' dir='ltr'><strong>perveniunt</strong></span> <span class='ocrx_word' id='word_1_19' title='bbox 1340 778 1427 850; x_wconf 86' lang='lat' dir='ltr'><strong>ad</strong></span> <span class='ocrx_word' id='word_1_20' title='bbox 1477 775 1711 850; x_wconf 90' lang='lat' dir='ltr'><strong>locum</strong></span> <span class='ocrx_word' id='word_1_21' title='bbox 1776 771 2042 848; x_wconf 80' lang='lat' dir='ltr'><strong>Carazu</strong></span> <span class='ocrx_word' id='word_1_22' title='bbox 2122 775 2432 871; x_wconf 76' lang='lat' dir='ltr'><strong>appella-</strong></span> 
     </span>
     <span class='ocr_line' id='line_1_5' title="bbox 319 891 2433 992; baseline -0.004 -20"><span class='ocrx_word' id='word_1_23' title='bbox 319 911 474 972; x_wconf 89' lang='lat' dir='ltr'><strong>tum</strong></span> <span class='ocrx_word' id='word_1_24' title='bbox 529 897 756 970; x_wconf 87' lang='lat' dir='ltr'><strong>tribus</strong></span> <span class='ocrx_word' id='word_1_25' title='bbox 809 919 848 970; x_wconf 88' lang='lat' dir='ltr'><strong>e</strong></span> <span class='ocrx_word' id='word_1_26' title='bbox 901 895 1215 992; x_wconf 82' lang='lat' dir='ltr'><strong>Nangoja</strong></span> <span class='ocrx_word' id='word_1_27' title='bbox 1268 895 1484 969; x_wconf 90' lang='lat' dir='ltr'><strong>leucis</strong></span> <span class='ocrx_word' id='word_1_28' title='bbox 1535 892 1893 980; x_wconf 88' lang='lat' dir='ltr'><strong>dissitum,</strong></span> <span class='ocrx_word' id='word_1_29' title='bbox 1950 893 2067 966; x_wconf 88' lang='lat' dir='ltr'><strong>uhi</strong></span> <span class='ocrx_word' id='word_1_30' title='bbox 2129 891 2433 966; x_wconf 89' lang='lat' dir='ltr'><strong>Fazam-</strong></span> 
     </span>
     <span class='ocr_line' id='line_1_6' title="bbox 321 1008 2429 1108; baseline -0.002 -20"><span class='ocrx_word' id='word_1_31' title='bbox 321 1016 580 1090; x_wconf 90' lang='lat' dir='ltr'><strong>burum</strong></span> <span class='ocrx_word' id='word_1_32' title='bbox 633 1015 1008 1088; x_wconf 85' lang='lat' dir='ltr'><strong>inveniunt</strong></span> <span class='ocrx_word' id='word_1_33' title='bbox 1051 1015 1206 1088; x_wconf 90' lang='lat' dir='ltr'><strong>illos</strong></span> <span class='ocrx_word' id='word_1_34' title='bbox 1260 1011 1838 1108; x_wconf 77' lang='lat' dir='ltr'><strong>praestolantem.</strong></span> <span class='ocrx_word' id='word_1_35' title='bbox 1896 1008 2139 1105; x_wconf 81' lang='lat' dir='ltr'><strong>Longo</strong></span> <span class='ocrx_word' id='word_1_36' title='bbox 2175 1011 2429 1084; x_wconf 86' lang='lat' dir='ltr'><strong>itinere</strong></span> 
     </span>
     <span class='ocr_line' id='line_1_7' title="bbox 319 1127 2429 1229; baseline -0.004 -23"><span class='ocrx_word' id='word_1_37' title='bbox 319 1155 620 1229; x_wconf 81' lang='lat' dir='ltr'><strong>regnum</strong></span> <span class='ocrx_word' id='word_1_38' title='bbox 651 1132 868 1227; x_wconf 79' lang='lat' dir='ltr'><strong>Figen</strong></span> <span class='ocrx_word' id='word_1_39' title='bbox 907 1132 1416 1228; x_wconf 82' lang='lat' dir='ltr'><strong>ingrediuntur,</strong></span> <span class='ocrx_word' id='word_1_40' title='bbox 1447 1129 1837 1204; x_wconf 88' lang='lat' dir='ltr'><strong>adveniunt</strong></span> <span class='ocrx_word' id='word_1_41' title='bbox 1862 1127 2429 1222; x_wconf 84' lang='lat' dir='ltr'><strong>Zancajaehium,</strong></span> 
     </span>
     <span class='ocr_line' id='line_1_8' title="bbox 319 1243 2435 1347; baseline -0.003 -21"><span class='ocrx_word' id='word_1_42' title='bbox 319 1253 506 1326; x_wconf 83' lang='lat' dir='ltr'><strong>unde</strong></span> <span class='ocrx_word' id='word_1_43' title='bbox 555 1251 894 1347; x_wconf 80' lang='lat' dir='ltr'><strong>postridie</strong></span> <span class='ocrx_word' id='word_1_44' title='bbox 947 1273 1230 1344; x_wconf 87' lang='lat' dir='ltr'><strong>summo</strong></span> <span class='ocrx_word' id='word_1_45' title='bbox 1281 1271 1490 1322; x_wconf 89' lang='lat' dir='ltr'><strong>mane</strong></span> <span class='ocrx_word' id='word_1_46' title='bbox 1559 1247 2068 1320; x_wconf 86' lang='lat' dir='ltr'><strong>discesserunt.</strong></span> <span class='ocrx_word' id='word_1_47' title='bbox 2126 1243 2435 1332; x_wconf 77' lang='lat' dir='ltr'><strong>Quanto</strong></span> 
     </span>
     <span class='ocr_line' id='line_1_9' title="bbox 319 1361 2436 1466; baseline -0.003 -24"><span class='ocrx_word' id='word_1_48' title='bbox 319 1369 546 1466; x_wconf 83' lang='lat' dir='ltr'><strong>magis</strong></span> <span class='ocrx_word' id='word_1_49' title='bbox 599 1368 964 1444; x_wconf 85' lang='lat' dir='ltr'><strong>fortissimi</strong></span> <span class='ocrx_word' id='word_1_50' title='bbox 1020 1365 1282 1440; x_wconf 81' lang='lat' dir='ltr'><strong>Christi</strong></span> <span class='ocrx_word' id='word_1_51' title='bbox 1335 1365 1644 1440; x_wconf 77' lang='lat' dir='ltr'><strong>athletae</strong></span> <span class='ocrx_word' id='word_1_52' title='bbox 1706 1365 1792 1438; x_wconf 90' lang='lat' dir='ltr'><strong>ad</strong></span> <span class='ocrx_word' id='word_1_53' title='bbox 1848 1361 2169 1460; x_wconf 82' lang='lat' dir='ltr'><strong>supplicii</strong></span> <span class='ocrx_word' id='word_1_54' title='bbox 2204 1363 2436 1436; x_wconf 90' lang='lat' dir='ltr'><strong>locum</strong></span> 
     </span>
     <span class='ocr_line' id='line_1_10' title="bbox 325 1481 2432 1583; baseline -0.003 -23"><span class='ocrx_word' id='word_1_55' title='bbox 325 1486 1012 1583; x_wconf 76' lang='lat' dir='ltr'><strong>appropinquabant,</strong></span> <span class='ocrx_word' id='word_1_56' title='bbox 1029 1509 1116 1560; x_wconf 89' lang='lat' dir='ltr'><strong>eo</strong></span> <span class='ocrx_word' id='word_1_57' title='bbox 1143 1487 1364 1581; x_wconf 88' lang='lat' dir='ltr'><strong>major</strong></span> <span class='ocrx_word' id='word_1_58' title='bbox 1387 1484 1703 1558; x_wconf 84' lang='lat' dir='ltr'><strong>caritatis</strong></span> <span class='ocrx_word' id='word_1_59' title='bbox 1730 1482 2011 1554; x_wconf 87' lang='lat' dir='ltr'><strong>flamma</strong></span> <span class='ocrx_word' id='word_1_60' title='bbox 2038 1484 2113 1554; x_wconf 89' lang='lat' dir='ltr'><strong>in</strong></span> <span class='ocrx_word' id='word_1_61' title='bbox 2142 1481 2225 1553; x_wconf 92' lang='lat' dir='ltr'><strong>iis</strong></span> <span class='ocrx_word' id='word_1_62' title='bbox 2254 1494 2432 1568; x_wconf 87' lang='lat' dir='ltr'><strong>erat,</strong></span> 
     </span>
     <span class='ocr_line' id='line_1_11' title="bbox 321 1601 2441 1700; baseline -0.003 -22"><span class='ocrx_word' id='word_1_63' title='bbox 321 1614 395 1678; x_wconf 89' lang='lat' dir='ltr'><strong>et</strong></span> <span class='ocrx_word' id='word_1_64' title='bbox 444 1604 770 1700; x_wconf 86' lang='lat' dir='ltr'><strong>quamvis</strong></span> <span class='ocrx_word' id='word_1_65' title='bbox 811 1603 1212 1676; x_wconf 88' lang='lat' dir='ltr'><strong>vehementi</strong></span> <span class='ocrx_word' id='word_1_66' title='bbox 1251 1601 1507 1698; x_wconf 82' lang='lat' dir='ltr'><strong>frigore</strong></span> <span class='ocrx_word' id='word_1_67' title='bbox 1544 1602 1976 1697; x_wconf 79' lang='lat' dir='ltr'><strong>obrigerent,</strong></span> <span class='ocrx_word' id='word_1_68' title='bbox 2016 1601 2291 1696; x_wconf 80' lang='lat' dir='ltr'><strong>pedites</strong></span> <span class='ocrx_word' id='word_1_69' title='bbox 2328 1612 2441 1672; x_wconf 87' lang='lat' dir='ltr'><strong>ta·-</strong></span> 
     </span>
     <span class='ocr_line' id='line_1_12' title="bbox 317 1718 2439 1813; baseline -0.002 -19"><span class='ocrx_word' id='word_1_70' title='bbox 317 1742 485 1794; x_wconf 90' lang='lat' dir='ltr'><strong>men</strong></span> <span class='ocrx_word' id='word_1_71' title='bbox 540 1721 676 1792; x_wconf 84' lang='lat' dir='ltr'><strong>iter</strong></span> <span class='ocrx_word' id='word_1_72' title='bbox 723 1719 1066 1794; x_wconf 81' lang='lat' dir='ltr'><strong>conficere</strong></span> <span class='ocrx_word' id='word_1_73' title='bbox 1121 1719 1543 1792; x_wconf 84' lang='lat' dir='ltr'><strong>maluerunt.</strong></span> <span class='ocrx_word' id='word_1_74' title='bbox 1579 1718 1967 1792; x_wconf 86' lang='lat' dir='ltr'><strong>Sinoncum</strong></span> <span class='ocrx_word' id='word_1_75' title='bbox 2022 1739 2275 1812; x_wconf 85' lang='lat' dir='ltr'><strong>usque,</strong></span> <span class='ocrx_word' id='word_1_76' title='bbox 2315 1718 2439 1813; x_wconf 85' lang='lat' dir='ltr'><strong>qui</strong></span> 
     </span>
     <span class='ocr_line' id='line_1_13' title="bbox 319 1836 2441 1936; baseline -0.002 -22"><span class='ocrx_word' id='word_1_77' title='bbox 319 1851 482 1914; x_wconf 88' lang='lat' dir='ltr'><strong>octo</strong></span> <span class='ocrx_word' id='word_1_78' title='bbox 535 1839 648 1912; x_wconf 89' lang='lat' dir='ltr'><strong>vel</strong></span> <span class='ocrx_word' id='word_1_79' title='bbox 695 1863 956 1914; x_wconf 88' lang='lat' dir='ltr'><strong>novem</strong></span> <span class='ocrx_word' id='word_1_80' title='bbox 1009 1841 1226 1913; x_wconf 88' lang='lat' dir='ltr'><strong>leucis</strong></span> <span class='ocrx_word' id='word_1_81' title='bbox 1278 1838 1765 1936; x_wconf 83' lang='lat' dir='ltr'><strong>Nangasachio</strong></span> <span class='ocrx_word' id='word_1_82' title='bbox 1828 1837 2049 1910; x_wconf 86' lang='lat' dir='ltr'><strong>distat</strong></span> <span class='ocrx_word' id='word_1_83' title='bbox 2078 1889 2099 1923; x_wconf 94' lang='lat'><strong>,</strong></span> <span class='ocrx_word' id='word_1_84' title='bbox 2140 1836 2441 1910; x_wconf 85' lang='lat' dir='ltr'><strong>efferve-</strong></span> 
     </span>
     <span class='ocr_line' id='line_1_14' title="bbox 317 1955 2435 2060; baseline -0.002 -30"><span class='ocrx_word' id='word_1_85' title='bbox 317 1969 560 2030; x_wconf 84' lang='lat' dir='ltr'><strong>scente</strong></span> <span class='ocrx_word' id='word_1_86' title='bbox 611 1957 904 2030; x_wconf 86' lang='lat' dir='ltr'><strong>meridie</strong></span> <span class='ocrx_word' id='word_1_87' title='bbox 957 1969 1460 2052; x_wconf 86' lang='lat' dir='ltr'><strong>pervenerunt.</strong></span> <span class='ocrx_word' id='word_1_88' title='bbox 1520 1955 1669 2060; x_wconf 70' lang='lat' dir='ltr'><strong>Sub</strong></span> <span class='ocrx_word' id='word_1_89' title='bbox 1722 1977 2087 2051; x_wconf 84' lang='lat' dir='ltr'><strong>vesperam</strong></span> <span class='ocrx_word' id='word_1_90' title='bbox 2116 1955 2435 2049; x_wconf 83' lang='lat' dir='ltr'><strong>ejusdem</strong></span> 
     </span>
     <span class='ocr_line' id='line_1_15' title="bbox 315 2071 2437 2169; baseline -0.002 -23"><span class='ocrx_word' id='word_1_91' title='bbox 315 2073 456 2146; x_wconf 89' lang='lat' dir='ltr'><strong>diei</strong></span> <span class='ocrx_word' id='word_1_92' title='bbox 511 2085 896 2168; x_wconf 83' lang='lat' dir='ltr'><strong>antequam</strong></span> <span class='ocrx_word' id='word_1_93' title='bbox 947 2073 1218 2158; x_wconf 86' lang='lat' dir='ltr'><strong>navim,</strong></span> <span class='ocrx_word' id='word_1_94' title='bbox 1269 2095 1410 2169; x_wconf 87' lang='lat' dir='ltr'><strong>qua</strong></span> <span class='ocrx_word' id='word_1_95' title='bbox 1465 2072 1831 2146; x_wconf 83' lang='lat' dir='ltr'><strong>Tonchizu</strong></span> <span class='ocrx_word' id='word_1_96' title='bbox 1906 2083 2183 2166; x_wconf 85' lang='lat' dir='ltr'><strong>septem</strong></span> <span class='ocrx_word' id='word_1_97' title='bbox 2220 2071 2437 2144; x_wconf 87' lang='lat' dir='ltr'><strong>leucis</strong></span> 
     </span>
     <span class='ocr_line' id='line_1_16' title="bbox 317 2189 2435 2277; baseline 0 -17"><span class='ocrx_word' id='word_1_98' title='bbox 317 2189 678 2262; x_wconf 87' lang='lat' dir='ltr'><strong>maritimo</strong></span> <span class='ocrx_word' id='word_1_99' title='bbox 704 2189 952 2262; x_wconf 88' lang='lat' dir='ltr'><strong>itinere</strong></span> <span class='ocrx_word' id='word_1_100' title='bbox 1003 2191 1274 2265; x_wconf 87' lang='lat' dir='ltr'><strong>distans</strong></span> <span class='ocrx_word' id='word_1_101' title='bbox 1309 2189 1620 2262; x_wconf 84' lang='lat' dir='ltr'><strong>eundum</strong></span> <span class='ocrx_word' id='word_1_102' title='bbox 1647 2201 1827 2277; x_wconf 89' lang='lat' dir='ltr'><strong>erat,</strong></span> <span class='ocrx_word' id='word_1_103' title='bbox 1856 2189 2435 2272; x_wconf 75' lang='lat' dir='ltr'><strong>conscenderent,</strong></span> 
     </span>
     <span class='ocr_line' id='line_1_17' title="bbox 315 2304 2437 2392; baseline -0.001 -12"><span class='ocrx_word' id='word_1_104' title='bbox 315 2305 658 2380; x_wconf 84' lang='lat' dir='ltr'><strong>satellites</strong></span> <span class='ocrx_word' id='word_1_105' title='bbox 711 2307 1034 2380; x_wconf 90' lang='lat' dir='ltr'><strong>omnium</strong></span> <span class='ocrx_word' id='word_1_106' title='bbox 1089 2329 1376 2392; x_wconf 84' lang='lat' dir='ltr'><strong>manus,</strong></span> <span class='ocrx_word' id='word_1_107' title='bbox 1433 2304 1777 2380; x_wconf 86' lang='lat' dir='ltr'><strong>fratribus</strong></span> <span class='ocrx_word' id='word_1_108' title='bbox 1846 2305 2233 2380; x_wconf 86' lang='lat' dir='ltr'><strong>Minoribus</strong></span> <span class='ocrx_word' id='word_1_109' title='bbox 2307 2327 2437 2378; x_wconf 86' lang='lat' dir='ltr'><strong>ex-</strong></span> 
     </span>
     <span class='ocr_line' id='line_1_18' title="bbox 315 2415 2435 2520; baseline -0.001 -24"><span class='ocrx_word' id='word_1_110' title='bbox 315 2424 566 2520; x_wconf 87' lang='lat' dir='ltr'><strong>ceptis,</strong></span> <span class='ocrx_word' id='word_1_111' title='bbox 626 2437 790 2520; x_wconf 88' lang='lat' dir='ltr'><strong>post</strong></span> <span class='ocrx_word' id='word_1_112' title='bbox 845 2415 1208 2498; x_wconf 82' lang='lat' dir='ltr'><strong>humeros</strong></span> <span class='ocrx_word' id='word_1_113' title='bbox 1256 2424 1626 2496; x_wconf 82' lang='lat' dir='ltr'><strong>revinxere</strong></span> <span class='ocrx_word' id='word_1_114' title='bbox 1700 2422 1986 2498; x_wconf 85' lang='lat' dir='ltr'><strong>funibus</strong></span> <span class='ocrx_word' id='word_1_115' title='bbox 2046 2425 2235 2498; x_wconf 78' lang='lat' dir='ltr'><strong>circa</strong></span> <span class='ocrx_word' id='word_1_116' title='bbox 2284 2422 2435 2498; x_wconf 91' lang='lat' dir='ltr'><strong>col-</strong></span> 
     </span>
     <span class='ocr_line' id='line_1_19' title="bbox 317 2539 2433 2637; baseline 0.001 -25"><span class='ocrx_word' id='word_1_117' title='bbox 317 2539 464 2614; x_wconf 89' lang='lat' dir='ltr'><strong>lum</strong></span> <span class='ocrx_word' id='word_1_118' title='bbox 520 2539 848 2636; x_wconf 84' lang='lat' dir='ltr'><strong>alligatis.</strong></span> <span class='ocrx_word' id='word_1_119' title='bbox 911 2541 1438 2617; x_wconf 86' lang='lat' dir='ltr'><strong>Tonchizanum</strong></span> <span class='ocrx_word' id='word_1_120' title='bbox 1491 2552 1779 2637; x_wconf 87' lang='lat' dir='ltr'><strong>portum</strong></span> <span class='ocrx_word' id='word_1_121' title='bbox 1834 2542 2033 2614; x_wconf 82' lang='lat' dir='ltr'><strong>brevi</strong></span> <span class='ocrx_word' id='word_1_122' title='bbox 2066 2549 2377 2614; x_wconf 84' lang='lat' dir='ltr'><strong>‘tenuere</strong></span> <span class='ocrx_word' id='word_1_123' title='bbox 2408 2591 2433 2628; x_wconf 87' lang='lat'>‚</span> 
     </span>
     <span class='ocr_line' id='line_1_20' title="bbox 318 2655 2147 2752; baseline -0.002 -22"><span class='ocrx_word' id='word_1_124' title='bbox 318 2665 610 2751; x_wconf 84' lang='lat' dir='ltr'><strong>totaque</strong></span> <span class='ocrx_word' id='word_1_125' title='bbox 663 2667 874 2730; x_wconf 85' lang='lat' dir='ltr'><strong>nocte</strong></span> <span class='ocrx_word' id='word_1_126' title='bbox 929 2656 1194 2752; x_wconf 80' lang='lat' dir='ltr'><strong>algenti</strong></span> <span class='ocrx_word' id='word_1_127' title='bbox 1246 2655 1540 2730; x_wconf 84' lang='lat' dir='ltr'><strong>brumae</strong></span> <span class='ocrx_word' id='word_1_128' title='bbox 1597 2657 1903 2752; x_wconf 85' lang='lat' dir='ltr'><strong>expositi</strong></span> <span class='ocrx_word' id='word_1_129' title='bbox 1956 2667 2147 2730; x_wconf 88' lang='lat' dir='ltr'><strong>sunt.</strong></span> 
     </span>
    </p>

    <p class='ocr_par' dir='ltr' id='par_1_2' title="bbox 313 2772 2441 4281">
     <span class='ocr_line' id='line_1_21' title="bbox 469 2772 2438 2870; baseline 0.001 -27"><span class='ocrx_word' id='word_1_130' title='bbox 469 2774 534 2866; x_wconf 81' lang='lat'><strong>§.</strong></span> <span class='ocrx_word' id='word_1_131' title='bbox 593 2775 717 2846; x_wconf 74' lang='lat'><strong>34.</strong></span> <span class='ocrx_word' id='word_1_132' title='bbox 776 2772 1164 2846; x_wconf 85' lang='lat' dir='ltr'><strong>Paraverat</strong></span> <span class='ocrx_word' id='word_1_133' title='bbox 1215 2775 1502 2870; x_wconf 87' lang='lat' dir='ltr'><strong>quidem</strong></span> <span class='ocrx_word' id='word_1_134' title='bbox 1555 2798 1685 2870; x_wconf 88' lang='lat' dir='ltr'><strong>pro</strong></span> <span class='ocrx_word' id='word_1_135' title='bbox 1741 2775 2075 2850; x_wconf 88' lang='lat' dir='ltr'><strong>omnibus</strong></span> <span class='ocrx_word' id='word_1_136' title='bbox 2137 2773 2438 2846; x_wconf 83' lang='lat' dir='ltr'><strong>Fazam-</strong></span> 
     </span>
     <span class='ocr_line' id='line_1_22' title="bbox 316 2889 2433 2986; baseline -0 -22"><span class='ocrx_word' id='word_1_137' title='bbox 316 2889 536 2964; x_wconf 82' lang='lat' dir='ltr'><strong>burus</strong></span> <span class='ocrx_word' id='word_1_138' title='bbox 587 2893 660 2964; x_wconf 91' lang='lat' dir='ltr'><strong>in</strong></span> <span class='ocrx_word' id='word_1_139' title='bbox 713 2905 1048 2966; x_wconf 88' lang='lat' dir='ltr'><strong>consueta</strong></span> <span class='ocrx_word' id='word_1_140' title='bbox 1101 2891 1561 2986; x_wconf 80' lang='lat' dir='ltr'><strong>Nangasachii</strong></span> <span class='ocrx_word' id='word_1_141' title='bbox 1645 2891 1881 2985; x_wconf 85' lang='lat' dir='ltr'><strong>platea</strong></span> <span class='ocrx_word' id='word_1_142' title='bbox 1958 2913 2201 2965; x_wconf 83' lang='lat' dir='ltr'><strong>eruces</strong></span> <span class='ocrx_word' id='word_1_143' title='bbox 2234 2941 2255 2976; x_wconf 89' lang='lat'><strong>‚</strong></span> <span class='ocrx_word' id='word_1_144' title='bbox 2312 2892 2433 2964; x_wconf 90' lang='lat' dir='ltr'><strong>sed</strong></span> 
     </span>
     <span class='ocr_line' id='line_1_23' title="bbox 314 3008 2435 3106; baseline -0.001 -24"><span class='ocrx_word' id='word_1_145' title='bbox 314 3020 604 3106; x_wconf 79' lang='lat' dir='ltr'><strong>rogatus</strong></span> <span class='ocrx_word' id='word_1_146' title='bbox 629 3033 669 3082; x_wconf 90' lang='lat' dir='ltr'><strong>a</strong></span> <span class='ocrx_word' id='word_1_147' title='bbox 696 3008 1052 3084; x_wconf 84' lang='lat' dir='ltr'><strong>Lusitanis</strong></span> <span class='ocrx_word' id='word_1_148' title='bbox 1091 3020 1402 3082; x_wconf 85' lang='lat' dir='ltr'><strong>statutae</strong></span> <span class='ocrx_word' id='word_1_149' title='bbox 1431 3022 1598 3084; x_wconf 90' lang='lat' dir='ltr'><strong>sunt</strong></span> <span class='ocrx_word' id='word_1_150' title='bbox 1633 3011 1705 3081; x_wconf 93' lang='lat' dir='ltr'><strong>in</strong></span> <span class='ocrx_word' id='word_1_151' title='bbox 1738 3031 2018 3082; x_wconf 87' lang='lat' dir='ltr'><strong>summa</strong></span> <span class='ocrx_word' id='word_1_152' title='bbox 2046 3008 2243 3082; x_wconf 89' lang='lat' dir='ltr'><strong>collis</strong></span> <span class='ocrx_word' id='word_1_153' title='bbox 2270 3029 2435 3082; x_wconf 84' lang='lat' dir='ltr'><strong>area</strong></span> 
     </span>
     <span class='ocr_line' id='line_1_24' title="bbox 317 3124 2439 3222; baseline -0.002 -22"><span class='ocrx_word' id='word_1_154' title='bbox 317 3147 500 3222; x_wconf 83' lang='lat' dir='ltr'><strong>quae</strong></span> <span class='ocrx_word' id='word_1_155' title='bbox 557 3127 706 3200; x_wconf 86' lang='lat' dir='ltr'><strong>urbi</strong></span> <span class='ocrx_word' id='word_1_156' title='bbox 761 3126 1202 3200; x_wconf 88' lang='lat' dir='ltr'><strong>imminebat.</strong></span> <span class='ocrx_word' id='word_1_157' title='bbox 1237 3125 1532 3200; x_wconf 88' lang='lat' dir='ltr'><strong>Silentio</strong></span> <span class='ocrx_word' id='word_1_158' title='bbox 1570 3136 1815 3200; x_wconf 86' lang='lat' dir='ltr'><strong>autem</strong></span> <span class='ocrx_word' id='word_1_159' title='bbox 1842 3124 2439 3221; x_wconf 87' lang='lat' dir='ltr'><strong>praetereundum</strong></span> 
     </span>
     <span class='ocr_line' id='line_1_25' title="bbox 313 3240 2434 3340; baseline -0.001 -26"><span class='ocrx_word' id='word_1_160' title='bbox 313 3265 462 3316; x_wconf 89' lang='lat' dir='ltr'><strong>non</strong></span> <span class='ocrx_word' id='word_1_161' title='bbox 515 3244 864 3340; x_wconf 82' lang='lat' dir='ltr'><strong>estquod</strong></span> <span class='ocrx_word' id='word_1_162' title='bbox 917 3242 1342 3317; x_wconf 80' lang='lat' dir='ltr'><strong>adolescenti</strong></span> <span class='ocrx_word' id='word_1_163' title='bbox 1400 3241 1708 3316; x_wconf 80' lang='lat' dir='ltr'><strong>Antonio</strong></span> <span class='ocrx_word' id='word_1_164' title='bbox 1744 3241 1817 3313; x_wconf 89' lang='lat' dir='ltr'><strong>in</strong></span> <span class='ocrx_word' id='word_1_165' title='bbox 1871 3240 2124 3314; x_wconf 87' lang='lat' dir='ltr'><strong>itinere</strong></span> <span class='ocrx_word' id='word_1_166' title='bbox 2158 3241 2434 3314; x_wconf 84' lang='lat' dir='ltr'><strong>accidit.</strong></span> 
     </span>
     <span class='ocr_line' id='line_1_26' title="bbox 319 3357 2439 3457; baseline -0 -24"><span class='ocrx_word' id='word_1_167' title='bbox 319 3357 500 3434; x_wconf 89' lang='lat' dir='ltr'><strong>Cum</strong></span> <span class='ocrx_word' id='word_1_168' title='bbox 553 3361 650 3434; x_wconf 89' lang='lat' dir='ltr'><strong>illi</strong></span> <span class='ocrx_word' id='word_1_169' title='bbox 703 3373 1036 3457; x_wconf 86' lang='lat' dir='ltr'><strong>parentes</strong></span> <span class='ocrx_word' id='word_1_170' title='bbox 1088 3361 1586 3447; x_wconf 84' lang='lat' dir='ltr'><strong>occurrissent,</strong></span> <span class='ocrx_word' id='word_1_171' title='bbox 1644 3371 1721 3434; x_wconf 88' lang='lat' dir='ltr'><strong>et</strong></span> <span class='ocrx_word' id='word_1_172' title='bbox 1771 3359 2129 3434; x_wconf 85' lang='lat' dir='ltr'><strong>blanditiis</strong></span> <span class='ocrx_word' id='word_1_173' title='bbox 2208 3358 2439 3456; x_wconf 83' lang='lat' dir='ltr'><strong>laery-</strong></span> 
     </span>
     <span class='ocr_line' id='line_1_27' title="bbox 316 3478 2437 3576; baseline 0 -24"><span class='ocrx_word' id='word_1_174' title='bbox 316 3480 595 3576; x_wconf 86' lang='lat' dir='ltr'><strong>misque</strong></span> <span class='ocrx_word' id='word_1_175' title='bbox 646 3480 1124 3566; x_wconf 83' lang='lat' dir='ltr'><strong>hortarentur,</strong></span> <span class='ocrx_word' id='word_1_176' title='bbox 1182 3491 1262 3552; x_wconf 89' lang='lat' dir='ltr'><strong>ut</strong></span> <span class='ocrx_word' id='word_1_177' title='bbox 1331 3501 1370 3552; x_wconf 89' lang='lat' dir='ltr'><strong>a</strong></span> <span class='ocrx_word' id='word_1_178' title='bbox 1408 3479 1544 3552; x_wconf 85' lang='lat' dir='ltr'><strong>fide</strong></span> <span class='ocrx_word' id='word_1_179' title='bbox 1619 3478 1977 3564; x_wconf 85' lang='lat' dir='ltr'><strong>deficeret,</strong></span> <span class='ocrx_word' id='word_1_180' title='bbox 2052 3478 2193 3561; x_wconf 89' lang='lat' dir='ltr'><strong>ille,</strong></span> <span class='ocrx_word' id='word_1_181' title='bbox 2261 3501 2437 3574; x_wconf 88' lang='lat' dir='ltr'><strong>quas</strong></span> 
     </span>
     <span class='ocr_line' id='line_1_28' title="bbox 317 3595 2441 3694; baseline 0 -27"><span class='ocrx_word' id='word_1_182' title='bbox 317 3595 524 3684; x_wconf 90' lang='lat' dir='ltr'><strong>mihi,</strong></span> <span class='ocrx_word' id='word_1_183' title='bbox 590 3597 846 3694; x_wconf 90' lang='lat' dir='ltr'><strong>inquit,</strong></span> <span class='ocrx_word' id='word_1_184' title='bbox 915 3596 1356 3692; x_wconf 85' lang='lat' dir='ltr'><strong>promittitis,</strong></span> <span class='ocrx_word' id='word_1_185' title='bbox 1398 3596 1685 3670; x_wconf 86' lang='lat' dir='ltr'><strong>divitiae</strong></span> <span class='ocrx_word' id='word_1_186' title='bbox 1758 3607 1831 3668; x_wconf 89' lang='lat' dir='ltr'><strong>et</strong></span> <span class='ocrx_word' id='word_1_187' title='bbox 1884 3617 2081 3690; x_wconf 88' lang='lat' dir='ltr'><strong>opes,</strong></span> <span class='ocrx_word' id='word_1_188' title='bbox 2120 3606 2441 3668; x_wconf 87' lang='lat' dir='ltr'><strong>terrenae</strong></span> 
     </span>
     <span class='ocr_line' id='line_1_29' title="bbox 316 3713 2437 3812; baseline -0.001 -24"><span class='ocrx_word' id='word_1_189' title='bbox 316 3727 510 3802; x_wconf 86' lang='lat' dir='ltr'><strong>sunt,</strong></span> <span class='ocrx_word' id='word_1_190' title='bbox 585 3717 866 3812; x_wconf 89' lang='lat' dir='ltr'><strong>citoque</strong></span> <span class='ocrx_word' id='word_1_191' title='bbox 922 3717 1254 3790; x_wconf 89' lang='lat' dir='ltr'><strong>avolant:</strong></span> <span class='ocrx_word' id='word_1_192' title='bbox 1317 3727 1392 3788; x_wconf 87' lang='lat' dir='ltr'><strong>at</strong></span> <span class='ocrx_word' id='word_1_193' title='bbox 1441 3715 1773 3789; x_wconf 87' lang='lat' dir='ltr'><strong>caelestia</strong></span> <span class='ocrx_word' id='word_1_194' title='bbox 1810 3727 1886 3786; x_wconf 89' lang='lat' dir='ltr'><strong>et</strong></span> <span class='ocrx_word' id='word_1_195' title='bbox 1938 3725 2225 3788; x_wconf 85' lang='lat' dir='ltr'><strong>aeterna</strong></span> <span class='ocrx_word' id='word_1_196' title='bbox 2260 3713 2437 3786; x_wconf 86' lang='lat' dir='ltr'><strong>mihi</strong></span> 
     </span>
     <span class='ocr_line' id='line_1_30' title="bbox 319 3829 2441 3930; baseline 0 -26"><span class='ocrx_word' id='word_1_197' title='bbox 319 3829 642 3906; x_wconf 88' lang='lat' dir='ltr'><strong>Christus</strong></span> <span class='ocrx_word' id='word_1_198' title='bbox 671 3832 988 3928; x_wconf 78' lang='lat' dir='ltr'><strong>largitur.</strong></span> <span class='ocrx_word' id='word_1_199' title='bbox 1025 3832 1290 3928; x_wconf 85' lang='lat' dir='ltr'><strong>Erepta</strong></span> <span class='ocrx_word' id='word_1_200' title='bbox 1315 3834 1594 3916; x_wconf 88' lang='lat' dir='ltr'><strong>deinde,</strong></span> <span class='ocrx_word' id='word_1_201' title='bbox 1635 3855 1773 3930; x_wconf 87' lang='lat' dir='ltr'><strong>qua</strong></span> <span class='ocrx_word' id='word_1_202' title='bbox 1812 3831 2289 3928; x_wconf 86' lang='lat' dir='ltr'><strong>operiebatur,</strong></span> <span class='ocrx_word' id='word_1_203' title='bbox 2320 3841 2441 3904; x_wconf 88' lang='lat' dir='ltr'><strong>tu-</strong></span> 
     </span>
     <span class='ocr_line' id='line_1_31' title="bbox 317 3948 2441 4045; baseline -0.001 -24"><span class='ocrx_word' id='word_1_204' title='bbox 317 3949 476 4021; x_wconf 90' lang='lat' dir='ltr'><strong>nica</strong></span> <span class='ocrx_word' id='word_1_205' title='bbox 530 3948 1084 4045; x_wconf 83' lang='lat' dir='ltr'><strong>parentibusque</strong></span> <span class='ocrx_word' id='word_1_206' title='bbox 1117 3948 1418 4035; x_wconf 86' lang='lat' dir='ltr'><strong>reddita,</strong></span> <span class='ocrx_word' id='word_1_207' title='bbox 1448 3971 1832 4044; x_wconf 85' lang='lat' dir='ltr'><strong>properans</strong></span> <span class='ocrx_word' id='word_1_208' title='bbox 1867 3949 2239 4043; x_wconf 81' lang='lat' dir='ltr'><strong>laetusque</strong></span> <span class='ocrx_word' id='word_1_209' title='bbox 2276 3971 2441 4020; x_wconf 89' lang='lat' dir='ltr'><strong>cru-</strong></span> 
     </span>
     <span class='ocr_line' id='line_1_32' title="bbox 317 4065 2439 4165; baseline -0.002 -24"><span class='ocrx_word' id='word_1_210' title='bbox 317 4089 476 4142; x_wconf 87' lang='lat' dir='ltr'><strong>cem</strong></span> <span class='ocrx_word' id='word_1_211' title='bbox 527 4067 976 4163; x_wconf 86' lang='lat' dir='ltr'><strong>amplexatus</strong></span> <span class='ocrx_word' id='word_1_212' title='bbox 1030 4079 1164 4142; x_wconf 86' lang='lat' dir='ltr'><strong>est.</strong></span> <span class='ocrx_word' id='word_1_213' title='bbox 1225 4065 1302 4140; x_wconf 94' lang='lat' dir='ltr'><strong>ld</strong></span> <span class='ocrx_word' id='word_1_214' title='bbox 1356 4067 1490 4140; x_wconf 88' lang='lat' dir='ltr'><strong>sibi</strong></span> <span class='ocrx_word' id='word_1_215' title='bbox 1571 4068 1923 4165; x_wconf 87' lang='lat' dir='ltr'><strong>peculiare</strong></span> <span class='ocrx_word' id='word_1_216' title='bbox 1994 4066 2263 4140; x_wconf 88' lang='lat' dir='ltr'><strong>habent</strong></span> <span class='ocrx_word' id='word_1_217' title='bbox 2313 4065 2439 4138; x_wconf 83' lang='lat' dir='ltr'><strong>Ja-</strong></span> 
     </span>
     <span class='ocr_line' id='line_1_33' title="bbox 319 4181 2434 4281; baseline -0.001 -22"><span class='ocrx_word' id='word_1_218' title='bbox 319 4203 589 4281; x_wconf 89' lang='lat' dir='ltr'><strong>ponum</strong></span> <span class='ocrx_word' id='word_1_219' title='bbox 645 4207 890 4260; x_wconf 87' lang='lat' dir='ltr'><strong>cruces</strong></span> <span class='ocrx_word' id='word_1_220' title='bbox 941 4184 1130 4280; x_wconf 88' lang='lat' dir='ltr'><strong>quod</strong></span> <span class='ocrx_word' id='word_1_221' title='bbox 1183 4184 1256 4255; x_wconf 92' lang='lat' dir='ltr'><strong>in</strong></span> <span class='ocrx_word' id='word_1_222' title='bbox 1309 4181 1546 4256; x_wconf 87' lang='lat' dir='ltr'><strong>infima</strong></span> <span class='ocrx_word' id='word_1_223' title='bbox 1603 4184 1865 4280; x_wconf 86' lang='lat' dir='ltr'><strong>stipitis</strong></span> <span class='ocrx_word' id='word_1_224' title='bbox 1896 4195 2094 4278; x_wconf 86' lang='lat' dir='ltr'><strong>parte</strong></span> <span class='ocrx_word' id='word_1_225' title='bbox 2132 4182 2434 4278; x_wconf 51' lang='lat' dir='ltr'><strong>apposiss</strong></span> 
     </span>
    </p>
   </div>
  </div>
 </body>
</html>
