3317 5267
2335 463 2429 536 23

295 590 826 677 peragerentur,
881 599 1024 673 quo
1075 586 1286 651 antea
1319 577 1558 673 peragi
1593 573 1943 665 solebant,
1996 599 2162 652 cum
2216 600 2433 652 enun-

300 695 492 769 ciata
543 694 808 769 Urbani
877 692 1036 767 vul
1113 691 1544 769 Constitutio
1619 694 1829 790 plene
1905 694 2179 791 vigeret
2214 746 2236 781 ‚
2291 716 2433 792 qua

300 809 472 883 festi
523 811 610 884 de
661 820 1040 906 praecepto
1091 808 1242 883 dies
1293 810 1620 883 servandi
1654 808 1937 883 fuerant
1986 810 2425 907 praescripti.

299 924 414 999 Ex
467 950 610 1024 quo
645 927 936 1023 parochi
975 924 1090 999 vel
1123 924 1326 998 facile
1361 924 1751 1022 intelligere
1785 936 2141 1022 poterant,
2180 949 2259 1002 se
2296 925 2429 999 illis

299 1044 551 1119 diebus
603 1045 894 1119 minime
947 1044 1318 1139 expeditos
1367 1066 1526 1119 esse
1577 1044 1669 1117 ab
1721 1045 2147 1142 obligatione
2200 1044 2429 1143 appli-

297 1162 506 1247 candi
555 1184 686 1257 pro
737 1162 1002 1259 populo
1052 1157 1370 1249 Missam,
1411 1184 1592 1258 quae
1626 1162 1998 1257 potissima
2032 1164 2211 1236 ritus
2262 1185 2427 1259 pars

297 1290 438 1367 est,
476 1280 714 1353 animo
750 1282 1166 1377 praesertim
1205 1288 1620 1374 reputantes
1656 1274 2023 1354 Pontificia
2061 1277 2427 1376 Rescripta

296 1418 386 1471 eo
438 1397 670 1492 plane,
725 1420 941 1495 quem
992 1418 1162 1493 prae
1199 1420 1277 1471 se
1337 1394 1577 1469 ferunt
1605 1447 1626 1484 ,
1666 1417 1883 1469 sensu
1934 1418 2089 1471 esse
2141 1399 2429 1473 omnino

295 1512 726 1609 accipienda,
781 1526 856 1587 et
911 1514 1028 1587 illa
1081 1512 1765 1616 strictissimaeeesse
1802 1513 2421 1609 interpretationis.

294 1626 582 1704 Accedit
633 1630 878 1719 etiam,
933 1641 1016 1704 ut
1052 1632 1230 1705 haec
1269 1630 1526 1703 Sancta
1564 1628 1783 1703 Sedes
1818 1630 1889 1701 in
1930 1629 2247 1725 plurimis
2300 1654 2429 1726 pe-

293 1746 675 1823 culiaribus
725 1748 1006 1823 casibus
1057 1748 1148 1823 de
1208 1748 1611 1823 huiusmodi
1681 1750 2151 1845 parochorum
2214 1774 2427 1825 onere

182 1848 198 1867 ⁸
291 1864 618 1940 consulta
669 1865 858 1939 haud
913 1866 1239 1939 omiserit
1271 1888 1400 1961 per
1434 1888 1598 1939 suas
1635 1866 2051 1962 praesertim
2114 1864 2429 1961 Congre-

295 1982 620 2079 gationes
671 1985 824 2058 sive
875 1980 1195 2072 Concilii‚
1249 1984 1402 2057 sive
1456 1983 1652 2059 Fidei
1707 1984 2221 2080 propagandae,
2276 1984 2427 2057 sive

295 2100 674 2177 Sacrorum
730 2102 1056 2190 Rituum,
1113 2104 1264 2177 sive
1341 2103 1560 2175 etiam
1606 2126 1741 2197 -per
1792 2101 2080 2175 Sacram
2158 2100 2429 2177 Poeni-

293 2218 696 2293 tentiariam
733 2220 1144 2316 saepissime
1172 2218 1596 2315 respondere
1633 2228 1712 2290 et
1746 2218 2043 2305 edicere,
2084 2218 2429 2314 parochos

290 2338 522 2413 eidem
593 2343 787 2417 oneri
865 2362 1022 2414 esse
1101 2339 1446 2414 obnoxios
1527 2337 1925 2434 applicandi
1988 2362 2117 2435 pro
2170 2339 2427 2436 populo

289 2454 581 2529 Missam
634 2458 770 2531 illis
819 2458 1038 2533 etiam
1075 2455 1348 2542 diebus,
1387 2454 1508 2551 qui
1553 2456 1642 2529 de
1679 2453 2025 2533 festorum
2078 2482 2169 2533 ex
2220 2480 2431 2554 prae-

285 2585 496 2669 cepto
547 2574 822 2647 dierum
874 2594 1172 2648 numero
1223 2570 1510 2647 fuerant
1558 2572 1843 2648 sublati.

443 2688 690 2787 Itaque
727 2690 940 2765 rebus
973 2688 1306 2765 omnibus
1341 2701 1622 2763 maturo
1659 2691 1987 2765 examine
2024 2693 2420 2789 perpensiS,

287 2816 502 2904 atque
555 2809 626 2880 in
664 2808 1034 2884 consilium
1087 2808 1420 2883 adhibitis
1467 2809 1831 2884 nonnullis
1896 2808 2425 2887 venerabilibus

287 2924 656 3001 Fratribus
691 2926 964 3003 Nostris
999 2926 1076 3001 S.
1118 2928 1207 3001 R.
1247 2926 1334 3001 E.
1377 2926 1865 3004 Cardinalibus
1902 2929 2199 3007 Nostrae
2236 2924 2429 3028 {Con-

285 3042 714 3139 gregationis
767 3042 1196 3117 Tridentinis
1241 3040 1566 3120 Decretis
1619 3046 1903 3119 tuendis
1956 3048 2421 3143 interpretan-

283 3157 534 3255 disque
597 3160 1067 3256 praepositae,
1106 3160 1292 3233 hanc
1328 3158 1578 3248 Vobis,
1619 3158 2071 3239 venerabiles
2111 3163 2421 3250 Fratres,

285 3272 696 3373 Enyclicam
747 3276 1144 3375 Epistulam
1225 3278 1671 3353 scribendam
1760 3302 1918 3355 esse
1970 3280 2371 3354 censuimus
2404 3332 2425 3365 ,

285 3404 368 3466 ut
415 3404 688 3467 certam
743 3406 820 3469 et
869 3407 1319 3469 constantem
1357 3416 1687 3475 normam
1728 3394 2107 3492 legemque
2158 3397 2429 3471 consti-

281 3520 568 3586 tuamus
617 3512 708 3587 ab
735 3512 1066 3589 omnibus
1099 3513 1432 3609 parochis
1469 3512 1714 3589 sedulo
1748 3511 2259 3611 diligenterque
2294 3514 2427 3591 ob·-

281 3629 726 3703 servandam.
789 3628 1266 3720 Quamobrem
1323 3630 1520 3703 hisce
1573 3627 1871 3705 Litteris
1922 3630 2361 3717 declaramus
2402 3684 2424 3719 ‚

281 3747 664 3823 statuimus
714 3760 933 3847 atque
979 3748 1450 3837 decernimu5‚
1493 3750 1862 3845 parochos,
1902 3750 2215 3846 aliosque
2266 3773 2427 3823 om-

279 3894 408 3947 nes
467 3874 868 3949 animarum
919 3894 1166 3951 curam
1251 3887 1416 3949 actu
1493 3886 1823 3970 gerentes
1900 3886 2427 3961 sacrosanctum

279 3990 538 4069 Missae
591 3995 1014 4071 sacrificium
1065 4017 1198 4092 pro
1254 3994 1514 4092 populo
1565 3994 1701 4070 sibi
1780 3994 2159 4075 commisso
2236 3994 2425 4069 cele-

281 4108 517 4199 brare,
573 4123 650 4186 et
701 4102 1052 4209 applicare
1103 4113 1362 4187 debere
1416 4124 1572 4189 tum
1623 4112 1954 4188 omnibus
2007 4110 2418 4199 Dominicis,

279 4226 574 4327 aliisque
607 4228 858 4305 diebus
897 4282 918 4319 ,
973 4229 1096 4327 qui
1147 4254 1238 4305 ex
1291 4240 1671 4327 praecepto
1724 4228 1956 4305 adhuc
2010 4241 2417 4317 servantur,
