3317 5267
2336 471 2477 546 '709

1287 699 1350 794 g,
1410 693 1524 774 v1.

369 911 670 996 Errores
721 917 810 994 dc
861 919 1184 994 societate
1234 919 1432 994 civili
1484 935 1637 996 tam
1688 923 1769 994 in
1808 945 1924 1009 se,
1980 933 2133 996 tum
2188 924 2269 994 in
2324 925 2471 996 suis

694 1038 788 1112 ad
856 1037 1246 1114 Ecclesiam
1297 1038 1755 1114 relationibus
1826 1053 2160 1136 spectata.

531 1283 852 1361 XXXIX.
915 1287 1370 1384 Reipublicae
1417 1299 1675 1376 status,
1713 1297 1961 1381 utpote
1998 1289 2319 1363 omnium
2356 1289 2481 1363 iu—

371 1403 554 1478 rium
629 1406 824 1502 origo
884 1415 960 1479 et
1019 1403 1204 1492 fons,
1245 1406 1392 1478 iure
1425 1405 1737 1502 quodam
1796 1405 2013 1500 pollet
2060 1405 2297 1492 nullis,
2328 1407 2481 1480 cir-

373 1525 802 1619 cumsc1·ipto
852 1518 1219 1596 limitibus.

583 1649 794 1721 Alloc.
832 1653 1130 1723 Maxima
1177 1655 1428 1740 quidem
1475 1652 1520 1720 9
1565 1654 1735 1721 iunii
1770 1651 1973 1722 1862.

527 1755 672 1830 XL.
715 1755 1113 1833 Catholicae
1139 1757 1495 1832 Ecclesiae
1522 1759 1841 1833 doctrina
1878 1761 2227 1834 humanae
2254 1762 2477 1836 socie-

372 1877 540 1949 tatis
601 1875 789 1951 bono
857 1887 932 1950 et
991 1877 1380 1952 commodis
1451 1878 1885 1951 adversatur.

579 2005 784 2092 Epist.
821 2007 1068 2092 encycl.
1135 2007 1270 2084 Qui
1308 2003 1612 2092 pluribus
1656 2004 1701 2070 9
1729 2003 2099 2072 novembris
2128 2003 2332 2075 1846.

575 2119 792 2189 Alloc.
829 2122 1080 2202 Quibus
1110 2128 1492 2210 quantisque
1537 2117 1628 2189 20
1654 2122 1883 2210 aprilis
1916 2117 2117 2191 1849·

373 2265 386 2272 -
525 2224 704 2300 XLI.
761 2224 962 2301 Civili
1031 2230 1367 2323 potestati
1436 2227 1550 2301 vel
1619 2226 1709 2300 ab
1768 2226 2025 2300 infideli
2097 2228 2488 2324 imperante

373 2343 725 2417 exercitae
749 2344 1096 2438 competit
1134 2353 1454 2438 potestas
1489 2342 1831 2417 indirecta
1880 2344 2210 2440 negativa
2246 2345 2315 2416 in
2354 2359 2485 2418 sa·-

363 2483 518 2548 cra3
553 2461 782 2536 eidem
809 2461 1102 2557 proinde
1139 2460 1484 2558 competit
1524 2461 1787 2535 nedum
1839 2461 1948 2535 ius
1984 2464 2172 2558 quod
2228 2473 2485 2538 vocant

355 2589 791 2678 exequatur,
831 2579 958 2652 sed
1007 2578 1224 2652 etiam
1277 2578 1388 2651 ius
1439 2575 1965 2676 appellationis,
2040 2601 2255 2676 quam
2306 2603 2493 2655 nun-

357 2705 666 2791 cupant,
705 2694 792 2766 ab
843 2693 1096 2770 abusa.

578 2825 740 2891 Litt.
779 2823 1002 2912 Δροσί.
1041 2826 1146 2891 Διὶ
1177 2825 1570 2910 apostolicae
1601 2826 1689 2890 22
1718 2828 1982 2915 augusti
2014 2823 2219 2893 1851.

524 2941 734 3016 XLII.
791 2942 872 3014 In
907 2943 1236 3019 conflictu
1259 2946 1496 3039 legum
1531 2947 1901 3042 utriusque
1926 2947 2324 3042 potestatis,
2354 2949 2463 3021 ius

359 3059 574 3138 civile
625 3061 1007 3156 praevalet.

573 3191 734 3259 Litt.
775 3187 1001 3281 Apost.
1035 3193 1136 3260 Aa
1165 3195 1541 3280 apostolicae
1567 3193 1656 3262 22
1688 3197 1950 3283 augusti
1978 3192 2180 3263 1851.
2377 3261 2381 3265 .

523 3297 765 3373 XLIII.
823 3298 1029 3374 Laica
1065 3311 1381 3395 potestas
1417 3303 1909 3376 auctoritatem
1948 3301 2165 3376 habet
2206 3304 2485 3378 rescin-

359 3419 604 3506 dendi,
643 3418 1034 3493 declarandi
1061 3441 1143 3492 ac
1177 3417 1474 3493 faciendi
1517 3420 1751 3493 irritas
1787 3421 2139 3495 solemnes
2164 3419 2487 3498 Conven-

363 3538 602 3610 tiones
645 3531 882 3632 (vulgo
930 3531 1391 3635 Concordata)
1447 3559 1661 3633 super
1708 3561 1839 3612 usu
1900 3539 2158 3612 iurium
2212 3542 2299 3614 ad
2361 3563 2485 3615 ec-

355 3651 829 3728 clesiasticam
901 3653 1422 3726 immunitatem
1485 3655 1995 3750 pertinentium
2058 3679 2224 3730 cum
2291 3657 2477 3732 Sede

361 3769 776 3866 Apostolica
827 3769 1061 3856 initas,
1117 3771 1272 3844 sine
1321 3771 1529 3846 huius
1581 3795 1955 3860 consensu,
2014 3773 2234 3848 immo
2278 3787 2353 3848 et
2405 3796 2489 3848 ca

357 3884 843 3964 reclamante.

581 3999 794 4070 Alloc.
831 4003 914 4069 In
949 4003 1397 4072 consistoriali
1425 4000 1472 4072 4
1493 4001 1865 4070 novembris
1902 3999 2097 4072 1850.

590 4107 802 4177 Alloc.
854 4112 1088 4180 Multis
1130 4109 1558 4198 manibusque
1609 4108 1691 4178 1⁷
1738 4109 2109 4180 decembris
2160 4106 2362 4178 1860.

533 4213 784 4290 XLIV.
834 4215 1074 4294 Civilis
1109 4220 1488 4295 auctoritas
1523 4230 1765 4316 potest
1814 4241 1891 4294 se
1943 4218 2341 4293 immiscere
2370 4239 2487 4290 re-
