3317 5267
894 554 1150 650 PIVS
1208 552 1819 648 EPISCOPVS
2259 441 2403 516 533

1005 951 1220 1000 SBBWS
1257 951 1562 999 SERVOBUU
1599 951 1699 998 mn

892 1195 966 1239 ΑΙ)
1013 1194 1340 1241 numu
1378 1193 1471 1239 BE!
1509 1193 1815 1241 uuonan

301 1515 618 1680 Maiori
670 1600 1211 1702 Senogalliensis
1290 1603 1599 1680 civitatis
1678 1626 1760 1678 ac
1814 1596 2167 1676 Dioecesis
2250 1621 2415 1696 pro·-

299 1722 620 1817 speritati
671 1724 1038 1798 consulere
1097 1723 1204 1797 vel
1259 1724 1570 1798 maxime
1622 1731 1956 1818 optantes
1991 1719 2177 1793 haud
2232 1719 2419 1793 omi-

299 1843 524 1918 simus
575 1846 772 1918 omni
831 1866 1000 1919 cura
1051 1845 1426 1941 studioque
1503 1845 1706 1940 plura
1784 1844 1852 1916 in
1929 1841 2045 1915 illa
2127 1841 2417 1916 civitate

301 1959 708 2056 sumptibus
761 1961 1034 2036 Nostris
1085 1961 1544 2048 constituere,
1609 1983 1789 2058 quae
1826 1960 1913 2034 ad
1948 1957 2413 2055 spiritualem,

301 2075 730 2174 civilemque
781 2079 1100 2152 eiusdem
1153 2078 1462 2151 civitatis
1515 2100 1598 2151 ac
1650 2075 2009 2150 Dioeeesis
2034 2072 2414 2150 utilitatem

305 2192 622 2287 quotidie
679 2193 902 2291 magis
937 2195 1446 2290 procurandam
1483 2195 1875 2269 conducere
1912 2201 2227 2289 possent.
2272 2189 2417 2262 {ta-

299 2333 440 2406 que
491 2314 806 2408 primum
855 2313 1128 2388 Nostris
1185 2313 1606 2411 Apostolicis
1665 2312 1951 2386 Litteris
2003 2311 2160 2386 vm
2250 2309 2413 2384 Idus

299 2424 534 2501 Martii
587 2451 776 2505 anno
855 2430 1234 2505 millesimo
1319 2431 1907 2528 octingentesimo
1984 2430 2421 2526 quinquage-

299 2547 482 2620 simo
559 2547 792 2643 primo
869 2547 1002 2622 sub
1055 2547 1354 2623 Plumbo
1432 2549 1615 2622 datis
1655 2600 1679 2634 ,
1762 2559 1835 2620 et
1914 2543 2413 2642 incipientibus

305 2689 340 2732 ι(
403 2661 602 2736 Inter
653 2677 890 2737 cetera
950 2691 984 2734 a>
1047 2677 1192 2740 tres
1244 2688 1468 2740 novas
1537 2665 1897 2762 paroecias
1975 2661 2413 2766 Sefiogalliae

297 2781 780 2870 fundavimus,
839 2785 1142 2880 primam
1194 2783 1460 2857 scilicet
1509 2803 1550 2852 a
1603 2781 1679 2855 S.
1736 2781 2039 2858 Martino
2100 2779 2415 2877 appella·-

215 2970 222 2977 .
299 2915 448 2975 tam
505 2901 577 2974 in
633 2903 934 2999 Templo
991 2902 1316 2976 Fratrum
1393 2899 1673 2974 Ordinis
1724 2899 2100 2974 Servorum
2156 2899 2418 2973 Beatae

295 3023 560 3098 Mariae
609 3020 942 3118 Virginis,
984 3022 1278 3095 alteram
1316 3042 1356 3092 a
1392 3017 1610 3092 Maria
1647 3019 1907 3093 Sancta
1942 3042 1985 3092 a
2020 3017 2201 3093 Pace
2231 3041 2418 3090 nun-

297 3149 658 3235 cupatam,
716 3163 798 3213 ac
856 3141 1138 3213 tertiam
1192 3161 1232 3211 a
1286 3137 1502 3212 Maria
1555 3136 1813 3210 Sancta
1868 3133 2269 3210 Gratiarum
2307 3135 2418 3208 di·-

297 3269 488 3330 ctam
545 3255 614 3328 in
671 3255 938 3352 templo
991 3255 1314 3329 Fratrum
1394 3251 1678 3327 Ordinis
1757 3253 1997 3326 Sancti
2062 3250 2415 3326 Francisci

303 3368 906 3445 Reformatorum.
965 3371 1218 3446 Tribus
1271 3371 1466 3444 hisce
1521 3365 1881 3442 Parochiis
1934 3393 2099 3444 suos
2151 3368 2415 3442 limites

301 3488 880 3586 praescripsimus
917 3541 938 3578 ,
1019 3503 1094 3564 et
1143 3511 1304 3563 acre
1358 3487 1622 3561 Nostro
1677 3485 1930 3562 fundos
1983 3511 2065 3562 ac
2100 3487 2415 3562 redditus

295 3606 852 3702 adsignavimus.

451 3721 627 3796 Cum
683 3734 924 3796 autem
975 3721 1246 3797 Nostris
1293 3737 1490 3798 esset
1541 3726 1614 3799 in
1666 3725 1877 3806 votis,
1918 3733 2001 3796 ut
2032 3721 2415 3796 christiana

293 3863 379 3913 ac
425 3839 766 3912 litteraria
819 3838 1382 3914 adolescentium
1441 3855 1598 3917 tum
1634 3841 2097 3938 Senogalliae,
2136 3851 2289 3912 tum
2326 3836 2416 3910 il·-

293 3957 430 4032 lius
482 3955 834 4032 Dioecesis
885 3959 1244 4034 institutio
1303 3961 1616 4058 quotidie
1672 3959 1895 4057 magis
1944 3979 2277 4055 prospere
2314 3956 2414 4028 vi-

295 4088 522 4173 geret,
577 4086 654 4150 ct
699 4075 1133 4166 floresceret,
1179 4078 1432 4154 iccirco
1487 4079 1953 4178 Gymnasium
2014 4079 2087 4150 in
2166 4075 2411 4150 eadem

299 4193 592 4268 civitate
643 4195 1052 4292 erigendum
1111 4195 1546 4284 curavimus.
1599 4193 2103 4286 Quamobrem,
2140 4207 2221 4268 ut
2254 4215 2417 4268 am-
