3317 5267
791 442 940 515 326

799 580 926 630 nes
961 556 1244 629 divinae
1296 552 1743 649 evangelicae
1784 546 2105 625 veritatis
2142 548 2277 625 ‘lux
2331 563 2654 648 permeat
2710 530 2927 651 atque

793 670 1236 757 diffunditur,
1290 694 1376 746 eo
1429 669 1820 766 impensius
1872 667 2380 743 cathedralium
2441 666 2922 745 Ecclesiarum

797 811 962 862 cum
997 790 1144 863 suis
1183 785 1635 863 Dioecesibus
1674 788 2063 863 erectiones
2100 810 2229 882 pro
2267 786 2520 882 majori
2556 788 2740 862 illius
2796 791 2917 865 diu

797 912 1256 985 increscentis
1293 908 1736 983 Christianae
1775 909 2003 1006 plebis
2056 908 2366 983 utilitate
2418 921 2493 983 et
2544 914 2922 989 commodo

797 1026 1276 1100 instituantur.
1309 1024 1408 1098 Et
1437 1048 1687 1121 reapse
1722 1025 2153 1129 perhibitum
2182 1039 2293 1098 est
2318 1026 2663 1122 spirituali
2700 1028 2921 1124 ipsius

791 1146 1118 1242 regimini
1172 1158 1247 1219 et
1299 1146 1896 1220 administrationi
1942 1145 2090 1241 jam
2148 1146 2493 1242 imparem
2530 1122 2641 1220 vel
2680 1152 2916 1223 minus

793 1285 1196 1360 congruam.
1229 1264 1618 1343 existimari
1655 1286 1843 1351 eam,
1881 1284 2063 1360 quae
2115 1264 2465 1339 hactenus
2518 1264 2917 1351 adhibetur,

796 1382 1223 1477 peculiarem
1274 1380 1824 1478 providentiam,
1866 1382 2162 1478 ideoque
2200 1382 2677 1456 necessarium
2710 1384 2913 1461 valde

789 1508 864 1570 et
914 1496 1218 1593 perutile
1270 1499 1568 1585 censeri,
1607 1510 1692 1571 ut
1726 1520 1816 1571 ex
1871 1498 1959 1571 iis
2008 1496 2331 1573 civilibus
2366 1494 2711 1573 Haitanae
2740 1498 2913 1572 Rei-

791 1614 1116 1711 publicae
1171 1616 1540 1690 territoriis
1593 1628 1811 1713 atque
1864 1607 2402 1698 incoliss'altem
2440 1638 2580 1689 una
2624 1616 2911 1689 interim
2980 1676 2991 1685 .

789 1728 1284 1805 Ecclesiastica
1353 1730 1717 1827 provincia
1788 1752 1877 1804 ex
1948 1732 2497 1827 metropolitana
2581 1731 2911 1807 videlicet

790 1846 1083 1945 aliisque
1133 1848 1295 1921 dein
1349 1860 1653 1943 quatuor
1682 1846 2145 1945 suffraganeis
2180 1848 2513 1923 Ecclesiis
2546 1850 2905 1924 constitu-

793 1978 949 2040 tura
985 1967 1418 2041 conficiatur.
1455 1967 1558 2040 lta
1597 1970 1793 2042 enim
1830 1969 2110 2044 videtur
2142 1966 2417 2041 facilius
2452 1990 2535 2041 ac
2585 1966 2909 2043 fructuo-

784 2085 930 2158 sius
957 2109 1086 2159 ceu
1114 2098 1431 2182 praestat
1456 2086 1604 2162 fieri
1629 2086 2003 2185 aliquando
2032 2100 2357 2183 posse‚ut
2377 2087 2633 2185 singuli
2654 2111 2901 2163 earum

793 2200 1160 2279 Praesules
1199 2205 1271 2276 in
1323 2228 1452 2279 sua
1488 2206 1786 2302 quisque
1827 2202 2142 2281 Dioecesi
2196 2206 2725 2281 accommodate
2776 2206 2908 2280 cir-

787 2325 1218 2419 cumscripta
1251 2339 1520 2421 queant
1545 2328 1773 2422 magis
1802 2340 1957 2402 tum
1990 2326 2345 2423 vigilantia
2374 2338 2449 2399 et
2484 2324 2903 2402 sollicitudi-

791 2464 907 2529 ne,
923 2455 1078 2516 tum
1107 2466 1318 2538 opere
1346 2456 1561 2541 atque
1587 2446 1877 2521 consilio
1906 2445 2441 2521 Ecclesiasticae
2466 2442 2899 2543 disciplinae,

787 2581 920 2632 nec
972 2582 1114 2633 non
1169 2582 1406 2633 rerum
1462 2562 2051 2637 administrationi
2089 2574 2162 2636 et
2200 2564 2649 2660 negociorum
2688 2586 2904 2659 pera-

785 2675 1176 2773 gendorum
1231 2678 1663 2772 expeditioni
1715 2701 2043 2775 praeesse
2096 2691 2171 2753 et
2230 2679 2661 2774 satisfacere,
2728 2701 2895 2752 suas

781 2800 955 2867 oves
1005 2791 1382 2891 aliquando
1420 2794 1554 2867 hac
1590 2794 1747 2868 illac
1786 2795 2097 2883 visitare,
2138 2794 2621 2891 spiritualibus
2644 2818 2885 2869 earum

782 2909 1326 2984 necessitatibus
1365 2910 1771 3007 singulatim
1799 2933 2191 3002 occurrere,
2221 2912 2570 2988 bonorum
2598 2935 2893 3009 operum

783 3028 1098 3103 studium
1127 3052 1571 3126 promovere,
1605 3030 1953 3105 malorum
1978 3044 2256 3127 segetes
2284 3042 2630 3119 avertere,
2648 3030 2895 3105 Eccle-

780 3145 1251 3234 siasticorum,
1285 3168 1588 3243 quorum
1615 3146 1787 3220 inibi
1824 3148 2288 3253 maximatest
2322 3151 2641 3244 penuria,
2670 3148 2895 3221 semi·-

782 3264 1060 3337 narium
1097 3264 1508 3361 erigendum
1536 3266 1777 3341 scdulo
1805 3268 2151 3355 excolere,
2180 3280 2259 3341 ut
2284 3278 2667 3364 suppetant
2688 3266 2891 3361 probi

781 3383 1156 3479 idoneiquc
1213 3380 1619 3483 Presbyteri
1666 3388 1787 3483 qui
1823 3387 2159 3463 continuo
2196 3388 2341 3460 sint
2375 3398 2451 3460 et
2497 3386 2737 3464 divino
2773 3386 2889 3459 in-

779 3502 1110 3575 servituri
1147 3502 1370 3577 cultui
1407 3516 1482 3579 et
1515 3506 1912 3581 animarum
1948 3528 2153 3580 curae
2192 3528 2481 3603 operam
2528 3508 2881 3594 mutaturi,

765 3626 1004 3691 cetera
1053 3618 1345 3693 demum
1401 3622 1534 3695 rite
1588 3622 1947 3720 probeque
2000 3646 2332 3720 peragere
2374 3646 2557 3721 quae
2608 3624 2698 3697 ad
2748 3648 2883 3698 or-

773 3734 1012 3809 dinem
1065 3747 1140 3809 et
1190 3736 1668 3811 ministerium
1708 3736 2125 3837 Episcopale
2163 3742 2447 3838 proprie
2490 3742 2874 3837 pertinent,

775 3853 863 3925 ad
916 3852 1106 3949 quod
1159 3854 1446 3950 quidem
1501 3866 1650 3928 tam
1688 3856 1862 3932 utile
1896 3873 1973 3932 et
2006 3872 2487 3957 opportunum
2522 3882 2701 3955 opus
2728 3880 2881 3955 pcr-

771 3968 1148 4043 flciendum
1184 3992 1267 4044 ea
1305 3994 1626 4069 quaeque
1657 3974 1977 4070 profecto
2000 3978 2073 4048 in
2100 3976 2737 4050 considerationem
2765 3998 2883 4050 ve·

771 4100 1034 4160 nerunt
1065 4110 1250 4185 quae
1285 4104 1490 4163 erant
1540 4116 1835 4169 necesse
1872 4104 2177 4189 apteque
2216 4095 2663 4189 praestanda,
2701 4116 2883 4192 quae

765 4204 1424 4297 animadvertenda,
1467 4200 1648 4306 quae
1688 4211 2200 4308 praecipienda,
2241 4234 2421 4309 quae
2460 4214 2873 4303 ordinanda,
