3317 5267
887 439 982 508 04

835 439 1200 648 {ationum
1253 551 1533 624 decreta
1583 547 1885 622 liberum
1938 547 2271 622 scientiae
2322 571 2773 646 progressum
2810 553 2951 626 im-

839 669 1158 765 pediunt.

1044 799 1251 888 Epist.
1303 797 1385 866 ad
1430 795 1743 886 Archiep.
1794 797 2075 888 Frising.
2132 799 2308 864 Tuas
2372 797 2637 867 libenter
2680 800 2766 869 21
2818 801 2939 869 de-

865 901 1148 970 cembris
1195 901 1397 968 1863.

992 1006 1176 1080 Xlll.
1233 1007 1608 1083 Methodus
1664 1023 1739 1082 et
1789 1007 2157 1104 principia,
2197 1005 2453 1103 quibus
2504 1011 2775 1107 antiqui
2814 1009 2973 1088 Do-

839 1139 1070 1202 ctores
1105 1109 1502 1200 scholastici
1543 1126 1598 1200 T
1605 1125 2001 1222 heologiam
2030 1126 2515 1215 excoluerunt,
2548 1139 2971 1226 temporum

845 1257 1243 1318 nostrorum
1299 1243 1836 1320 necessitatibus
1888 1246 2487 1342 scientiarumque
2564 1251 2973 1344 progressui

841 1363 1134 1437 minime
1186 1373 1604 1457 congruunt.

1049 1489 1254 1577 Epist.
1305 1487 1386 1556 ad
1435 1485 1746 1576 Archiep.
1800 1489 2088 1575 Frising.
2144 1490 2319 1556 Tuas
2368 1488 2635 1558 libenter
2684 1490 2769 1560 21
2820 1493 2943 1560 (le-

867 1605 1150 1678 cetnbris
1197 1604 1394 1672 1863.
1806 1617 1811 1622 ·

1000 1713 1188 1788 XIV.
1246 1712 1696 1808 Philosophia
1751 1714 2113 1788 tractanda
2166 1725 2303 1802 est,
2358 1715 2551 1791 nulla
2610 1739 2975 1815 superna-

847 1832 1090 1910 turalis
1141 1830 1589 1906 revelationis
1652 1828 1895 1902 habita
1948 1831 2243 1906 ratione.

1051 1958 1276 2044 Epist:
1313 1955 1396 2024 ad
1456 1955 1773 2043 Archiep.
1822 1955 2107 2044 Frising.
2164 1957 2339 2024 Tuas
2384 1956 2649 2028 libenter
2695 1957 2781 2027 21
2828 1961 2949 2030 de-

871 2075 1154 2148 cambris
1207 2073 1398 2144 1863.

1003 2181 1088 2255 Ν.
1161 2181 1245 2254 Β.
1325 2178 1505 2264 Cum
1587 2179 2048 2255 rationalismi
2126 2191 2517 2277 systemate
2592 2187 2983 2262 cohaerent

845 2298 1234 2374 maximam
1311 2307 1588 2392 partem
1670 2317 1943 2370 errores
2024 2293 2311 2370 Antonii
2390 2296 2719 2374 Giinther
2744 2354 2767 2389 ,
2850 2305 2975 2399 qui

845 2419 1273 2490 damnantur
1351 2413 1422 2484 in
1477 2411 1706 2508 Epist.
1768 2414 1853 2487 ad
1917 2411 2123 2487 Card.
2183 2412 2509 2513 Archiep.
2592 2417 2971 2494 Colonien-

850 2555 1004 2608 sem
1060 2529 1425 2610 Eximiam
1477 2544 1679 2602 tuam
1736 2533 1825 2604 15
1883 2531 2055 2604 iunii
2114 2533 2335 2624 1847,
2374 2547 2447 2609 et
2498 2536 2573 2608 in
2626 2537 2827 2633 epist.
2874 2539 2969 2612 ad

851 2651 1088 2746 Episc.
1146 2646 1803 2726 wratislaviensem
1878 2646 2133 2728 Dolore
2184 2651 2377 2732 haud
2452 2650 2791 2736 mediocri
2867 2656 2969 2729 30

853 2766 1088 2866 aprilis
1148 2767 1366 2842 1860.

1790 3003 1853 3096 g.
1910 3001 2031 3076 111.

1190 3227 1861 3334 Indifferemismus,
1918 3233 2629 3313 Latitudinarismus.

1014 3477 1166 3554 XV.
1201 3479 1552 3566 ,Liberum
1607 3477 1858 3574 cuique
1911 3477 2181 3552 homini
2235 3489 2345 3552 est
2396 3499 2556 3550 eam
2638 3479 2981 3574 amplecti

859 3625 940 3676 ac
991 3601 1304 3697 profiteri
1355 3598 1763 3696 religionem
1798 3648 1817 3684 ,
1873 3618 2085 3694 quam
2142 3597 2431 3673 rationis
2484 3597 2749 3672 lumine
2822 3601 2985 3697 quis

857 3721 1109 3796 ductus
1163 3741 1401 3794 veram
1458 3717 1838 3814 putaverit.

1065 3851 1224 3920 Litt.
1273 3845 1500 3938 Apost.
1550 3846 1945 3934 Multiplices
1991 3853 2162 3916 inter
2208 3841 2296 3915 10
2343 3846 2511 3914 iunii
2572 3843 2771 3914 1851.

1065 3969 1276 4038 Alloc.
1329 3972 1622 4039 Maxima
1670 3970 1923 4055 quidem
1970 3967 2013 4036 9
2042 3968 2231 4036 ‘iunii
2278 3965 2479 4034 1852.

1013 4077 1198 4154 XVI.
1255 4075 1594 4156 Homines
1644 4075 1717 4148 in
1772 4075 2081 4152 cuiusvis
2135 4073 2487 4171 religionis
2540 4073 2733 4150 cultu
2790 4073 2983 4150 viam
