3317 5267
2404 453 2487 523 21

374 568 666 645 Patmm
723 582 1040 644 mentem
1077 570 1362 647 uberius
1396 564 1753 667 explicans
1790 581 1865 643 et
1900 570 2350 657 confirmans,
2408 571 2495 645 ad

369 710 622 763 omnes
697 688 1218 763 controversias
1256 738 1278 776 ‚
1361 690 1815 786 quaestiones
1876 688 2495 785 dubitationesque

372 806 830 893 amovendas,
883 804 1068 879 clare
1120 818 1500 903 aperteque
1551 805 1933 879 declaravit
1986 816 2061 878 et
2094 804 2493 891 constituit,

375 924 748 1019 parochos,
801 919 1112 1021 aliosque
1147 946 1396 998 omnes
1433 923 1829 997 animarum
1866 946 2111 999 curam
2158 936 2322 999 actu
2366 922 2499 995 ba-

373 1040 628 1117 bentes
661 1042 916 1117 debere
947 1041 1200 1115 Missae
1235 1042 1650 1117 sacrificium
1692 1064 1819 1139 pro
1854 1044 2117 1140 populo
2153 1042 2285 1117 sibi
2322 1066 2497 1118 con·-

371 1162 640 1235 eredito
677 1179 1012 1258 peragere
1049 1160 1378 1237 omnibus
1413 1159 1801 1236 Dominicis
1836 1162 2130 1260 aliisque
2164 1162 2253 1237 de
2289 1184 2499 1261 prae-
2612 1179 2621 1189 ·

367 1290 580 1375 cepto
629 1276 830 1352 festis
879 1276 1128 1351 diebus
1158 1329 1181 1366 ,
1263 1289 1339 1352 et
1385 1278 1522 1353 illis
1585 1278 1803 1351 etiam
1834 1328 1855 1366 ,
1911 1277 2169 1377 quibus
2218 1280 2369 1376 ipse
2422 1278 2493 1353 in

371 1396 726 1471 nonnullis
789 1394 1240 1471 Dioecesibus
1289 1396 1562 1470 dierum
1613 1396 1703 1470 de
1737 1406 2117 1493 praecepto
2148 1394 2493 1473 festorum

369 1534 747 1586 numerum
799 1512 1228 1587 imminuens
1279 1514 1700 1609 permiserat
1749 1513 2027 1609 populis
2076 1512 2151 1585 in
2215 1514 2495 1588 servilia

371 1654 584 1728 opera
636 1631 1070 1719 incumbere,
1125 1633 1250 1707 sed
1301 1644 1586 1707 caverat
1639 1644 1909 1721 tamen,
1947 1643 2029 1707 ut
2080 1632 2217 1729 ipsi
2252 1634 2494 1731 populi

371 1748 781 1847 obligationi
855 1751 944 1825 de
993 1750 1206 1825 Sacro
1261 1750 1606 1825 audiendo
1672 1750 2079 1825 satisfacere
2150 1750 2493 1826 deberent

373 1864 528 1941 Non
580 1866 914 1941 mediocri
949 1876 1142 1940 certe
1205 1866 1640 1941 iucunditate
1678 1866 2191 1963 perfundimur,
2259 1868 2497 1943 Vene-

375 1981 629 2057 rabiles
675 1980 984 2071 Fratres„
1039 2006 1202 2058 cum
1239 2007 1330 2057 ex
1365 1983 1848 2073 relationibus,
1886 2006 2065 2083 quas
2099 1986 2187 2060 de
2224 1996 2497 2060 vestra-

367 2122 528 2174 rum
589 2098 1030 2175 Dioecesium
1083 2110 1277 2175 statu
1329 2122 1494 2175 cum
1547 2124 1829 2177 summa
1884 2103 2107 2177 vestri
2186 2104 2495 2179 nominis

367 2216 595 2305 laude,
651 2240 732 2291 ac
784 2218 936 2315 pari
985 2218 1204 2291 animi
1253 2220 1480 2293 nostri
1531 2220 1784 2316 gaudio
1836 2220 1925 2295 ad
1977 2218 2147 2309 NoS,
2184 2233 2259 2297 et
2311 2222 2493 2296 hanc

371 2334 844 2433 Apostolicam
895 2337 1180 2425 Sedem,
1235 2338 1454 2413 veluti
1505 2338 1715 2414 officii
1768 2340 1987 2412 vestri
2026 2340 2208 2416 ratio
2243 2352 2495 2439 postu-

367 2454 492 2542 lat,
549 2456 934 2530 mittendas
985 2456 1274 2543 curatiS,
1328 2478 1793 2552 agnoscamus
1826 2506 1847 2544 ,
1904 2457 2301 2533 animarum
2352 2483 2493 2534 cu-

365 2584 636 2647 ratores
671 2572 1072 2649 buiusmodi
1110 2575 1218 2648 sui
1247 2576 1562 2649 muneris
1591 2575 2097 2673 obligationem
2126 2576 2496 2674 diligenter

365 2694 662 2791 implere
714 2690 1096 2770 Dominicis
1149 2708 1224 2770 et
1275 2695 1455 2784 aliis,
1511 2696 1634 2793 qui
1686 2694 1915 2770 adhuc
1972 2719 2061 2770 ex
2114 2710 2494 2793 praecepto

366 2825 762 2900 servantur,
783 2812 1056 2902 diebus,
1069 2812 1326 2911 quibus
1349 2812 1606 2889 Missae
1631 2812 2047 2887 sacrificium
2073 2836 2203 2909 pro
2232 2812 2493 2911 populo

369 2924 502 3001 sibi
529 2928 790 3004 tradito
820 2928 1172 3004 celebrare
1198 2929 1385 3004 haud
1411 2924 1779 3005 omittunt.
1812 2930 1949 3005 Sed
1976 2930 2271 3005 minime
2304 2930 2498 3027 igno-

371 3066 636 3133 ramus,
675 3044 990 3143 pluribus
1015 3048 1089 3118 in
1123 3047 1298 3121 locis
1334 3047 1404 3122 id
1442 3068 1482 3119 a
1519 3046 1845 3144 parochis
1874 3048 2139 3123 iamdiu
2175 3060 2495 3145 praeter-

369 3166 560 3238 mitti
594 3166 818 3240 solere
845 3165 998 3239 aliis
1025 3164 1158 3239 illis
1187 3162 1457 3252 diebus,
1510 3166 1631 3263 qui
1686 3176 1895 3240 antea
1930 3166 2151 3239 veluti
2186 3164 2354 3239 festi
2408 3166 2496 3238 de

368 3293 744 3381 praecepto
795 3295 998 3359 erant
1049 3282 1320 3360 colendi
1373 3284 1572 3359 iuxta
1623 3283 2229 3359 Constitutionem
2272 3283 2493 3357 felicis

368 3402 756 3476 memoriae
785 3400 1046 3475 Urbani
1075 3400 1232 3475 Vlll
1261 3400 1665 3477 Decessoris
1694 3402 1957 3497 pariter
1982 3399 2219 3475 Nostri
2257 3398 2391 3498 (1),
2422 3412 2496 3475 et

367 3518 624 3615 quibus
647 3518 824 3592 haec
853 3518 1252 3616 Apostolica
1279 3518 1496 3593 Sedes
1523 3539 1843 3592 annuens
1871 3518 2083 3592 variis
2112 3517 2491 3594 Sacrorum

371 3636 792 3712 Antistitum
818 3636 1434 3735 postulationibuS,
1467 3658 1548 3711 ac
1574 3660 1741 3735 prae
1768 3636 1989 3713 oculis
2014 3636 2285 3713 babens
2323 3662 2497 3712 cau-

363 3774 480 3828 sas
510 3808 530 3843 ,
585 3755 1036 3854 rationesque
1087 3755 1178 3829 ab
1231 3756 1400 3853 ipsis
1454 3756 1813 3853 expositas
1843 3807 1866 3844 ,
1902 3756 2073 3830 dum
2136 3754 2511 3829 imminuit.
2574 3752 2585 3763 '

363 3872 588 3951 festos
639 3879 727 3953 de
779 3888 1156 3975 praecepto
1207 3876 1358 3951 dies
1388 3928 1408 3961 ‚
1467 3897 1611 3951 non
1666 3874 1899 3951 solum
1954 3875 2284 3972 permisit
2311 3927 2334 3964 ,
2415 3887 2497 3949 ut

531 4120 616 4202 (1)
685 4116 908 4187 Uiben.
957 4120 1092 4187 vlu.
1135 4119 1388 4186 constit.
1420 4142 1448 4181 α
1499 4118 1787 4187 Universa
1844 4136 1951 4202 per
2008 4118 2209 4185 orbem
2258 4144 2287 4179 »
2338 4118 2483 4183 ibid.

373 4214 710 4297 septembr.
786 4215 966 4281 1612.
