3317 5267
891 455 1364 659 544Denique
1401 561 1646 634 eodem
1690 558 2171 656 chirographo
2208 557 2581 634 nonnullas
2616 561 2849 634 eidem
2888 557 3025 634 Ar·-

891 685 1300 760 chidiacono
1363 678 1588 754 Monti
1641 689 1811 752 tunc
1864 679 2133 754 viventi
2188 677 2567 754 tribuimus
2619 676 3023 766 facultates,

877 777 972 876 'nt
1005 825 1120 876 res
1173 823 1214 874 a
1266 796 1482 873 Nobis
1533 807 1845 872 statutae
1884 807 2213 892 optatum
2266 809 2817 894 assequerentur
2864 797 3027 870 exie

891 933 1044 994 tum
1076 970 1097 1006 ‚
1153 931 1366 1016 atque
1443 914 1659 988 etiam
1716 926 2117 1010 opportuna
2192 916 2463 990 monita
2516 925 2593 988 et
2645 924 3029 1011 praecepta

891 1031 1600 1112 Administratoribus
1653 1033 2107 1107 nominandis
2156 1032 2481 1108 dedimus
2532 1033 2621 1106 de
2692 1043 3029 1108 accurata

887 1153 1302 1251 praesertim
1371 1149 1982 1226 administratione
2034 1150 2341 1245 gerenda
2368 1199 2389 1238 ‚
2448 1171 2532 1224 ae
2580 1149 2669 1223 de
2748 1149 3029 1222 ratione

887 1261 1305 1346 admittendi
1343 1271 1414 1345 in
1470 1269 1664 1365 pium
1705 1267 2121 1340 Institutum
2160 1289 2505 1363 pauperes
2540 1266 2843 1364 puellas,
2872 1288 3029 1338 mu·-

885 1390 1118 1476 lieres,
1158 1401 1234 1462 et
1281 1387 1558 1462 assidua
1615 1385 2093 1468 invaletudine
2144 1385 2561 1460 laborantes·
2594 1383 2807 1482 vulgo
2858 1407 3025 1456 cro-

885 1506 1036 1580 nice·
1065 1557 1086 1592 ‚
1143 1517 1217 1578 et
1267 1503 1484 1578 Nobis
1539 1502 2074 1594 reservavimus,
2109 1502 2221 1578 ius
2252 1525 2355 1575 ac
2408 1507 2841 1597 potestatem
2896 1525 3031 1574 su-

885 1624 1223 1719 scipiendi
1275 1623 1346 1694 in
1399 1633 1764 1718 posterum
1818 1621 1953 1694 alia
2006 1621 2324 1706 consilia,
2376 1619 2687 1715 aliasque
2764 1619 3029 1694 edendi

885 1741 1360 1816 ordinationes
1393 1789 1412 1821 .
1467 1738 2072 1834 quemadmodum
2151 1761 2243 1810 ex
2296 1738 2451 1832 ipso
2530 1733 3025 1832 chirographo

885 1858 1270 1934 clarissime
1323 1869 1640 1952 apparet.
1860 1871 1865 1876 “
2914 1935 2919 1940 ,

1041 1976 1190 2050 lam
1247 1999 1416 2048 vero
1468 1995 1661 2048 eum·
1688 1971 2106 2059 aedificium,
2164 1973 2235 2046 in
2287 1995 2429 2070 quo
2482 1972 2681 2070 pium
2718 1971 3023 2047 Institit?

892 2104 1048 2166 tum
1101 2103 1258 2166 erat
1307 2091 1749 2187 erigendum,
1804 2090 2115 2164 nondum
2170 2088 2385 2162 fuerit
2432 2091 2631 2166 omni
2668 2113 2761 2163 ex
2816 2101 3023 2186 parte

883 2211 1090 2305 plene
1127 2209 1555 2296 ahsolutum,
1597 2220 1697 2284 et=
1725 2208 1975 2284 iccirco
2029 2207 2443 2286 institutum
2500 2209 2689 2283 idem
2726 2209 3023 2280 minime

886 2338 1239 2422 apertum,
1279 2350 1362 2400 ac
1415 2324 1705 2402 Sodales
1732 2325 2117 2406 ,Societatis
2168 2325 2353 2412 lesu,
2390 2327 2647 2423 quibus
2700 2323 3021 2424 Gymna-

889 2444 1094 2518 sium·
1155 2445 1642 2518 commisimus
1673 2494 1695 2531 ‚
1778 2442 1869 2520 ob
1948 2443 2391 2518 tristissimas
2470 2444 3023 2544 notissimasque

880 2581 1116 2636 rerum
1172 2561 1695 2634 vicissitudines
1748 2559 2011 2634 fuerint
2062 2583 2225 2658 cum
2266 2583 2550 2636 summo
2600 2563 2825 2636 animi
2880 2560 3023 2634 No-

885 2680 1014 2754 stri
1065 2679 1302 2755 dolore
1355 2679 1658 2775 expulsi,
1700 2701 1782 2752 ac
1833 2691 2207 2775 propterea
2263 2677 2732 2776 Gymnasium
2786 2683 3021 2779 ipsum

883 2795 1242 2870 demedio
1293 2795 1679 2884 sublatum,
1710 2809 1785 2870 et
1835 2813 1977 2893 per·
2012 2821 2367 2873 summam
2410 2799 2837 2874 iniustitiam
2890 2799 3023 2874 Se-

885 2916 1180 3011 nogallia
1211 2967 1232 3003 ,
1313 2915 1630 3014 aliaeque
1714 2918 2079 2994 civitates·
2118 2933 2193 2994 et
2244 2921 2649 3016 provinciae
2724 2919 3025 2994 Nostrae

886 3036 1304 3114 Pontifieiae‘
1347 3039 1634 3114 ditionis
1664 3062 1707 3112 a
1756 3040 2113 3116 Sardiniae
2170 3041 2363 3139 Rege
2414 3040 2681 3118 suerint
2734 3043 3025 3116 militari

883 3171 1101 3232 manu
1154 3156 1502 3234 violenter
1547 3169 1947 3253 occupatae
1996 3167 2073 3230 et
2124 3165 2527 3254 usurpata&
2584 3171 2659 3232 et
2708 3181 2877 3234 cum
2936 3180 3023 3234 o-

885 3291 1088 3346 mnes
1143 3275 1428 3350 videant
1479 3275 1736 3376 quihus
1788 3273 2173 3371 sacrilegis,
2232 3277 2677 3374 infandisque
2729 3277 3025 3352 ausibus

887 3393 1204 3466 eiusdem
1257 3393 1472 3488 Regis
1543 3391 1981 3468 Gubernium
2036 3396 2109 3470 in
2163 3397 2519 3492 usurpatis
2601 3397 3023 3493 praesertim

793 3495 812 3513 ⁸
884 3511 1286 3606 regi-onibus
1339 3512 1456 3607 pia
1507 3535 1831 3610 quaeque
1908 3513 2245 3588 Instituta
2296 3516 2673 3610 praedetur
2702 3567 2725 3603 ,
2798 3527 2877 3590 et
2932 3539 3025 3588 o-

889 3631 1076 3706 mnia
1103 3631 1379 3708 illorum
1410 3630 1619 3719 bona,
1651 3630 2111 3729 redditusque
2144 3632 2277 3708 sibi
2310 3634 2641 3722 vindicet,
2669 3645 3025 3730 opportu-

888 3773 1064 3826 num
1118 3763 1192 3824 et
1245 3749 1719 3826 necessarium
1772 3753 2063 3827 omnino
2116 3753 2449 3827 duximus
2520 3737 2655 3827 alia
2704 3777 2749 3824 a
2797 3751 3023 3828 Nobis

885 3869 1188 3942 ineunda
1227 3891 1382 3942 esse
1433 3869 1722 3944 consih‘a
1784 3872 1969 3946 eirca
2022 3893 2104 3944 ea
2156 3872 2421 3958 omnia,
2452 3893 2635 3968 quae
2682 3871 2755 3944 in
2808 3893 3025 3966 prae·-

883 3989 1092 4062 dictis
1167 3987 1438 4062 Nostris
1519 3987 1940 4087 Apostolicis
2016 3987 2304 4066 Litteris
2382 4003 2459 4066 et
2528 3987 3021 4087 chirographo

883 4105 1404 4180 constituimus.
1467 4104 1699 4204 Atque
1774 4107 1847 4180 id
1898 4131 1983 4182 eo
2040 4109 2265 4205 magis
2326 4131 2369 4182 a
2416 4105 2638 4184 Nobis
2716 4109 3019 4184 omnino

885 4224 1362 4326 peragendum
1416 4247 1571 4298 esse
1622 4244 2019 4312 censemus,
2058 4225 2279 4322 quod·
2298 4227 2486 4302 idem
2542 4223 3015 4324 Subalpinum
