3317 5267
827 426 968 496 508

813 563 1062 617 sacrae
1103 527 1498 635 martyrum
1557 538 1867 635 Reginae
1922 549 2295 636 ponerent,
2352 551 2436 614 ut
2502 540 2759 616 deinde
2836 537 2937 614 fa·-

814 671 1014 733 etum
1065 655 1340 732 oet..ln
1393 657 1665 750 patenti
1714 655 1955 752 igitur
2024 658 2289 734 summi
2341 656 2541 734 cellis
2594 681 2760 734 area
2794 669 2957 730 sta-

815 775 953 848 tim
999 773 1270 850 defixae
1316 785 1490 850 sunt
1539 795 1809 859 eruces,
1866 775 1971 848 uti
2008 773 2531 871 Japonensibus
2584 797 2747 850 mos
2800 787 2943 862 est,

812 894 1056 968 ordine
1106 893 1376 967 directe
1435 893 1689 988 viginti
1738 915 1897 981 sex,
1952 895 2173 968 ternis
2228 895 2413 968 inter
2464 917 2581 981 se,
2636 905 2951 992 quater—-

811 1013 1014 1085 nisve
1065 1010 1463 1106 disjunctae
1521 1009 1877 1108 passibus,
1956 1012 2195 1109 ibique
2246 1013 2481 1088 suffixi
2509 1011 2771 1088 Paulus
2806 1011 2951 1086 Mi-

807 1131 882 1204 ki
913 1183 936 1218 ‚
1021 1131 1336 1206 Ioannes
1387 1128 1492 1205 De
1549 1128 1739 1208 Goto
1778 1185 1801 1220 ‚
1854 1131 2164 1208 Jaeobus
2215 1132 2407 1208 Kisai
2440 1185 2461 1221 ,
2534 1134 2945 1231 lanceisque

806 1271 849 1322 a
898 1247 1086 1322 binis
1137 1245 1487 1322 lateribus.
1541 1247 2123 1336 transverberati,
2176 1249 2623 1324 adstantibus
2676 1247 2945 1346 guber-

803 1367 1072 1442 natoris
1132 1365 1474 1440 facultate
1526 1364 1567 1439 J
1573 1389 1819 1464 oanne-
1857 1367 2229 1442 Roderieio
2256 1381 2333 1442 et
2370 1367 2744 1442 Franciseo
2798 1365 2947 1439 Pa-

802 1483 912 1557 sie
963 1481 1448 1558 saeerdotibus
1503 1504 1544 1556 e
1597 1482 1953 1558 Societate
2005 1483 2203 1572 Jesu‚
2272 1485 2599 1562 victrices
2660 1486 2943 1561 animas

804 1598 1008 1674 eaelo
1061 1597 1157 1671 ab
1206 1597 1476 1694 angelis
1525 1597 1936 1673 inferendas
1986 1600 2359 1676 dederunt.

963 1720 1030 1814 §.
1097 1722 1220 1790 10.
1281 1717 1542 1792 Aderat
1592 1716 1890 1792 Ioannis
1941 1719 2103 1816 pius
2180 1743 2263 1794 ae
2314 1719 2521 1795 fortis
2596 1718 2881 1816 genitor
2910 1771 2933 1806 ,

800 1861 932 1912 nee
985 1837 1158 1910 satis
1211 1835 1446 1930 patuit
1483 1847 1640 1908 uter
1678 1836 2100 1932 supplicium
2154 1836 2409 1910 laetius
2460 1836 2577 1909 ille
2615 1857 2705 1908 ne
2740 1836 2934 1910 tule-

799 1954 922 2038 rit,
978 1974 1073 2024 au
1123 1951 1258 2024 iste
1311 1951 1770 2046 spectaverit.
1834 1949 1977 2026 Nee
2030 1952 2265 2025 minor
2318 1951 2391 2024 in
2468 1950 2733 2026 Jacobo
2802 1951 2939 2026 de-

799 2092 984 2144 vexa
1036 2069 1204 2144 lieet
1253 2077 1486 2143 aetate
1543 2067 1763 2142 animi
1824 2070 2021 2164 vigor
2072 2067 2457 2142 eminebat.
2520 2067 2615 2140 At
2667 2066 2935 2142 Paulus

801 2186 1212 2284 triumphali
1273 2186 1394 2262 ino
1427 2188 1663 2260 erucis
1728 2187 2031 2284 pulpito,
2068 2188 2387 2260 nativam
2424 2187 2735 2262 heminis
2772 2187 2929 2260 elo-

773 2307 1166 2405 ·quentiam
1217 2306 1632 2380 stimulante
1690 2304 1819 2380 Dei
1870 2308 2167 2380 caritate
2244 2307 2333 2378 ad
2412 2303 2923 2381 circumfusam

795 2421 1327 2495 multitudinem
1370 2445 1496 2517 pro
1523 2421 1915 2497 christiano
1970 2422 2259 2497 nomine
2288 2420 2696 2496 vehementi
2746 2444 2932 2496 ora·-

792 2539 988 2612 tione
1047 2559 1216 2612 usus
1293 2553 1430 2625 eut,
1483 2537 1618 2612 sibi
1692 2539 1831 2635 ipsi
1882 2540 2275 2636 gratulatus
2327 2539 2517 2636 quod
2552 2562 2641 2612 ex
2680 2563 2923 2628 cruce,

789 2668 872 2731 ut
923 2653 1250 2729 Christus
1312 2654 1684 2746 Dumium,
1744 2659 2141 2755 eademque
2214 2671 2427 2754 atque
2506 2656 2623 2732 ille
2676 2669 2919 2732 aetate

784 2783 1206 2848 moreretur.
1271 2771 1450 2848 Dein
1505 2777 1711 2848 venia
1788 2799 1915 2873 pro
1966 2774 2249 2850 erueifix
2258 2774 2497 2850 eribus
2575 2786 2905 2871 precatus

784 2915 951 2968 eum
1005 2889 1155 2967 Deo
1203 2893 1513 2968 animam
1570 2917 1773 2970 suam
1798 2896 2393 2981 commendasset,
2428 2896 2657 2970 laetus
2708 2895 2909 2992 expi-

777 3011 988 3084 ravit.
1046 3008 1445 3086 Pendentes
1523 3024 1632 3088 tot
1684 3025 2077 3111 martyrum
2154 3013 2451 3086 exuvias
2530 3013 2907 3109 episeopus

781 3125 1122 3223 Japoniae
1175 3127 1262 3202 ad
1315 3127 1566 3202 collem
1619 3149 1785 3204 eum
1834 3129 2180 3204 festinans
2258 3130 2569 3204 venisset
2650 3129 2907 3225 positis

783 3246 982 3320 humi
1037 3245 1338 3342 genibus
1391 3245 1668 3341 publice
1724 3259 1833 3320 est
1889 3257 2297 3334 veneratus,
2360 3259 2579 3345 atque
2626 3269 2717 3320 ex
2792 3246 2914 3321 isso

782 3364 980 3440 loeus
1019 3387 1236 3440 ,sacer
1287 3387 1448 3440 esse
1497 3365 1758 3461 eoepit.

936 3483 1002 3576 §.
1069 3488 1190 3554 11.
1245 3482 1322 3557 ld
1380 3507 1544 3560 vero
1605 3485 1737 3558 sibi
1782 3497 2065 3582 gratum
2120 3485 2449 3560 extitisse
2480 3485 2689 3560 variis
2718 3483 2909 3560 Deus

773 3601 1088 3678 ostendit
1157 3601 1408 3699 signis.
1465 3603 1901 3680 Sanctorum.
1941 3615 2337 3702 martyrum
2392 3603 2633 3678 vultus
2696 3627 2903 3701 prae·-

774 3734 888 3796 ter
937 3743 1214 3798 morem
1268 3725 1585 3799 renidere
1638 3726 1891 3801 decore
1948 3726 2079 3798 visi
2133 3735 2329 3812 sunt,
2386 3723 2903 3800 admirantibus

774 3841 1084 3914 ethnicis
1137 3841 1524 3914 maximam
1563 3863 1811 3916 eorum
1852 3853 2333 3916 venustatem.
2374 3841 2673 3938 Sanguis
2700 3839 2907 3918 Pauli

772 3955 944 4030 Mihi
992 3955 1436 4054 >aliorumque
1491 3957 1710 4032 trium
1764 3973 2163 4056 martyrum
2216 3958 2515 4034 confuse·
2584 3955 2678 4030 ab
2728 3956 2901 4031 italo

769 4077 994 4150 milite
1045 4075 1410 4166 collectus,
1455 4091 1929 4176 servatusque
1955 4081 2027 4154 in
2082 4081 2278 4155 fictili
2304 4079 2529 4156 siniee
2564 4091 2731 4176 post
2764 4101 2901 4154 no-

771 4217 932 4270 vem
982 4215 1270 4270 menses
1319 4195 1576 4272 fluidus
1630 4221 1990 4296 purusque
2034 4212 2111 4274 et
2144 4223 2403 4297 expers
2445 4200 2595 4275 vitii
2626 4210 2701 4273 et
2726 4221 2893 4295 gra-
