3317 5267
1617 200 1679 286 ;·,
1757 233 1767 250 2

2356 442 2487 512 681

369 570 490 632 tus
541 566 652 630 est
689 553 1179 630 venerabilem
1234 554 1604 629 Famulam
1629 575 1835 628 suam
1864 539 2315 650 Margaritam
2350 555 2505 630 Ma·-

365 677 550 748 riam
601 674 690 748 de
746 671 1096 770 Alacoque
1151 672 1551 768 religiosam
1607 695 1921 746 sororem
1976 695 2071 746 ex.
2104 673 2347 748 ordine
2388 671 2503 746 Vi·

369 791 726 865 sitationis
777 789 1038 864 Beatae
1089 788 1348 864 Mariae
1389 787 1719 884 Virginis,
1760 812 1941 885 quae
1976 789 2263 886 quidem
2292 801 2369 864 et
2405 792 2507 864 in-

375 908 706 982 nocentia
759 908 944 981 vitae
996 918 1072 981 et
1123 908 1404 982 assidua
1459 908 1805 980 virtutum
1859 908 2181 983 omnium
2232 909 2509 984 exerci-

373 1026 643 1100 tatione
696 1035 899 1100 tanto
951 1025 1178 1100 officio
1213 1049 1296 1102 ac
1331 1025 1637 1112 muneri,
1676 1025 1916 1098 divina
1942 1027 2319 1100 adiuvante
2346 1050 2505 1123 gra-

365 1145 491 1232 tia,
521 1167 598 1218 se
651 1145 940 1242 dignam
993 1145 1348 1241 probavit.
1403 1144 1592 1218 Haec
1643 1145 1834 1220 enim
1892 1167 2061 1219 vero
2112 1146 2185 1218 in
2240 1147 2503 1242 oppido

365 1263 480 1336 cui
530 1283 790 1336 nomen
845 1261 1326 1338 Lauthecourt
1381 1262 1568 1336 intra
1618 1261 1797 1336 fines
1848 1259 2205 1337 Dioecesis
2258 1261 2501 1360 Augu-

363 1379 816 1456 stodunensis
869 1381 940 1454 in
993 1379 1218 1454 Gallia
1268 1381 1570 1455 honesto
1622 1401 1881 1477 genere
1934 1390 2091 1454 orta
2144 1381 2283 1452 iam
2312 1381 2501 1456 'inde

367 1517 410 1566 a
461 1496 763 1592 pueritia
816 1496 1179 1592 ingenium
1229 1496 1452 1570 docile
1504 1518 1675 1592 prae
1728 1519 1804 1570 se
1858 1495 2049 1582 tulit,
2126 1517 2505 1594 moresque

363 1612 653 1707 probos,
711 1623 792 1687 et
840 1636 1052 1709 supra
1107 1623 1416 1688 aetatem
1471 1614 1937 1708 compositos,
1992 1612 2095 1686 sic
2148 1625 2229 1685 ut
2279 1613 2505 1710 qualis

371 1739 563 1802 esset
623 1725 914 1817 sutura,
979 1730 1196 1804 certis
1267 1729 1542 1804 indiciis
1595 1739 1929 1826 parentes
1990 1730 2500 1806 ominarentur.

365 1842 658 1918 Etenim
717 1845 948 1919 adhuc
1000 1844 1234 1940 puella
1286 1843 1375 1918 ab
1427 1844 1995 1932 oblectamentis,
2063 1843 2317 1943 quibus
2384 1846 2501 1919 illa

367 1963 680 2038 aetatula
728 1964 888 2059 capi
943 1964 1126 2038 solet
1162 2014 1185 2051 ,
1248 1963 1636 2038 abhorrens
1677 2015 1698 2051 ,
1784 1966 2161 2038 secretiora
2217 1964 2507 2060 petebat

367 2079 622 2156 domus
673 2080 1018 2167 cubicula,
1077 2078 1194 2154 ubi
1247 2082 1524 2154 intenta
1579 2091 1821 2154 mente
1859 2077 2087 2154 Deum
2124 2081 2391 2156 coleret
2422 2105 2505 2156 ac

371 2210 853 2286 veneraretur,
910 2197 1424 2272 adolescentior
1475 2208 1719 2270 autem
1758 2194 2231 2294 frequentiam
2270 2197 2505 2272 homi-

369 2337 544 2389 num
595 2317 922 2391 devitans
973 2315 1147 2388 nibil
1203 2316 1428 2411 magis
1481 2313 1797 2388 habebat
1840 2317 1911 2387 in
1948 2315 2240 2402 deliciis,
2286 2339 2501 2412 quam

369 2435 637 2508 versari
692 2435 763 2508 in
819 2433 1103 2531 templis
1153 2433 1462 2520 assidue,
1521 2455 1913 2532 precesque
1968 2434 2054 2507 ad
2102 2433 2335 2529 plures
2370 2434 2507 2510 ho-

367 2573 484 2626 ras
537 2553 946 2649 producere.
1011 2552 1508 2652 Virginitatem
1559 2555 1827 2629 emisso
1882 2569 2053 2630 voto
2105 2555 2355 2650 primis
2416 2554 2505 2627 ab

371 2669 576 2744 annis
625 2667 778 2746 Deo
831 2671 1299 2757 consecravit,
1353 2683 1572 2768 atque
1623 2671 1799 2746 adeo
1840 2671 2145 2758 ieiuniis,
2182 2669 2501 2767 flagellis,

371 2785 666 2882 aliisque
717 2786 1218 2883 asperitatibus
1271 2785 1598 2883 adfligere
1680 2811 1937 2883 corpus
1990 2789 2303 2862 instituit
2340 2839 2361 2875 ,
2420 2798 2503 2861 ut

372 2905 624 2981 iisdem
677 2905 1094 3002 quibusdam
1149 2905 1348 3003 quasi
1399 2907 1624 3001 spinis
1666 2907 2087 3002 virginitatis
2113 2906 2359 2983 florem
2384 2930 2503 2982 se-

371 3035 578 3119 ptum
631 3022 1042 3098 custodiret.
1100 3019 1661 3096 mansuetudinis
1714 3046 1929 3119 porro
1982 3037 2195 3121 atque
2266 3025 2506 3098 humi-

370 3139 592 3214 litatis
645 3139 918 3214 illustre
969 3139 1476 3214 documentum
1513 3139 1861 3213 exhibuit.
1896 3136 2181 3214 Etenim
2219 3141 2504 3216 demor-

375 3269 500 3332 tuo
549 3268 780 3354 patre,
833 3271 1064 3330 matre
1119 3281 1286 3332 vero
1339 3269 1494 3331 tum
1533 3269 1797 3346 aetate,
1838 3269 1993 3332 tum
2030 3258 2227 3354 gravi
2254 3257 2503 3334 morbo

367 3374 720 3452 confecta.
771 3373 866 3448 ab
915 3375 1028 3461 iis,
1081 3374 1202 3473 qui
1255 3375 1359 3448 rei
1410 3375 1847 3450 domesticae
1900 3375 2335 3450 curationem
2378 3399 2503 3472 ge-

373 3493 652 3580 rebant,
705 3494 810 3568 sic
861 3492 1034 3567 dure
1083 3505 1296 3590 atque
1351 3515 1598 3588 aspere
1649 3491 1893 3566 habita
1946 3503 2085 3580 est,
2142 3506 2223 3570 ut
2292 3491 2500 3571 rebus
2608 3535 2613 3542 ·

375 3611 590 3683 etiam
641 3611 730 3683 ad
787 3611 1054 3684 victum
1111 3609 1522 3707 cultumque
1599 3609 2015 3684 necessariis
2086 3609 2501 3707 plerumque

371 3739 670 3800 careret.
729 3725 948 3824 Atqui
1003 3738 1274 3798 tantam
1316 3727 1845 3800 inclementiam
1898 3738 2113 3822 atque
2143 3727 2499 3814 iniuriam,

378 3845 742 3940 proposito
791 3843 926 3918 sibi
979 3839 1242 3918 Christi
1297 3843 1632 3939 patientis
1712 3844 2043 3940 exemplo
2104 3842 2502 3938 complures

373 3981 596 4034 annos
649 3981 875 4057 aequo
907 3960 1148 4034 animo
1199 3959 1390 4032 tulit.
1431 3957 1703 4036 Novem
1740 3983 1965 4036 annos
1990 3971 2163 4034 nata
2197 3959 2285 4034 ad
2320 3958 2501 4032 San-

373 4079 772 4154 ctissimum
821 4077 1304 4154 Eucharistiae
1357 4078 1899 4156 Sacramentum
1980 4079 2500 4176 suscipiendum

364 4201 680 4298 primum
733 4203 1054 4290 accessit,
1085 4215 1300 4298 atque
1335 4224 1422 4276 ex
1475 4202 1761 4278 caelesti
1795 4204 1975 4300 dape
2012 4217 2292 4278 tantum
2326 4225 2499 4306 conj-
