3317 5267
867 419 1030 491 {5014

877 529 1116 607 Leone
1167 526 1579 615 Carazuma,
1635 525 1901 602 Mathia
1954 523 2363 624 Japonensi,
2426 527 2733 604 Antonio
2769 527 2995 626 Japo-

881 649 1135 736 nensi,-
1153 645 1507 722 Ludovico
1543 644 1955 742 Japonensi‚
1996 643 2212 719 Paulo
2240 641 2621 742 Yuaniqui,
2661 644 3005 718 Michaele

883 763 1222 860 Gozoqui‚
1280 762 1492 837 Petro
1571 761 1995 859 Sequexein,
2066 760 2321 836 Cosma
2376 760 2715 860 Baquisa,
2780 761 3008 835 Fran-

881 881 1068 956 cisco
1123 877 1179 952 F
1179 878 1531 966 ahelante,
1584 880 1825 954 addito
1875 879 2085 953 beato
2138 878 2479 952 Michaele
2542 877 2646 968 De
2724 879 3007 954 Sanctis

881 994 1162 1071 Ordinis
1215 993 1478 1070 SSmae
1535 994 1905 1068 Trinitatis
1958 995 2333 1070 severioris
2382 995 2667 1091 regulae
2717 1020 2849 1092 pro
2884 1015 3011 1068 ca-

881 1115 1100 1210 ptivis
1150 1113 1646 1210 recuperandis
1675 1111 2079 1190 confessore
2104 1133 2245 1185 non
2308 1111 2667 1208 pontifice,
2703 1112 3007 1186 Sanctos

883 1255 1042 1306 esse
1097 1231 1542 1307 decrevimus
1571 1283 1594 1318 ‚
1649 1251 1735 1306 ac
1794 1230 2215 1304 Sanctorum
2294 1227 2457 1302 albo
2516 1229 3008 1325 inscripsimus

879 1359 1281 1424 statuentes
1333 1345 1424 1420 ab
1473 1347 1791 1422 Ecclesia
1846 1346 2228 1421 universali
2280 1367 2525 1420 eorum
2554 1345 3006 1430 memoriam,

883 1487 1100 1563 quam
1155 1467 1228 1538 in
1283 1465 1743 1564 subsequenti
1794 1465 2051 1540 Missae
2102 1463 2575 1538 celebratione
2652 1462 2797 1537 Nos
2866 1461 3010 1556 ipsi

883 1581 1294 1656 solemniter
1344 1583 1662 1657 venerati
1726 1601 2001 1668 sumus,
2058 1578 2375 1678 quolibet
2426 1601 2611 1653 anno
2640 1579 2843 1652 nonis
2896 1575 3013 1650 l'e-

879 1695 1144 1771 bruarii
1193 1721 1350 1772 esse
1400 1699 1847 1774 recolendam
1882 1721 1909 1787 3
1970 1697 2478 1794 indulgentiam
2528 1707 2807 1792 septem
2856 1717 3009 1766 an-

883 1837 1136 1888 norum
1191 1837 1354 1889 cum
1411 1815 1709 1890 totidem
1764 1815 2237 1913 quadragenis
2286 1813 2373 1886 iis
2422 1811 2545 1910 qui
2580 1812 3013 1886 anniversa-

807 2019 810 2024 ¹
882 1935 986 2006 ria
1037 1935 1152 2008 die
1206 1935 1524 2029 ipsorum
1577 1933 1971 2031 Martyrum
2008 1935 2303 2008 exuvias
2334 1931 2647 2004 venerati
2673 1929 3005 2017 fuissent,

861 2051 1274 2148 plenariam
1327 2075 1496 2126 vero
1549 2054 1634 2126 iis
1688 2051 2015 2127 omnibus
2066 2051 2189 2148 qui
2240 2050 2539 2124 solemni
2590 2049 2757 2122 huic
2836 2047 3007 2122 ritui

883 2166 1282 2244 adfuissent
1332 2169 1561 2266 largiti
1617 2191 1865 2243 snmus
1920 2169 2233 2243 maximo
2284 2167 2502 2240 animi
2555 2166 2778 2240 nostri
2832 2188 3011 2262 gau-

885 2285 1029 2372 dio,
1082 2285 1186 2358 uti
1240 2307 1595 2372 sermone,
1623 2308 1838 2383 quem
1890 2287 1977 2358 ad
2014 2284 2665 2383 frequentissimum
2702 2283 3001 2368 clerum,

797 2493 800 2498 Ι
841 2495 844 2500 ¹
887 2399 1368 2500 populumque
1427 2400 1833 2488 habuimus,
1888 2401 2071 2476 clare
2108 2411 2491 2496 aperteque
2544 2400 3009 2474 demonstra-—

867 2537 1150 2607 vimus.

1037 2635 1130 2732 ὃ...
1170 2638 1287 2706 19.
1351 2632 1673 2711 Gaudeat
1722 2637 1936 2733 igitur
1986 2637 2061 2709 in
2112 2633 2415 2711 Domino
2494 2635 2825 2708 universa
2894 2633 3011 2707 fa·-

849 2753 1080 2848 ¹milia
1131 2753 1480 2852 gentium,
1537 2755 1608 2827 in
1668 2753 1957 2830 vocibus
2010 2753 2464 2830 exultationis
2518 2773 2765 2832 omnes
2812 2751 3009 2848 jubi-

884 2872 1036 2948 lent
1093 2870 1268 2959 Deo‚
1327 2871 1446 2968 qui
1497 2871 1895 2946 Ecclesiam
1946 2894 2151 2948 suam
2202 2871 2319 2966 pia
2370 2869 2825 2944 miseratione
2878 2894 3009 2945 cu-

887 2973 1208 3064 stodiens
1259 2991 1636 3086 praeclaris
1692 3013 1851 3065 eam
1896 2991 2251 3087 justorum
2306 2987 2651 3083 exemplis
2684 2987 3007 3081 quotidie

887 3109 1258 3198 instruere,
1315 3108 1588 3182 meritis
1641 3120 1717 3182 et
1768 3108 2131 3204 praesidiis
2182 3105 2511 3180 roborare
2536 3126 2677 3182 non
2708 3105 3001 3179 desinit.

833 3405 840 3417 .
889 3356 1084 3439 tyres
1133 3344 1554 3440 Japonensis
1591 3343 1948 3420 Ecclesiae
1999 3342 2379 3439 primitiae,
2412 3337 2779 3415 mirificam
2806 3339 3009 3415 illam

885 3461 1166 3538 Domini
1251 3465 1480 3540 nostri
1563 3462 1735 3537 Jesu
1814 3463 2293 3538 sententiam:
2350 3483 2481 3535 nos
2558 3460 2743 3534 cruci
2834 3481 3007 3534 cum

883 3579 1042 3676 ipso
1091 3581 1244 3654 sive
1285 3580 1530 3653 animo
1580 3581 1735 3654 sive
1764 3603 2051 3677 corpore
2089 3591 2411 3714 oportere
2472 3599 2627 3651 esse
2680 3575 3003 3666 suffixos,

744 3704 753 3717 '
888 3719 1122 3794 neque
1169 3697 1462 3793 dignum
1511 3719 1667 3772 esse
1722 3697 2005 3774 Christo
2058 3698 2179 3796 qui
2232 3718 2513 3772 crucem
2567 3715 2771 3771 suam
2796 3694 3007 3790 baju-

886 3815 1033 3893 lare
1091 3813 1510 3910 nequiverit
1581 3813 1941 3888 Solahitur
2016 3814 2167 3911 ipse
2218 3810 2406 3886 Deus
2484 3813 2557 3884 in
2624 3812 2815 3884 omni
2872 3812 3007 3884 tri-

849 3933 1266 4008 tulatione
1331 3942 1635 4018 nostra,
1694 3931 2051 4028 facietque
2101 3953 2263 4008 cum
2338 3929 2727 4006 tentatione
2796 3931 3007 4020 susti·

891 4071 1056 4130 nere
1110 4060 1587 4144 proventum:
1646 4058 1815 4140 post
1864 4049 2122 4143 praelia
2174 4046 2599 4146 triumphus.
2626 4045 2709 4120 ln
2760 4047 3005 4142 paucis

889 4165 1153 4264 vexati,
1209 4167 1280 4238 in
1334 4163 1578 4240 multis
1629 4161 1811 4238 bene
1890 4166 2397 4263 disponemur..
2456 4163 2645 4240 Haec
2722 4166 2995 4269 utinam
