3317 5267
893 450 1051 524 136

887 570 991 644 les
1045 567 1359 653 Fratres,
1418 562 1748 661 suffragia
1801 564 2303 639 Immaculatue
2363 564 3024 665 Sanctissimaeque

884 685 1015 760 Dei
1069 682 1445 759 Genitricis
1500 680 1806 780 Virginis
1876 679 2136 757 Mariae
2167 736 2188 771 ‚
2243 706 2432 781 quae
2511 686 3016 760 amantissima

888 814 1213 877 nostrum
1266 801 1589 875 omnium
1640 812 1756 875 est
1806 810 2038 872 mater
2089 810 2166 874 ct
2239 822 2405 896 spes
2485 800 2826 875 fidissima
2859 854 2883 888 ,
2941 825 3026 877 ac

759 938 763 941 ·
887 938 1225 1018 praesens
1278 916 1639 995 Ecclesiae
1691 916 1915 993 tutela
1969 929 2046 990 et
2093 917 2453 1005 columen,
2507 930 2586 993 et
2639 920 2864 993 cuius·
2899 942 3022 1016 pa.

745 1088 752 1099 .
888 1034 1186 1113 trocinio
1238 1033 1411 1107 nihil
1464 1033 1653 1130 apud
1691 1031 1921 1107 Deum
1963 1034 2286 1110 validius.
2320 1034 2800 1131 Imploremus
2827 1058 3024 1133 quo-

884 1176 1025 1249 que
1074 1150 1408 1250 suffragia
1443 1164 1599 1227 tum
1638 1152 2048 1228 Beatissimi
2083 1152 2586 1259 Apostolorum
2643 1153 3026 1249 Principis,

792 1326 795 1331 -
880 1292 1097 1369 quem
1150 1268 1477 1346 Christus
1530 1270 1880 1347 Dominus
1904 1272 2273 1349 Ecclesiae
2311 1294 2484 1349 suae
2523 1284 2805 1369 petram
2831 1294 3020 1346 con·-

884 1390 1147 1479 stituit,
1200 1385 1547 1465 adversus
1597 1409 1818 1488 quam
1853 1401 2104 1489 portae
2139 1389 2346 1465 inferi
2373 1390 2785 1487 praevalere
2820 1412 3016 1463 nun-

736 1550 740 1555 -
880 1528 1098 1606 quam
1150 1518 1519 1605 poterunt,
1558 1518 1716 1581 tum
1754 1505 2140 1605 coapostoli
2198 1508 2350 1583 eius
2379 1506 2608 1595 Pauli,
2647 1506 3022 1581 omnium-

742 1660 747 1667 r
879 1647 1021 1722 que
1072 1624 1501 1701 Sanctorum
1556 1621 1939 1713 Caelitum,
1993 1624 2120 1722 qui
2169 1642 2338 1700 cum
2393 1622 2680 1699 Christo
2713 1634 3024 1722 regnant

879 1746 951 1817 in
1005 1746 1240 1820 caelis.
1283 1744 1471 1819 Nihil
1512 1742 1955 1831 dubitamus,
1998 1743 2452 1820 Venerabiles
2493 1742 2810 1831 Fratres,
2839 1744 3018 1841 quin

876 1884 1006 1959 pro
1058 1862 1322 1935 eximia
1380 1872 1621 1935 vestra
1675 1862 2022 1960 religione
2074 1883 2158 1936 ac
2193 1858 2615 1937 sacerdotali
2651 1860 2834 1948 zelo,
2871 1884 3022 1959 quo

877 1994 1335 2075 summopere
1390 1980 1802 2075 praestatis,
1859 1976 2140 2054 Nostris
2192 1976 2387 2053 hisce
2439 1977 2630 2052 votis
2691 1977 3022 2073 postula-

875 2092 1325 2191 tionibusque
1380 2094 1904 2169 studiosissime
1955 2093 2258 2191 obsequi
2311 2094 2566 2170 velitis.
2629 2094 2866 2190 Atque
2903 2094 3023 2167 in-

734 2256 741 2266 =
876 2214 1085 2287 terim
1136 2210 1725 2309 flagrantissimae
1763 2210 2065 2286 Nostrae
2107 2212 2180 2284 in
2224 2208 2366 2288 Vos
2401 2210 2722 2286 caritatis
2755 2207 3019 2307 pignus

878 2330 1354 2427 Apostolicam
1408 2325 1997 2406 Benedictionem
2051 2351 2144 2403 ex
2195 2330 2452 2405 intimo
2503 2328 2718 2404 eorde
2767 2327 3024 2424 prose-

728 2486 733 2493 ·
872 2458 1067 2521 ctam
1120 2458 1196 2520 et
1246 2466 1414 2520 cum
1466 2446 1704 2521 omnis
1755 2465 1968 2520 verae
2023 2440 2388 2523 felicitatis
2461 2452 2634 2520 voto
2713 2444 3024 2521 coniun-

870 2576 1065 2639 ctam
1121 2562 1341 2639 Vobis
1396 2564 1597 2657 ipsis,
1663 2561 2126 2637 Venerabiles
2186 2562 2476 2637 Fratres
2515 2614 2538 2650 ,
2595 2562 3018 2659 cunctisque

870 2684 1159 2759 Clericis
1188 2736 1207 2771 ,
1268 2681 1647 2781 Laicisque
1701 2678 2024 2758 fidelibus
2075 2684 2423 2781 cuiusque
2491 2680 2834 2758 Vestrum
2885 2682 3017 2756 vi·-

864 2806 1195 2902 gilautiae
1252 2828 1337 2877 co
1356 2801 1676 2878 mmissis
1729 2814 2188 2901 peramanter
2237 2803 2714 2897 impertimur.

892 2946 901 2953 ·
988 2920 1296 2995 -Datum
1358 2920 1635 2996 Romae
1703 2921 1887 3019 apud
1965 2920 2308 2996 Sanctum
2387 2917 2682 2995 Petrum
2743 2916 2858 2994 die
2917 2922 3014 2993 19

878 3040 1185 3114 Ianuarii
1242 3040 1449 3114 Anno
1510 3042 1742 3115 1860.

889 3186 898 3191 ·
1029 3156 1503 3232 Pontificatus
1749 3150 1987 3233 Nostri
2233 3158 2436 3233 Anno
2676 3152 3014 3229 Decimo-

884 3286 1160 3372 quarto.
