3317 5267
2319 349 2461 428 723

415 461 564 528 Cum
606 462 944 544 pontificius
967 463 1260 530 exercitus
1293 463 1510 530 debeat
1527 473 1589 528 et
1613 467 1963 546 gravissima
1984 463 2151 530 adire
2178 481 2295 547 pe-

413 564 619 636 ricula,
649 579 722 626 ac
749 561 956 627 luctari
981 572 1044 628 et
1074 564 1354 656 congredi
1375 583 1507 630 cum
1531 565 1801 630 hostibus
1820 565 2013 630 civilis
2030 565 2093 630 S.
2124 565 2295 631 Sedis

415 667 808 749 principatus,
864 665 1134 730 eumdem
1165 665 1486 732 exercitum
1525 665 1929 748 spiritualibus
1984 667 2299 749 praesidiis

417 763 790 839 corroborat,
837 763 998 828 facta
1019 762 1300 828 facultate
1325 763 1596 830 omnibus
1626 763 2005 846 cappellanis
2040 763 2295 846 imperti-

419 865 558 928 endi
599 863 930 947 plenariam
976 863 1036 928 in
1077 863 1324 928 articulo
1377 862 1582 926 mortis
1647 862 2099 946 indulgentiam.
2264 885 2295 924 ι
2338 864 2453 930 176

341 961 636 1027 ΑΙΙοοιιιίο
707 960 908 1026 habita
977 959 1035 1024 in
1077 959 1440 1024 consistorio
1479 967 1712 1024 secreto
1754 959 1851 1026 die
1908 961 1985 1024 28
2024 969 2295 1043 septem-

419 1063 514 1128 br.
557 1097 598 1112 -
639 1061 849 1130 Nouos
915 1067 976 1130 et
1033 1063 1174 1124 ante
1211 1059 1362 1124 hunc
1389 1059 1546 1124 dim
1577 1094 1610 1107 -
1647 1059 1931 1144 Loquitur
1966 1061 2043 1126 de
2082 1061 2298 1126 iniusta

417 1169 481 1225 et
519 1161 720 1225 hostili
764 1157 958 1223 civilis
995 1157 1057 1222 S.
1099 1157 1270 1222 Sedis
1287 1156 1658 1240 principatus
1702 1159 2083 1240 aggressione
2106 1167 2167 1224 et
2194 1175 2297 1225 oc-

416 1261 736 1344 cupatione
777 1278 810 1324 a
853 1258 1174 1341 Subalpino
1212 1257 1382 1340 Rege
1421 1257 1667 1340 eiusque
1728 1259 2031 1326 Gubernio
2088 1266 2297 1326 contra

414 1359 758 1424 universale
787 1357 1050 1440 gentium
1075 1357 1166 1420 ius
1195 1365 1458 1441 peracta.
1487 1359 1769 1439 Deplorat
1798 1359 2095 1424 funestum
2122 1359 2296 1442 prin-

415 1458 639 1541 cipium
679 1457 840 1540 quod
881 1464 1100 1522 vocant
1139 1455 1216 1520 de
1253 1473 1374 1520 non
1411 1457 1772 1522 interventu.
1818 1457 1883 1522 ln
1924 1469 2182 1524 mentem
2210 1478 2301 1524 re-

413 1564 594 1620 vocat
641 1555 902 1620 omnium
955 1554 1229 1637 Europae
1257 1553 1596 1636 Principum
1613 1571 1769 1636 quae
1788 1564 2129 1639 quantaque
2146 1557 2303 1622 mala

425 1654 700 1720 derivant
745 1673 816 1718 ex
859 1653 1204 1720 rebellionis
1265 1649 1558 1736 principio
1590 1702 1607 1730 ,
1651 1672 1875 1737 eosque
1938 1655 2203 1720 bortatur
2242 1663 2305 1720 ct

422 1750 720 1827 obsecrat,
767 1761 834 1816 ut
874 1767 983 1833 pro
1023 1749 1320 1817 communi
1368 1767 1570 1816 eorum
1629 1750 1825 1816 officio
1874 1753 2137 1816 universi
2192 1751 2301 1816 do·

418 1849 620 1915 minici
660 1851 860 1933 gregis
901 1860 1130 1934 patrem
1149 1859 1233 1919 set
1275 1859 1568 1932 pastorem
1596 1851 2067 1933 parricidialibus
2106 1853 2299 1934 dege-

415 1953 578 2018 neris
619 1951 722 2017 iilii
751 1953 938 2018 armis
985 1957 1389 2035 oppugnatum
1431 1951 1741 2024 adiuvent,
1764 1969 1833 2016 ac
1871 1951 2215 2018 defendant.
2263 1975 2294 2014 ι
2337 1954 2453 2020 18⁰

339 2051 602 2118 Litterae
639 2051 1018 2136 Apostolicae
1039 2051 1100 2116 in
1143 2051 1326 2116 torma
1361 2051 1564 2116 brevis
1595 2085 1626 2100 -
1668 2051 1814 2116 Cum
1854 2052 2016 2116 sicut
2070 2055 2300 2136 accepi-

411 2169 544 2214 mus
587 2183 614 2198 -
655 2151 728 2214 31
793 2149 1022 2214 octobr.
1067 2148 1382 2215 sodalitati
1430 2168 1477 2212 s·
1508 2151 1671 2214 Petri
1712 2148 1773 2213 in
1824 2149 1981 2216 Urbe
2028 2160 2283 2228 erectae,

416 2258 483 2313 ut
521 2246 800 2330 precibus
839 2255 902 2312 et
941 2246 1222 2328 operibus
1286 2246 1689 2326 Apostolieam
1752 2247 1965 2312 Sedem
2010 2247 2295 2326 adiuvet,

413 2347 738 2412 nonnullae
779 2346 1186 2412 conceduntur
1249 2344 1677 2428 indulgentias
2078 2394 2095 2410 .
2261 2372 2291 2409 n
2335 2349 2450 2414 190

335 2448 621 2516 Similis·
665 2445 834 2524 θυαε
875 2446 957 2511 ad
993 2447 1382 2529 fovendum·
1430 2448 1466 2511 t
1493 2447 1805 2514 novembr.
1846 2447 2069 2513 Eadem
2098 2445 2295 2512 Soda-

415 2548 554 2612 litas
595 2546 656 2612 in
683 2545 1241 2612 Archisodalitatem
1273 2545 1725 2626 erigitur..
1892 2591 1909 2610 .
2080 2591 2095 2608 .
2264 2569 2297 2606 s
2341 2547 2456 2610 192
2502 2565 2507 2572 ·

335 2653 571 2716 Statuta
613 2651 878 2716 eiusdem
920 2648 1437 2715 Archisodalitatis
1477 2649 1677 2714 italice
1714 2647 2053 2732 conscripta
2080 2667 2299 2732 appro-

415 2749 810 2813 bantur..
980 2795 995 2811 .
1348 2795 1363 2810 .
1528 2793 1546 2809 .
1712 2793 1729 2809 .
1899 2795 1913 2810 .
2080 2795 2095 2810 .
2262 2772 2292 2809 n
2336 2748 2453 2813 194

336 2845 596 2910 Litterae
632 2843 1078 2926 Apostolicae-
1121 2843 1366 2907 Arbiter
1407 2861 1479 2907 ac
1519 2844 1933 2908 moderator·
1973 2843 2070 2908 die
2094 2846 2168 2908 12
2198 2864 2300 2910 no-

411 2939 698 3005 vembris.
739 2937 828 3002 De
867 2936 1246 3002 institutione
1287 2937 1661 3004 numismatis
1702 2939 1825 3004 Pro
1873 2939 2043 3004 Petri
2110 2939 2290 3004 Sede

417 3039 1255 3106 Piotx.P..Man.XV
1342 3086 1359 3102 .
1525 3083 1540 3102 .
2075 3088 2090 3103 .
2261 3043 2451 3106 »2⁰3

335 3140 634 3207 Allocutio
676 3141 882 3206 habita
925 3141 986 3206 in
1015 3139 1382 3206 Consistorio
1423 3148 1654 3204 secreto
1714 3138 1811 3204 die
1852 3140 1926 3203 17
1968 3139 2299 3206 decembris

412 3275 456 3289 -
493 3241 714 3306 Multis
777 3241 1178 3323 gravibusque
1235 3273 1279 3286 -
1343 3239 1733 3318 Manifesta,
1824 3241 2293 3308 Conventionem

413 3343 568 3408 inter
605 3343 670 3406 S.
711 3341 926 3407 Sedem
969 3350 1033 3405 et
1069 3337 1350 3422 Magnum
1393 3339 1685 3406 Badarum
1725 3338 1947 3406 Ducem
1989 3341 2297 3424 superiore

409 3455 568 3504 anno
607 3439 834 3514 initam,
880 3457 956 3502 ex
981 3437 1222 3504 decreto
1265 3435 1530 3502 eiusdem
1568 3436 1751 3502 Ducis
1768 3438 1991 3502 irritam
2018 3441 2292 3506 cessisse.

407 3538 586 3604 Dolet
622 3539 700 3604 de
741 3538 944 3604 libello
959 3555 1152 3621 nuper
1191 3538 1436 3603 Parisiis
1467 3537 1650 3614 edito,
1694 3539 1755 3602 in
1799 3555 1919 3621 quo
1945 3548 2153 3604 auctor
2174 3558 2295 3605 no-

404 3653 544 3698 vam
583 3635 754 3716 fingit
793 3634 1118 3700 Ecclesiam
1161 3637 1221 3700 in
1263 3636 1584 3701 Galliarum
1615 3635 1871 3718 imperio
1894 3637 2289 3716 excitandam,

411 3744 590 3817 atque
631 3735 708 3801 ab
747 3736 1100 3802 auctoritate
1141 3736 1390 3802 Romani
1451 3735 1755 3802 Pontificis
1798 3738 1976 3819 plane
2016 3737 2291 3804 divisam.

403 3836 800 3919 Conqueritur
842 3837 918 3900 de
959 3835 1246 3917 gravibus
1287 3839 1374 3902 rei
1415 3853 1620 3903 sacrae
1659 3845 1723 3902 et
1768 3837 1935 3904 civili
1976 3838 2038 3902 in
2100 3839 2292 3917 ltalia,

403 3949 466 4002 et
503 3937 852 4018 praesertim
895 3937 956 4000 in
1002 3937 1312 4004 Pontificia
1351 3937 1592 4003 Ditione
1651 3936 1895 4003 inflictis
1921 3937 2293 4004 vulneribus.

405 4035 690 4120 Loquitur
729 4037 964 4102 demum
1007 4036 1082 4102 tle
1114 4053 1301 4118 regno
1341 4035 1634 4116 Choreae,
1680 4037 1757 4104 de
1796 4037 2134 4106 sinensium
2178 4039 2291 4102 im-
