3317 5267
215 574 224 581 ⁴
291 558 526 622 menta
559 543 1134 645 eloquentissime
1203 554 1566 621 testantur
1599 568 1683 620 ac
1716 542 2049 643 probant,
2086 547 2417 623 omnibus

287 664 369 735 ab
421 665 669 738 eadem
722 662 982 739 Sancta
1027 662 1208 738 Sede
1245 662 1318 736 in
1354 662 1947 737 disiunctissimas
1982 684 2303 761 quasque
2338 674 2417 739 et

285 781 612 857 barbaras
665 794 1016 858 terrarum
1071 782 1264 859 orbis
1323 782 1646 879 regiones
1710 801 1951 855 veram
2006 790 2417 881 rectamque

288 896 498 973 fuisse
548 898 906 973 invectam
961 920 1242 975 morum
1292 897 1819 972 humanitatem
1847 947 1870 986 ,
1923 897 2365 994 disciplinam
2389 944 2415 986 ,

285 1018 724 1114 sapientiam.
784 1017 878 1091 At
927 1040 1092 1093 cum
1145 1017 1504 1092 civilitatis
1552 1016 1843 1091 nomine
1900 1016 2073 1090 velit
2122 1016 2417 1114 intelligi

281 1145 589 1232 systema
625 1134 945 1231 apposite
977 1145 1468 1230 comparatum
1503 1133 1593 1206 ad
1629 1129 2131 1207 debilitandam
2166 1154 2249 1207 ac
2282 1131 2421 1209 for-

285 1261 466 1326 tasse
517 1252 736 1325 etiam
789 1251 1160 1325 delendam
1214 1248 1480 1325 Christi
1534 1249 1925 1324 Ecclesiam
1966 1302 1989 1337 ‚
2054 1272 2419 1348 nunquam

284 1382 469 1445 certe
520 1371 806 1467 quidem
859 1371 1034 1445 haec
1085 1370 1348 1444 Sancta
1401 1368 1618 1444 Sedes
1670 1380 1746 1444 et
1800 1368 2165 1445 Romanus
2216 1368 2419 1445 Pon-

285 1487 452 1562 tifex
505 1500 844 1583 poterunt
906 1509 1068 1561 cum
1132 1486 1538 1561 huiusmodi
1609 1484 1949 1559 civilitate
2008 1486 2412 1561 convenire.

285 1600 480 1693 Quae
529 1603 756 1693 enim,
807 1606 914 1680 uti
950 1604 1470 1702 sapientissime
1505 1602 1767 1677 clamat
1804 1601 2212 1701 Apostolus,
2248 1627 2416 1703 par·-

276 1722 588 1820 ticipatio
641 1720 959 1796 iustitiae
1008 1744 1174 1795 cum
1223 1718 1604 1820 iniquitate
1633 1770 1656 1809 ,
1711 1730 1839 1791 aut
1889 1742 2074 1819 quae
2122 1720 2417 1795 societas

277 1838 418 1914 luci
469 1838 564 1913 ad
613 1836 937 1912 tenebras
961 1834 1002 1909 ⁴?
1059 1835 1260 1927 Quae
1309 1848 1550 1911 autem
1597 1836 1967 1910 conventio
2020 1833 2289 1911 Christi
2323 1836 2421 1911 ad

275 1958 506 2034 Belial
534 1958 576 2033 ἰι
631 1956 736 2059 (1)

425 2076 582 2169 Qua
631 2080 846 2175 igitur
895 2074 1246 2177 probitate
1297 2072 1856 2175 perturbatoreS,
1920 2086 1998 2151 et
2046 2076 2415 2152 seditionis

273 2196 552 2297 patroni
604 2218 806 2270 suam
859 2218 1108 2273 vocem
1145 2195 1482 2270 attollunt
1514 2190 1608 2270 ad
1645 2192 2173 2291 exaggerandos
2196 2216 2418 2270 cona-

273 2328 390 2391 tus
415 2312 676 2389 frustra
703 2313 796 2387 ab
819 2315 994 2411 ipsis
1021 2302 1399 2397 adhibitos,
1413 2321 1498 2385 ut
1522 2333 1600 2386 se
1627 2332 1797 2386 cum
1826 2310 2153 2387 Romano
2166 2307 2415 2387 Ponti-

271 2433 397 2507 fice
448 2442 884 2529 componant
911 2426 952 2501 ἰ’
1003 2426 1134 2503 Hic
1186 2430 1406 2517 enim,
1458 2428 1582 2527 qui
1642 2450 1849 2504 suam
1915 2449 2203 2504 omnem
2265 2428 2415 2502 vim

271 2552 508 2627 haurit
558 2574 650 2625 ex
701 2559 1034 2625 aeternae
1081 2549 1392 2625 iustitiae
1425 2547 1817 2647 principiis,
1848 2570 2161 2647 quonam
2198 2558 2413 2645 pacto

270 2678 516 2766 posset
565 2666 683 2739 illa
733 2688 1047 2765 unquam
1097 2666 1450 2755 deserere,
1490 2678 1570 2741 ut
1605 2665 2057 2740 sanctissima
2083 2664 2415 2740 debilite-

269 2794 389 2859 tur
435 2783 636 2871 fides,
691 2796 912 2882 atque
961 2784 1138 2859 ade'o
1189 2782 1393 2857 ltalia
1444 2783 1517 2856 in
1583 2782 1963 2857 discrimen
2026 2781 2417 2857 addueatur

269 2901 645 2975 amittendi
695 2902 1094 2975 maximum
1145 2920 1356 2973 suum
1408 2898 1861 2996 splendorem
1924 2908 2002 2973 et
2060 2898 2354 2995 gloriam
2385 2948 2411 2985 ,

265 3040 410 3116 qua
461 3018 901 3115 undeviginti
944 3017 1034 3091 ab
1085 3016 1251 3093 hinc
1287 3016 1584 3091 saeculis
1619 3014 1923 3113 refulget
1957 3015 2051 3092 ob
2085 3026 2415 3091 centrum

268 3149 346 3210 et
397 3136 666 3223 sedem,
721 3159 862 3234 qua
911 3146 1260 3233 praestat,
1308 3134 1695 3209 catholicae
1748 3134 2069 3209 veritatis
2098 3128 2139 3205 ’θ
2166 3132 2411 3229 Neque

265 3253 476 3329 obiici
528 3264 794 3350 potest,
847 3252 1034 3327 hanc
1085 3249 1562 3348 Apostolicam
1614 3250 1873 3325 Sedem
1924 3250 1999 3323 in
2048 3248 2261 3324 rebus
2312 3250 2419 3324 ci-

265 3370 428 3445 vilis
461 3370 776 3467 principa
784 3379 896 3444 tus
929 3368 1202 3443 clausas
1235 3365 1572 3441 habuisse
1603 3388 1809 3443 aures
1846 3364 2127 3441 illorum
2162 3378 2417 3465 postu-

263 3488 676 3577 lationibus,
733 3489 854 3586 qui
906 3486 1306 3563 liberiorem
1343 3484 2025 3562 administrationem
2071 3497 2415 3583 exoptare

262 3606 776 3703 significarunt.
833 3606 932 3679 Ut
981 3616 1224 3686 vetera
1276 3606 1697 3681 omittamus
1747 3605 2101 3703 exempla,
2152 3604 2246 3680 de
2277 3605 2414 3679 hae

259 3736 512 3801 nostra
561 3723 816 3799 infelici
871 3735 1106 3801 aetate
1155 3726 1554 3823 loquemur.
1613 3724 1749 3799 Ubi
1786 3725 1979 3800 enim
2006 3722 2208 3797 Italia
2242 3744 2285 3795 a
2318 3722 2415 3797 le-

257 3844 536 3941 gitimis
587 3845 735 3919 suis
787 3842 1230 3941 Principibus
1279 3844 1642 3920 liberiores
1682 3841 2167 3918 institutiones
2218 3838 2412 3915 ohti-

261 3963 455 4053 nuit,
509 3960 655 4039 Nos
703 3973 1082 4061 paternum
1133 3963 1452 4038 animum
1505 3972 1832 4061 gerentes
1882 3960 2189 4037 filiorum
2246 3980 2415 4057 par-

437 4195 530 4277 (1)
567 4193 760 4279 Epist.
803 4196 878 4263 11.
923 4196 1000 4263 ad
1040 4196 1308 4265 Corinth.
1354 4216 1408 4263 c.
1457 4195 1554 4266 Vl.
1599 4214 1667 4261 vt
1708 4194 1957 4365 lhilg.
