3317 5267
2294 522 2443 593 447

316 633 727 713 cedentibus
778 630 891 703 his
942 626 1207 703 sanctis
1256 630 1405 704 suis
1456 640 1533 705 et
1582 630 1786 707 nobis
1822 630 2034 707 fidem
2072 632 2442 732 adaugeat,

310 765 385 827 et
434 751 525 825 ab
578 752 665 824 iis
694 802 715 837 ‚
770 747 897 844 qui
945 756 1238 842 propter
1289 748 1714 822 caecitatem
1801 750 2030 826 cordis
2107 762 2312 829 tanto
2372 754 2446 825 in

310 867 679 965 splendore
732 864 913 939 nihil
966 864 1235 949 vident,
1302 862 1631 938 tenebras
1705 867 2044 962 depellat,
2100 892 2244 967 quo
2275 870 2444 967 ,ipsi

308 988 553 1075 etiam,
608 986 887 1081 cognita
940 984 1261 1070 veritate,
1316 984 1407 1056 ad
1459 999 1754 1059 sanctae
1805 986 2051 1061 Matris
2087 988 2443 1064 Ecclesiae

306 1105 659 1201 gremium
712 1101 953 1175 venire
1002 1098 1369 1173 festinent.

463 1222 601 1297 Sed
654 1222 727 1294 in
784 1240 990 1293 verae
1039 1219 1201 1294 fidei
1255 1218 1696 1296 confessione
1750 1232 2122 1298 teneamus
2157 1246 2440 1323 quoque

306 1353 590 1435 oportet
641 1340 791 1436 spei
846 1348 1133 1413 nostrae
1186 1336 1705 1413 confessionem
1763 1338 1894 1439 (1).
1953 1340 2274 1439 Namque
2347 1344 2440 1417 ic-

302 1457 490 1532 circo
542 1454 735 1531 Deus
813 1454 1204 1529 secundum
1282 1456 1838 1530 misericordiam
1918 1482 2122 1532 suam
2201 1461 2436 1535 salvos

306 1598 437 1649 nos
488 1572 653 1648 fecit
706 1594 831 1669 pel·
880 1572 1239 1645 lavacrum
1291 1574 1864 1669 regenerationis,
1903 1587 1979 1648 et
2021 1578 2432 1653 renovatio-

228 1702 235 1708 “
297 1692 411 1765 nis
462 1690 764 1788 Spiritus
816 1690 1079 1779 Sancti,
1134 1712 1347 1788 quem
1400 1690 1646 1765 effudit
1696 1691 1769 1765 in
1822 1693 2032 1768 nobis
2093 1694 2372 1771 abunde
2409 1751 2431 1787 ,

302 1832 430 1906 per
480 1809 713 1884 lesum
768 1806 1126 1882 Christum
1181 1808 1624 1883 Salvatorem
1681 1821 2032 1898 nostrum,
2073 1822 2154 1886 ut
2200 1812 2430 1907 justi-

296 1926 485 2002 ficati
540 1927 765 2024 gratia
818 1926 1040 2023 ipsius
1092 1926 1435 2001 haeredes
1484 1928 1710 2002 simus
1763 1931 2154 2003 secundum
2225 1952 2429 2025 spem

296 2046 485 2117 vitae
540 2056 873 2117 aeternae
928 2040 1060 2141 (2).
1119 2044 1309 2117 Talis
1362 2055 1603 2117 autem
1641 2067 1798 2118 esse
1833 2044 2048 2119 debet
2081 2068 2246 2141 spes
2289 2070 2428 2120 no·-

291 2174 468 2251 stra‚
522 2162 802 2259 qualem
856 2186 933 2237 se
987 2162 1167 2235 velle
1216 2162 1367 2259 ipse
1418 2164 1649 2249 docet,
1705 2164 1827 2259 qui
1880 2163 1955 2236 in
2009 2148 2114 2237 se·
2137 2186 2420 2260 sperare

292 2302 425 2355 nos
470 2279 699 2375 jubet,
752 2300 919 2352 eum
970 2278 1042 2349 in
1099 2273 1249 2351 Deo
1302 2278 1776 2373 sperantibus,
1833 2302 1914 2353 ac
1967 2278 2148 2353 bene
2200 2304 2424 2377 usque

288 2401 361 2473 in
414 2399 629 2473 finem
682 2398 1141 2495 operantibus
1192 2398 1509 2493 reposita
1560 2399 1656 2471 sit
1709 2398 1856 2471 vita
1913 2410 2226 2472 aeterna.
2281 2400 2425 2475 lta-

289 2538 427 2614 que
478 2540 605 2613 spe
656 2517 1043 2614 gaudentes
1070 2515 1295 2612 magis
1325 2516 1652 2612 satagite,
1701 2527 1786 2589 ut
1817 2540 1945 2614 per
1993 2515 2180 2591 bona
2215 2542 2426 2615 opera

286 2650 553 2710 certam
584 2646 893 2709 vestram
926 2635 1367 2708 vocationem
1397 2644 1473 2707 et
1508 2634 1926 2709 electionem
1989 2632 2260 2709 faciatis
2287 2632 2419 2735 (3).

287 2753 367 2827 ln
419 2754 557 2830 hoc
604 2766 847 2828 autem
902 2764 1185 2827 vestrae
1220 2752 1471 2827 salutis
1524 2754 1760 2829 studio
1799 2756 2038 2827 omnia
2073 2764 2312 2828 vestra
2345 2757 2418 2829 in

288 2875 579 2948 caritate
630 2873 831 2959 fiant,
870 2896 1053 2969 quae
1088 2896 1131 2943 a
1160 2870 1443 2947 Christo
1479 2870 1784 2947 Domino
1814 2882 2420 2969 tantoperecom-

282 2996 614 3069 mendata
666 3004 743 3069 et
792 2993 1169 3079 inculcata,
1222 3003 1341 3067 est
1378 2992 1738 3065 vinculum
1765 2992 2238 3088 perfectionis.
2271 2990 2408 3081 Qui

283 3115 473 3188 enim
526 3116 599 3187 in
655 3114 951 3188 caritate
1006 3122 1278 3198 manet,
1331 3112 1404 3182 in
1459 3108 1607 3185 Deo
1661 3101 1937 3197 manet,
1994 3120 2068 3183 et
2105 3108 2296 3185 Deus
2345 3113 2422 3185 in

280 3254 393 3307 eo.
454 3230 683 3329 Atque
739 3233 1011 3306 utinam
1095 3240 1419 3305 nostrum
1498 3230 1822 3305 omnium
1903 3230 2114 3305 corda
2195 3229 2414 3304 divini

280 3351 541 3425 amoris
592 3352 753 3447 igne
806 3349 905 3421 ita
958 3348 1358 3442 flagrarent,
1412 3356 1495 3421 ut
1548 3346 1803 3443 singuli
1855 3345 2174 3443 profecto
2245 3370 2410 3421 cum

290 3466 625 3563 Apostolo
676 3467 907 3540 dicere
959 3486 1357 3562 possemus:
1414 3462 1587 3554 Quis
1638 3464 1998 3561 separabit
2033 3488 2164 3538 nos
2199 3487 2242 3537 a
2277 3488 2414 3538 ca·-

280 3586 487 3658 ritate
522 3580 782 3658 Christi
813 3581 851 3655 ἰ’
898 3582 1103 3656 Tales
1140 3583 1423 3679 quidem
1450 3560 1738 3656 fuerunt
1765 3582 1882 3655 isti
1937 3580 2214 3668 heroes,
2243 3604 2414 3679 quo-

278 3724 435 3776 rum
490 3702 697 3777 hodie
750 3702 1051 3799 gloriam·
1096 3700 1555 3775 celebramus.
1624 3698 1714 3773 Hi
1783 3720 2092 3796 namque
2169 3697 2402 3773 Deum

276 3842 488 3916 super
538 3819 775 3895 omnia
824 3818 1225 3915 diligenteS‚
1256 3830 1329 3893 et
1382 3830 1676 3915 propter
1709 3815 1938 3892 Deum
1968 3817 2400 3913 proximum,

433 4091 517 4173 (1)
562 4090 744 4155 Hehr:
789 4106 845 4153 c.
908 4092 1004 4178 10.
1047 4109 1111 4155 v,
1155 4092 1257 4156 23.

434 4184 515 4264 (2)
555 4181 676 4246 Tit.
720 4200 853 4267 cap.
900 4184 963 4247 3¹
1006 4202 1068 4249 v.
1116 4184 1173 4247 ὕ.
1221 4184 1277 4247 6.
1317 4184 1377 4247 7.

434 4280 521 4363 (3)
562 4278 637 4343 11.
680 4278 861 4345 retr:
906 4298 939 4344 o
1004 4282 1065 4345 1.
1110 4298 1177 4347 v.
1221 4280 1321 4345 1⁰.

950 4383 957 4411 ¹
1970 4388 2064 4458 29
