3317 5267
2207 476 2355 549 253

257 594 531 669 Sanctae
583 588 936 665 Ecclesiae
969 588 1160 685 leges
1195 589 1352 685 plus
1390 590 1713 664 minusve
1748 612 2030 687 semper
2066 602 2347 687 patrata

259 712 456 786 fuere.
513 707 850 799 Quocirca
901 708 974 781 in
1027 710 1446 783 memoriam
1483 720 1897 784 revocantes
1934 710 2355 785 immortalis

253 828 634 905 Decesmris
661 826 900 902 Nostri
927 826 1293 902 Benedicti
1328 822 1489 900 xlv
1529 824 2089 903 Constitutiones
2133 853 2167 898 «
2202 826 2357 901 Ma·-

255 946 547 1022 trimonii
575 955 998 1041 perpetuum
1032 968 1066 1013 r
1099 944 1214 1017 die
1253 947 1332 1017 ll
1388 943 1640 1039 Aprilis
1670 964 1786 1016 an.
1811 947 2033 1031 17413
2068 954 2193 1017 et«
2230 942 2360 1019 Ni-

252 1065 449 1137 miam
501 1064 862 1138 licentiam
899 1086 932 1131 »
967 1062 1080 1136 die
1123 1064 1214 1135 18
1251 1060 1412 1136 Maii
1477 1083 1594 1133 an.
1654 1065 1845 1136 1743
1900 1063 1986 1136 ad
2026 1060 2353 1137 Poloniae

255 1180 304 1255 E
314 1184 628 1279 piscopos
681 1182 908 1267 datas,
963 1179 1097 1254 hac
1150 1179 1405 1254 Nostra
1439 1178 1765 1275 Epistola
1817 1201 2065 1254 omnes
2116 1180 2357 1256 fideles

254 1298 542 1375 Polonos
577 1322 937 1396 rogamus,
980 1320 1353 1372 monemus
1389 1310 1464 1370 et
1496 1298 1891 1385 hortamur,
1932 1309 2013 1371 ut
2051 1295 2357 1395 Aposto—

251 1417 390 1491 licis
415 1414 690 1498 Nostris
722 1413 1014 1491 vocibus
1041 1412 1622 1511 obtemperantes
1648 1414 1739 1487 ab
1762 1414 2169 1510 hujusmodi
2198 1416 2361 1491 abo-

249 1534 568 1607 minanda
601 1554 774 1607 sane
801 1554 878 1604 re
933 1532 1006 1603 in
1059 1542 1424 1628 posterum
1455 1530 1990 1627 diligentissime
2027 1543 2355 1606 caveant.

247 1650 384 1724 lam
435 1672 646 1747 porro
701 1671 792 1722 ex
831 1648 943 1721 his
980 1648 1308 1724 omnibus
1343 1672 1525 1747 quae
1563 1646 1707 1723 Nos
1748 1648 2165 1723 brevissime
2193 1672 2361 1745 per-

246 1767 655 1840 strinximus
681 1777 756 1838 et
783 1766 1176 1862 attigimus,
1199 1762 1498 1863 Tibique
1529 1764 2105 1863 significavimuS,
2124 1766 2357 1842 Tuum

242 1881 838 1973 erit,Venerabilis
869 1880 1142 1971 Frater,
1165 1882 1476 1957 adhibita
1507 1884 1727 1957 etiam
1760 1884 2071 1959 Tuorum
2108 1880 2363 1959 suffra-

240 2023 624 2099 ganeorum
650 2024 887 2097 opera,
917 1999 1232 2075 refellere
1259 2014 1334 2075 et
1365 1999 1689 2077 obterere
1717 2003 2201 2100 impudentem
2239 2028 2363 2079 ca·-

235 2118 578 2194 lumniam
615 2116 828 2194 Nobis
879 2130 955 2194 et
988 2120 1156 2196 huic
1190 2120 1265 2193 S.
1308 2120 1471 2195 Sedi
1507 2121 1943 2218 impositam,
1988 2136 2061 2196 et
2096 2122 2250 2197 istis
2284 2124 2365 2195 fi-

233 2241 508 2317 delibus
559 2240 948 2336 significare
1000 2262 1213 2315 curas
1262 2263 1511 2316 omnes
1547 2264 1588 2314 a
1624 2240 1839 2316 Nobis
1875 2255 1949 2317 et
1984 2242 2074 2317 ab
2111 2245 2358 2319 eadem

231 2356 417 2432 Sede
454 2380 580 2454 pro
618 2342 964 2454 spirituali
1020 2380 1269 2432 eorum
1319 2356 1510 2432 bono
1545 2370 1621 2431 et
1656 2359 1962 2433 utilitate
1996 2362 2360 2433 continen-
2442 2383 2445 2386 ·

231 2488 350 2549 ter
399 2485 764 2571 susceptas
796 2525 816 2562 ‚
872 2496 1136 2571 eosque
1174 2474 1683 2547 amantissimis
1725 2475 1957 2550 verbis
1994 2479 2081 2552 de
2116 2478 2361 2573 singu-

230 2592 365 2667 lari
417 2588 676 2666 Nostra
729 2592 800 2663 in
854 2592 1044 2688 ipsos
1097 2592 1417 2679 caritate,
1473 2591 1845 2688 studioque
1882 2595 2215 2668 certiores
2250 2592 2361 2665 fa·-

231 2732 426 2785 cere.
481 2706 584 2781 Ne
635 2708 914 2783 desinas
969 2731 1138 2784 vero
1189 2731 1504 2806 unquam
1539 2732 1679 2784 una
1714 2734 1876 2783 cum
1916 2710 2085 2786 Tuis
2121 2711 2363 2786 suffra-

229 2828 482 2925 ganeis
539 2826 824 2902 eosdem
876 2824 1116 2900 fideles
1167 2826 1465 2922 populos
1501 2850 1641 2924 qua
1680 2850 1876 2914 voce,
1918 2851 2057 2925 qua
2094 2828 2362 2903 saluta-

225 2940 433 3021 ribus
483 2956 558 3017 et
607 2942 1030 3040 opportunis
1083 2941 1364 3037 scriptis
1413 2963 1695 3038 semper
1745 2964 2059 3031 monere,
2100 2944 2363 3018 exhor-

227 3063 404 3152 tari,
441 3062 778 3149 excitare,
809 3072 892 3134 ut
918 3084 958 3132 a
988 3058 1334 3147 veritatis,
1364 3059 1679 3146 honoris,
1712 3061 1993 3136 virtutis
2028 3062 2364 3137 iustitiae-

223 3204 382 3281 que
435 3181 715 3283 semita',
757 3203 838 3255 ac
865 3177 1330 3253 sanctissimis
1355 3178 1636 3252 divinae
1675 3190 1955 3253 nostrae
2008 3180 2363 3275 religionis

217 3298 853 3397 praeceptionibus
907 3316 1272 3392 nunquam
1308 3294 1708 3384 deflectant,
1775 3306 1991 3394 utque
2028 3298 2254 3393 magis
2288 3296 2361 3370 in

210 3417 387 3495 dies
440 3416 514 3489 in
564 3414 725 3505 fide,
779 3436 1045 3501 amore,
1101 3424 1176 3487 et
1233 3412 1680 3488 observantia
1732 3436 1897 3507 erga
1947 3412 2129 3487 hanc
2168 3412 2357 3489 Petri

213 3532 670 3608 cathedram
720 3530 1103 3607 catholicae
1159 3530 1504 3617 veritatis,
1559 3542 1632 3604 et
1685 3530 1977 3605 unitatis
2029 3544 2354 3605 centrum

209 3650 534 3727 stabiles
583 3662 658 3724 et
709 3648 988 3723 immoti
1039 3647 1444 3744 persistant.
1501 3645 1652 3721 Hoc
1689 3670 1856 3720 sane
1894 3647 2105 3723 modo
2138 3671 2179 3722 a
2214 3648 2360 3721 cle-

209 3769 690 3845 mentissimo
742 3766 1380 3841 misericordiarum
1438 3763 1645 3838 Patre
1699 3763 2121 3839 obtinebunt
2170 3764 2357 3838 cele·-

201 3888 460 3962 stium
489 3883 1060 3960 benedictionum
1093 3882 1392 3978 copiam,
1423 3904 1603 3978 quae
1642 3882 1845 3956 unice
1878 3891 2178 3977 possunt
2212 3904 2354 3954 non

197 4006 473 4082 solum
525 4004 616 4079 ab
651 4004 822 4101 ipsis
859 4001 1495 4100 perniciosissimas
1533 4000 1685 4073 illas
1722 4012 2039 4075 avertere
2074 4012 2359 4097 pertur-
2446 4048 2455 4057 -

195 4123 589 4211 bationeS‚
632 4122 888 4220 quibus
924 4119 1188 4194 inimici
1227 4120 1553 4194 homines
1589 4142 1710 4193 eos
1746 4116 2042 4193 obruere
2070 4118 2357 4205 vellent,

199 4266 498 4321 verum
552 4242 770 4317 etiam
823 4240 1092 4315 efficere
1133 4290 1154 4327 ,
1211 4249 1294 4317 ut
1347 4240 1558 4313 iidem
1615 4236 1860 4315 Poloni
1914 4220 2142 4311 avitae
2197 4260 2367 4313 suae
