3317 5267
2283 461 2428 533 577

290 576 447 679 iure
494 575 675 677 haec
714 575 975 676 eadem
1026 574 1507 668 emolumenta
1544 578 1617 648 in
1646 574 1930 672 propria
1955 573 2258 650 dioecesi
2309 599 2428 651 re-

282 691 531 790 ligiose
574 669 949 770 ordinandi
1002 693 1129 788 per
1180 702 1662 788 opportunam
1715 689 1982 786 legem,
2016 689 2248 766 donec
2297 715 2430 790 pa-

286 810 521 886 rochis
570 805 742 908 ipsis
794 817 1129 906 congrua,
1204 821 1390 897 tuta,
1448 809 1932 929 independens
1999 810 2130 884 dos
2211 807 2430 886 fuerit

287 915 635 1002 attributa
684 947 725 1000 a
778 921 1164 1021 Gubernio,
1220 925 1493 1002 collatis
1544 920 1853 1000 invicem
1905 947 2116 1022 super
2165 925 2300 1002 hac
2347 946 2426 1006 re

288 1055 455 1148 cum
508 1038 807 1140 propriis
868 1041 1277 1118 Ordiuariis
1310 1041 1650 1119 consiliis.

345 1249 351 1257 ,
444 1157 597 1264 Art.
640 1165 729 1235 7.
784 1160 895 1237 Ob
918 1162 1315 1260 praedictae
1350 1157 1553 1237 dotis
1608 1155 2189 1258 assignationem,
2243 1181 2424 1262 quae

288 1259 697 1374 praesentes
748 1279 1185 1371 decimarum
1234 1289 1625 1380 proventus
1677 1291 2020 1374 superat,
2101 1299 2424 1376 quaeque

292 1417 384 1468 ex
406 1394 639 1492 ‚ipsius
690 1375 1031 1470 Gubernii
1084 1397 1465 1493 sponsione
1540 1395 1912 1492 eopiosior
1938 1393 2182 1470 futuro
2250 1407 2428 1470 tem·
2467 1460 2472 1468 .

291 1501 463 1610 po're
512 1507 795 1600 evadet,
851 1511 1191 1588 Summus
1242 1505 1575 1593 Pontifex
1626 1511 1939 1604 Praesidi
1977 1510 2428 1609 Reipublicae

292 1627 405 1704 de
434 1610 845 1736 Nicaragua
868 1629 1171 1768 eiusque
1188 1621 1293 1703 in
1346 1651 1648 1705 munere
1697 1627 2223 1704 successoribus
2257 1649 2434 1711 con-

290 1726 480 1842 cedi‘t
494 1760 953 1846 patronatus
1002 1751 1139 1838 ius,
1194 1770 1337 1825 seu
1376 1747 1832 1849 privilegium
1883 1735 2376 1866 proponendi
2355 1748 2452 1824 ιιι.

292 1861 605 1962 qualibet
674 1865 1041 1952 vacatione
1118 1863 1477 1940 Ecclesiae
1556 1856 2080 1962 Assumptionis
2165 1863 2426 1939 Beatae

290 1977 553 2054 Mariae
605 1977 911 2078 Virginis
964 1993 1040 2056 et
1090 1981 1447 2056 aliarum
1426 2005 1501 2054 ιιι
1555 2004 1641 2057 eo
1678 1973 2033 2056 territorio
2058 1981 2428 2078 erigenda-

286 2115 450 2205 rum
500 2093 979 2174 Ecclesiamm
1002 2099 1255 2200 dignos
1290 2099 1728 2196 idoneosque
1753 2098 2269 2174 ecclesiasticos
2301 2099 2426 2172 vi—

285 2195 407 2326 ros
458 2209 545 2288 iis
572 2209 953 2290 omnibus
976 2211 1271 2291 dotibus
1323 2216 1711 2313 praeditoS,
1767 2239 1946 2314 quas
1991 2215 2121 2291 ..SS
2181 2213 2430 2292 Cano-

286 2321 421 2422 ne's'
470 2329 871 2436 requirunt,
902 2342 982 2407 et
1014 2331 1201 2409 idem
1228 2329 1573 2409 Summus
1610 2331 1942 2409 Pontifex
1971 2335 2170 2407 iuxta
2221 2353 2432 2429 prae-

288 2447 625 2552 scriptas
642 2445 763 2523 ah
784 2449 1101 2536 Ecclesia
1152 2421 1429 2548 regulas
1482 2443 1729 2526 iisdem
1799 2433 1980 2524 Viris
2015 2450 2428 2525 canonicam

292 2565 814 2670 institutionem
842 2591 933 2642 ex
960 2569 1321 2642 consuetis
1349 2565 1597 2642 formis
1622 2567 1843 2643 dabit.
1868 2556 2235 2664 Designati
2267 2589 2434 2642 vero

294 2683 503 2772 n‘ullo
514 2659 729 2759 modo
758 2687 937 2758 sese
968 2685 1363 2788 immiscere
1390 2674 1725 2782 poterunt
1751 2684 2074 2782 regimini
2097 2693 2180 2758 et
2211 2681 2431 2757 admi-

289 2781 689 2878 nistrationi
739 2804 931 2878 illius
952 2783 1333 2891 Ecclesiae,
1367 2801 1459 2876 ad
1492 2823 1712 2900 quam
1739 2801 2003 2876 fuerint
2053 2801 2425 2889 nominati,

288 2930 675 3038 antequam
726 2919 1147 3017 apostolicas
1198 2917 1577 2992 canonicae
1632 2903 2104 2990 institutionis
2151 2913 2428 2991 litteras

292 3030 728 3134 exceperint,
782 3047 995 3133 prout
1042 3028 1265 3108 saci-1
1258 3029 1599 3106 ·Ganones
1654 3030 2164 3142 praescribunt.
2241 3029 2429 3104 Rei·-

290 3147 612 3274 publicae
664 3151 959 3226 Praeses
1010 3173 1151 3225 non
1204 3149 1393 3224 ultra
1444 3169 1714 3222 annum
1767 3170 1810 3220 a
1863 3147 2252 3222 vacationis
2312 3147 2426 3222 die

291 3261 743 3394 nominatum
796 3266 1311 3370 praesentabit.

355 3370 365 3392 '
450 3393 604 3467 Art.
664 3398 736 3468 8.
794 3391 1063 3468 Eadem
1113 3391 1199 3466 de
1253 3411 1467 3465 causa
1502 3387 1843 3464 Summus
1871 3385 2198 3466 Pontifex
2253 3385 2428 3462 Rei-

292 3509 615 3630 publicae
668 3507 979 3586 Praesidi
1030 3509 1384 3584 indultum
1474 3506 1800 3582 concedit
1875 3504 2302 3580 nominandi
2339 3504 2462 3580 ad‘

295 3649 546 3702 omnes
598 3623 885 3722 capituli
935 3624 1399 3723 praebendas,
1454 3623 1606 3699 sive
1642 3623 1791 3699 sint
1838 3621 2245 3719 dignitates,
2275 3621 2428 3694 sive

294 3731 777 3831 canonicatus,
832 3741 983 3818 sive
1034 3739 1365 3818 inferiora
1417 3740 1758 3818 beneficia
1837 3761 2064 3838 usque
2151 3736 2240 3811 ad
2301 3759 2428 3812 sex

294 3840 697 3968 dumtaxat,
752 3857 1069 3957 exceptis
1122 3851 1353 3956 prima
1428 3853 1832 3956 dignitate,
1910 3861 2091 3955 quae
2169 3854 2430 3930 liberae

294 3960 599 4086 Sanctae
651 3978 851 4054 Sedis
904 3978 1261 4082 collationi
1298 3986 2092 4075 reservata-permanet,
2131 3997 2258 4048 nec
2287 3997 2426 4048 ιιοιι

294 4100 674 4200 theologali
724 4113 800 4176 et
852 4100 1397 4200 poenitentiaria
1432 4097 1880 4198 praebendis,
1921 4119 2105 4210 quae
2139 4095 2231 4170 ab
2267 4093 2433 4192 Epi-
