3317 5267
921 426 1068 499 ²²⁰
1661 478 2291 635 anthemo

922 932 928 939 ·
1025 922 1228 971 unm
1267 926 1332 972 m
1373 922 1741 974 coustumia
1784 926 2039 974 sucuro
2080 926 2177 972 ΜΒ
2208 924 2349 973 ΧῩΙΙΙ
2394 922 2587 971 unm
2616 921 2931 973 nuceum.

1633 1258 1920 1307 VBNBBAB!
1932 1260 2035 1305 Las
2074 1260 2319 1307 natans

903 1628 1355 1791 Iamdudum
1406 1716 1789 1802 cernimus,
1850 1714 2297 1791 venerabiles
2350 1713 2660 1801 Fratres,
2716 1739 2863 1812 quo
2920 1715 3049 1789 mi-

902 1853 1060 1906 sero
1113 1854 1282 1907 sane
1333 1832 1665 1909 conflictu
1716 1832 1809 1909 ob
1860 1832 2165 1907 invicem
2220 1833 2609 1927 pugnantia
2660 1831 2846 1905 inter
2904 1857 3047 1905 ve·-

901 1948 1190 2025 ritatem
1243 1962 1320 2025 et
1369 1972 1709 2039 errorem,
1766 1952 1955 2025 inter
2009 1950 2347 2026 virtutem
2400 1960 2479 2026 et
2532 1948 2815 2035 vitium,
2856 1950 3047 2023 inter

899 2065 1134 2141 lucem
1189 2082 1264 2143 et
1317 2070 1648 2145 tenebras
1702 2068 2041 2166 principia
2074 2122 2095 2156 ,
2153 2067 2285 2141 hac
2338 2066 2733 2143 miserrima
2800 2079 3046 2145 nostra

900 2190 1320 2281 praesertim
1373 2200 1610 2265 aetate
1659 2188 1887 2264 civilis
1923 2185 2320 2283 exagitetur
2356 2184 2678 2262 societas.
2714 2185 3041 2283 Namque

909 2302 1026 2377 alii
1079 2324 1170 2378 ex
1223 2328 1362 2382 una
1416 2316 1614 2402 parte
1670 2316 1959 2382 tuentur
2010 2304 2357 2401 quaedam
2408 2304 2791 2383 modernae
2832 2352 2853 2391 ,
2932 2303 3034 2377 uti

893 2419 1268 2514 appellant
1291 2472 1319 2507 ,
1373 2422 1733 2497 civilitatis
1785 2421 2042 2518 placita
2064 2472 2087 2509 ‚
2144 2421 2259 2495 alii
2310 2442 2403 2497 ex
2454 2421 2675 2495 altera
2724 2418 3040 2493 iustitiae

897 2537 1534 2635 sanctissimaeque
1579 2550 1869 2615 nostrae
1930 2540 2285 2637 religionis
2346 2540 2497 2618 iura
2557 2548 3033 2637 propugnant.

895 2655 996 2731 Ac
1049 2658 1262 2752 primi
1313 2660 1705 2754 postulant,
1761 2672 1843 2733 ut
1882 2659 2245 2739 Romanus
2282 2658 2611 2737 Pontifex
2648 2679 2817 2733 cum
2852 2654 3041 2729 Pro-

893 2796 1165 2869 messa,
1221 2800 1384 2851 cum
1437 2776 1937 2865 Liberali-imo,
1992 2781 2100 2855 uti
2152 2790 2437 2865 vocant,
2492 2801 2576 2851 ac
2628 2775 2897 2850 recenti
2932 2774 3037 2849 ci-

891 2892 1165 2967 vilitate
1217 2917 1294 2967 se
1346 2895 1749 2969 reconciliet
1802 2910 1878 2968 et
1912 2908 2316 2991 componat.
2360 2894 2581 2969 Alteri
2645 2914 2813 2966 vero
2876 2912 3037 2963 me—

890 3008 1030 3086 rito
1093 3010 1480 3106 efflagitant
1515 3065 1534 3099 ,
1599 3026 1683 3087 ut
1732 3012 2119 3087 immobilia
2170 3024 2247 3089 ct
2306 3014 2719 3087 inconcussa
2782 3018 3033 3083 aeter-

893 3150 1027 3201 nae
1101 3129 1410 3203 iustitiae
1481 3132 1823 3227 principia
1890 3133 2163 3228 integra
2236 3144 2309 3205 et
2380 3131 2713 3206 inviolata
2788 3138 3033 3203 custo-

889 3245 1174 3318 diantur
1214 3298 1235 3333 ,
1317 3259 1392 3319 et
1463 3246 1923 3321 saluberrima
1984 3249 2263 3321 divinae
2324 3260 2607 3322 nostrae
2676 3244 3031 3341 religionis

891 3362 998 3437 vis
1049 3364 1339 3438 omnino
1401 3378 1727 3439 servetur
1755 3418 1775 3453 ,
1840 3387 2019 3462 quae
2090 3379 2165 3439 et
2226 3365 2356 3441 Dei
2416 3366 2711 3463 gloriam
2770 3362 3031 3459 ampli-

889 3478 1078 3568 ficat,
1133 3494 1210 3556 et
1259 3497 1656 3581 opportuna
1712 3496 1823 3560 tot
1875 3487 2106 3573 malis,
2160 3488 2417 3585 quibus
2468 3488 2861 3561 humanum
2918 3509 3031 3583 ge-

887 3620 1022 3672 nus
1075 3600 1428 3699 affligitur,
1485 3602 1690 3678 affert
1740 3608 2078 3693 remedia,
2135 3630 2455 3705 quaeque
2506 3619 2617 3683 est
2656 3606 2863 3679 unica
2900 3628 3025 3679 ve-

889 3740 1108 3816 raque
1161 3742 1436 3807 norma,
1491 3745 1631 3819 qua
1682 3723 1804 3797 filii
1856 3724 2225 3799 hominum
2280 3726 2351 3797 in
2386 3724 2521 3797 hac
2558 3724 2843 3799 mortali
2880 3724 3021 3795 vita

886 3840 1080 3914 omni
1136 3840 1400 3915 virtute
1455 3842 1767 3915 instituti
1820 3846 1909 3917 ad
1960 3844 2209 3917 beatae
2260 3845 2702 3919 aeternitatis
2738 3856 3023 3939 portum

883 3956 1389 4052 perducuntur.
1450 3958 1590 4033 Sed
1647 3962 2025 4036 hodiernae
2060 3962 2420 4037 civilitatis
2458 3966 2737 4059 patroni
2772 3962 3023 4035 huius-

879 4074 1070 4147 modi
1105 4076 1490 4149 discrimini
1527 4078 1715 4151 haud
1752 4080 2229 4175 acquiescunt,
2268 4082 2839 4177 quandoquidem
2868 4100 3025 4153 sese

887 4212 1090 4265 veros
1143 4204 1218 4265 et
1269 4194 1578 4269 sinceros
1631 4196 1985 4293 religionis
2021 4198 2283 4273 amicos
2322 4198 2697 4273 affirmant.
2744 4198 2842 4275 Ac
2876 4198 3025 4274 Nos
