3317 5267
2288 411 2433 484 489

333 529 442 602 vis
477 525 698 602 Meaci
735 526 886 600 vias
921 526 1230 612 invasit3
1285 547 1542 620 magno
1579 536 2007 599 terraemotu
2044 525 2212 599 urbs
2242 525 2437 600 Mea-

327 645 558 720 censis
609 641 974 729 convulsa3
1027 643 1274 738 ingens
1325 654 1641 716 cometes
1724 641 2031 714 crinibus
2110 643 2437 718 redimita

329 762 422 834 ab
472 761 720 834 insulis
773 759 1188 856 Philippinis
1226 759 1793 856 Nangasachium
1830 783 2053 857 usque
2082 743 2437 858 apparuit3

333 880 570 974 imago
621 877 766 952 divi
818 877 1176 951 Francisci
1255 879 1675 973 sanguinem
1728 876 1963 963 fudit,
2035 881 2227 954 visae·
2304 879 2438 953 sub

331 1009 616 1071 noctem
667 995 960 1070 coelitus
1013 1015 1348 1070 accensae
1400 993 1589 1070 faces
1643 994 1879 1067 locum
1930 993 2121 1070 obire
2170 997 2443 1092 suppli—-

331 1117 478 1202 cii;
529 1125 924 1210 martyrum
983 1113 1226 1186 vultus
1281 1125 1444 1208 post
1491 1113 1671 1186 duos
1708 1123 1783 1183 et
1806 1113 2109 1207 amplius
2162 1129 2441 1188 menses

339 1231 552 1306 vividi
607 1241 683 1304 et
731 1230 1081 1326 spirantes
1133 1231 1364 1304 adbuc
1415 1242 1640 1315 erant,
1693 1251 2117 1326 summaque
2192 1230 2449 1326 adspe-

332 1353 682 1429 ctantium
737 1351 1200 1425 admiratione
1252 1373 1294 1424 a
1331 1348 1727 1423 vulturibus
1752 1350 2043 1446 aliisque
2082 1350 2447 1446 rapacibus

330 1472 580 1547 belluis
633 1470 926 1544 minime
979 1470 1496 1544 dilaniabantur
1549 1491 1869 1564 corpora.
1900 1471 2263 1566 multaque
2316 1470 2449 1542 alia

333 1587 489 1684 ejus
537 1588 818 1684 generis
871 1587 1188 1684 prodigia
1221 1597 1614 1682 martyrum
1655 1585 2185 1660 venerationem
2226 1608 2449 1672 auxe-

331 1714 524 1778 runt.
581 1703 758 1777 lllud
810 1704 1026 1777 etiam
1083 1703 1422 1777 memoria
1475 1702 1767 1797 dignum
1822 1713 1961 1788 est,
2014 1715 2127 1778 tot
2164 1715 2451 1800 marty-

333 1843 492 1895 rum
519 1820 934 1915 sanguinem
961 1841 1210 1892 semen
1238 1819 1454 1893 fuisse
1479 1818 2059 1906 christianorum,
2088 1819 2210 1915 qui
2244 1819 2447 1892 dein-

331 1936 420 2010 de
474 1935 586 2010 vel
621 1936 888 2031 pietate
949 1945 1026 2008 et
1071 1935 1482 2008 clarissimis
1521 1935 1870 2008 virtutum
1904 1935 2277 2030 exemplis,
2338 1935 2450 2006 vel

331 2053 674 2149 sanguine
735 2076 870 2126 suo
929 2053 1142 2128 fidem
1214 2053 1753 2128 confirmarunt.

483 2170 548 2262 §.
609 2171 732 2242 37.
791 2167 1009 2244 Paulo
1063 2181 1228 2265 post
1305 2181 1699 2266 martyrum
1764 2171 2131 2244 interitum
2180 2171 2267 2243 ad
2338 2194 2455 2242 se-

331 2286 600 2383 raphici
637 2285 922 2360 Ordinis
957 2289 1030 2359 in
1068 2284 1492 2383 Philippinis
1521 2285 2033 2378 Provincialem
2092 2289 2305 2360 missa
2344 2300 2453 2360 est

333 2405 742 2479 authentica
799 2406 1152 2478 sententia
1203 2405 1646 2502 imperatoris
1686 2406 2168 2493 Taicosamae‚
2236 2419 2451 2502 atq-ue

333 2522 626 2618 epistola
681 2523 994 2618 episcopi
1049 2520 1504 2616 Japonensis,
1541 2544 1685 2618 qua
1744 2519 2113 2596 fortissimi
2185 2521 2449 2596 Christi

333 2638 642 2714 athletae
677 2641 1008 2712 maximis
1043 2637 1366 2711 laudibus
1403 2637 1945 2713 extollebantur.
1980 2636 2457 2736 Archiepisco-

331 2777 466 2851 pus
519 2766 760 2828 autem
813 2754 1243 2830 Maniliensis
1295 2755 1384 2828 ad
1437 2754 1777 2828 Sanctam
1832 2755 2087 2830 Sedem
2166 2755 2447 2828 litteras

331 2875 555 2961 misit,
608 2897 790 2970 quae
827 2886 1196 2968 tamquam
1235 2894 1610 2966 processus
1641 2872 1987 2945 ordinaria
2026 2873 2451 2946 auctoritate

331 2995 658 3070 instructi
683 2994 970 3068 habitae
1023 3003 1217 3066 sunt.
1251 2992 1450 3066 Tunc
1483 2991 2017 3065 remissioriales
2054 2991 2329 3065 litterae
2364 2992 2455 3065 ab

331 3115 662 3211 episcopo
713 3111 1123 3188 Hixealensi
1181 3112 1388 3185 datae
1441 3119 1610 3184 sunt
1649 3161 1671 3195 ,
1756 3119 1837 3181 ut
1890 3119 2049 3182 acta
2100 3111 2190 3184 de
2260 3133 2457 3185 more

329 3229 852 3306 conficerentur
903 3231 988 3304 iis
1041 3230 1115 3301 in
1167 3227 1370 3313 locis,
1438 3226 1506 3298 in
1563 3225 1823 3323 quibus
1878 3237 2229 3322 martyres
2268 3228 2455 3322 passi

331 3347 638 3424 fuerant.
732 3348 930 3439 Quae
1003 3347 1314 3420 maxima
1381 3347 1745 3420 celeritate
1807 3343 2127 3420 confecta
2196 3344 2456 3422 Paulus

336 3465 398 3540 V
453 3465 962 3542 Praedecessor
1011 3465 1292 3552 Noster,
1347 3465 1454 3536 uti
1511 3487 1665 3538 mos
1722 3475 1895 3537 tunc
1948 3475 2101 3537 erat
2131 3516 2152 3550 ,
2193 3487 2456 3560 expen-

335 3583 564 3658 denda
620 3584 908 3658 tradidit
959 3582 1184 3655 tribus
1241 3579 1602 3656 Romanae
1661 3579 1887 3654 Rotae
1945 3577 2397 3656 Auditoribus
2428 3633 2449 3668 ‚
2520 3566 2527 3572 ¹

337 3723 594 3798 nempe
647 3701 901 3776 Joanni
959 3699 1330 3796 Baptistae
1394 3697 1726 3784 Coccino,
1760 3697 2119 3794 Alphonso
2146 3695 2453 3795 Mango—

335 3819 520 3906 nado
571 3828 646 3890 et
699 3816 1026 3913 Philippo
1079 3813 1438 3890 Pirosano.
1499 3815 1663 3904 Qui,
1720 3813 2056 3890 omnibus
2081 3813 2263 3886 bene
2290 3837 2456 3910 per-

338 3937 609 4033 pensis,
637 3958 890 4010 causae
943 3934 1248 4010 fulcrum
1283 3933 1749 4030 columenque
1784 3941 2215 4030 reponentes
2252 3932 2323 4003 in
2358 3931 2455 4005 le—

333 4053 602 4150 gitimis
653 4054 948 4126 testium
999 4051 1530 4150 probationibus
1583 4051 2048 4126 affirmarunt
2106 4048 2453 4144 maiorem

331 4167 574 4243 haberi
630 4169 920 4242 testium
981 4189 1409 4254 numerum,
1465 4191 1681 4265 quain
1732 4167 1907 4262 juris
1988 4167 2449 4274 praescriptio
