3317 5267
2305 491 2446 566 589

410 657 505 808 in
556 724 909 808 nomme
964 722 1597 801 schlssniAE
1662 721 1786 798 ET
1851 669 2362 800 molvlnvAE

698 859 703 864 ·
1110 841 1640 918 TmNrrATis

322 997 731 1163 Sanctitas
758 1079 903 1156 Sua
931 1079 1269 1154 Summus
1306 1075 1633 1154 Pontifex
1675 1077 1844 1154 Pius
1881 1072 1978 1150 IX
2031 1088 2106 1152 et
2156 1076 2452 1152 Praeses

322 1199 777 1297 Reipubiieee
830 1197 905 1272 S.
948 1195 1337 1271 salvatoris
1372 1195 1447 1270 in
1482 1217 1651 1270 suos
1686 1193 2082 1292 respective
2114 1190 2450 1291 Plenipo-

318 1319 689 1396 tentiarios
745 1317 1251 1400 nominaruntz

472 1431 825 1508 Sanctitas
879 1432 1023 1506 Sua
1092 1429 1357 1505 Effium
1420 1427 1509 1502 1).
1566 1427 1898 1504 laeobum
1963 1425 2316 1504 Antonelli
2371 1429 2448 1504 S.

321 1549 409 1642 R,
464 1549 555 1625 E.
614 1548 1057 1626 cardinalem
1114 1546 1507 1626 Diaconum
1586 1549 1889 1624 Sanctae
1951 1545 2268 1644 Agathae
2361 1549 2482 1644 ad,

320 1664 734 1754 Saburram,
774 1688 989 1742 suum
1025 1664 1429 1742 Ministrum
1468 1688 1509 1740 a
1544 1665 1844 1763 publicis
1879 1663 2232 1761 negotiis:

472 1783 575 1860 Et
627 1783 1087 1882 Reipublicae
1134 1782 1429 1858 Praeses
1464 1782 2162 1858 Excellentissimum
2215 1779 2454 1858 Domi·

317 1923 495 1976 num
546 1900 1067 1979 Ferdinandum
1128 1899 1565 1988 Lorenzana,
1630 1899 2110 1976 Mai-ebionem
2161 1898 2252 1976 de
2285 1899 2455 1974 Bel-

316 2032 567 2095 monte
604 2071 629 2109 ,
680 2019 1017 2117 Equitem
1068 2017 1355 2096 Ordinis
1402 2017 2025 2116 Hierosolymitani
2083 2039 2130 2092 a
2189 2017 2266 2092 S.
2321 2018 2460 2100 Se·-

314 2137 586 2236 pulcro,
624 2138 961 2237 Equitem
998 2161 1041 2214 a
1074 2138 1331 2238 Magna
1364 2137 1619 2228 Cruce3
1652 2139 1970 2234 itemque
2007 2137 2452 2234 Torquatum

319 2253 856 2353 Gregorianum,
912 2255 1250 2354 Equitem
1310 2267 1726 2354 torquatum
1776 2255 2130 2346 Francisci
2183 2253 2214 2328 1
2267 2253 2456 2332 Nea·-

316 2372 642 2471 politani,
697 2371 1037 2471 Equitem
1090 2371 1381 2446 Militiae
1416 2371 1579 2448 Iesu
1614 2369 1878 2446 Christi
1929 2383 2072 2446 ete·
2119 2382 2257 2446 ete.
2307 2369 2456 2448 Ad-

318 2489 727 2564 ministrum
778 2511 943 2564 oum
994 2488 1234 2564 liberis
1288 2489 1649 2566 mandatis
1701 2489 1886 2586 apud
1949 2487 2203 2562 Sedem
2259 2486 2455 2586 Apo-

320 2605 673 2683 stolieam.

472 2719 613 2813 Qui
664 2733 829 2820 post
882 2732 1135 2799 mutuo
1188 2722 1449 2798 tradita
1498 2721 1938 2820 respectivae
2001 2722 2452 2825 plenipoten-

318 2838 461 2916 tiae
494 2840 967 2916 instrumenta
1000 2840 1091 2915 de
1127 2839 1241 2925 iis,
1271 2861 1455 2937 quae
1482 2850 1906 2936 sequuntur,
1933 2850 2449 2918 convenerunt.

1243 3070 1421 3148 Au.
1485 3070 1545 3145 Ι.

388 3377 395 3384 .
476 3305 749 3407 Religio
808 3307 1181 3394 catholiea,
1248 3303 1651 3404 Apostoliea
1721 3305 2044 3382 Romana
2109 3315 2220 3382 est
2271 3307 2456 3382 reli-

326 3426 441 3524 gio
492 3427 739 3503 Status
790 3429 863 3505 in
910 3425 1297 3524 Republica
1359 3424 1433 3500 S.
1494 3423 1885 3504 salvatoris
1925 3475 1948 3512 ,
2013 3435 2226 3522 atque
2279 3425 2455 3513 inibi

321 3557 515 3623 sai-ta
568 3559 757 3624 tecta
808 3569 1093 3644 semper
1142 3543 1682 3622 conservabitur
1739 3565 1904 3620 cum
1963 3544 2294 3620 omuibus
2347 3546 2454 3622 iu·-

322 3662 521 3742 ribus
570 3679 647 3740 et
698 3665 1207 3762 praerogativis
1244 3716 1269 3752 ‚
1321 3663 1578 3759 quibus
1630 3685 1722 3738 ex
1784 3659 1914 3736 Dei
1977 3660 2128 3760 lege
2181 3675 2258 3738 et
2318 3661 2448 3738 SS.

320 3777 689 3858 canonum
740 3781 1226 3858 sanctionibus
1278 3781 1541 3879 pollere
1590 3777 1832 3856 debet.

1233 4016 1407 4092 An.
1466 4016 1553 4093 11.

476 4251 655 4330 Hinc
678 4253 1074 4349 juventutis
1128 4253 1483 4332 institutio
1536 4255 1607 4328 in
1664 4251 2270 4344 universitatibus,
2307 4255 2458 4334 eoi-
