<?xml version="1.0" encoding="UTF-8"?>
<!DOCTYPE html PUBLIC "-//W3C//DTD XHTML 1.0 Transitional//EN"
    "http://www.w3.org/TR/xhtml1/DTD/xhtml1-transitional.dtd">
<html xmlns="http://www.w3.org/1999/xhtml" xml:lang="en" lang="en">
 <head>
  <title>
</title>
<meta http-equiv="Content-Type" content="text/html;charset=utf-8" />
  <meta name='ocr-system' content='tesseract 3.04.00' />
  <meta name='ocr-capabilities' content='ocr_page ocr_carea ocr_par ocr_line ocrx_word'/>
</head>
<body>
  <div class='ocr_page' id='page_1' title='image "./piiixpontificis00ixgoog_0084.png"; bbox 0 0 3317 5267; ppageno 0'>
   <div class='ocr_carea' id='block_1_1' title="bbox 737 424 2994 632">
    <p class='ocr_par' dir='ltr' id='par_1_1' title="bbox 737 424 2994 632">
     <span class='ocr_line' id='line_1_1' title="bbox 737 424 2994 632; baseline -0.003 -20"><span class='ocrx_word' id='word_1_1' title='bbox 737 488 770 536; x_wconf 31' lang='grc' dir='ltr'>ἰ</span> <span class='ocrx_word' id='word_1_2' title='bbox 867 424 968 611; x_wconf 53' lang='grc' dir='ltr'><strong>ἔξ</strong></span> <span class='ocrx_word' id='word_1_3' title='bbox 979 534 1251 632; x_wconf 76' lang='lat' dir='ltr'><strong>gremio</strong></span> <span class='ocrx_word' id='word_1_4' title='bbox 1287 533 1669 610; x_wconf 78' lang='lat' dir='ltr'><strong>assideant.</strong></span> <span class='ocrx_word' id='word_1_5' title='bbox 1702 530 1801 607; x_wconf 88' lang='lat' dir='ltr'><strong>Et</strong></span> <span class='ocrx_word' id='word_1_6' title='bbox 1826 532 2158 631; x_wconf 88' lang='lat' dir='ltr'><strong>quoniam</strong></span> <span class='ocrx_word' id='word_1_7' title='bbox 2186 531 2351 609; x_wconf 87' lang='lat' dir='ltr'><strong>huic</strong></span> <span class='ocrx_word' id='word_1_8' title='bbox 2380 532 2707 631; x_wconf 84' lang='lat' dir='ltr'><strong>Capitulo</strong></span> <span class='ocrx_word' id='word_1_9' title='bbox 2738 532 2994 609; x_wconf 87' lang='lat' dir='ltr'><strong>eadem</strong></span> 
     </span>
    </p>
   </div>
   <div class='ocr_carea' id='block_1_2' title="bbox 847 648 2999 4275">
    <p class='ocr_par' dir='ltr' id='par_1_2' title="bbox 861 648 2999 2390">
     <span class='ocr_line' id='line_1_2' title="bbox 869 648 2995 747; baseline -0.001 -23"><span class='ocrx_word' id='word_1_10' title='bbox 869 650 1278 726; x_wconf 80' lang='lat' dir='ltr'><strong>incumbere</strong></span> <span class='ocrx_word' id='word_1_11' title='bbox 1329 651 1590 726; x_wconf 88' lang='lat' dir='ltr'><strong>debent</strong></span> <span class='ocrx_word' id='word_1_12' title='bbox 1646 674 1859 725; x_wconf 83' lang='lat' dir='ltr'><strong>onera</strong></span> <span class='ocrx_word' id='word_1_13' title='bbox 1912 660 1989 723; x_wconf 94' lang='lat' dir='ltr'><strong>et</strong></span> <span class='ocrx_word' id='word_1_14' title='bbox 2038 648 2307 737; x_wconf 88' lang='lat' dir='ltr'><strong>munia,</strong></span> <span class='ocrx_word' id='word_1_15' title='bbox 2362 674 2543 747; x_wconf 88' lang='lat' dir='ltr'><strong>quae</strong></span> <span class='ocrx_word' id='word_1_16' title='bbox 2614 664 2850 725; x_wconf 86' lang='lat' dir='ltr'><strong>cetera</strong></span> <span class='ocrx_word' id='word_1_17' title='bbox 2900 650 2995 722; x_wconf 84' lang='lat' dir='ltr'><strong>il·-</strong></span> 
     </span>
     <span class='ocr_line' id='line_1_3' title="bbox 867 768 2999 867; baseline 0.001 -24"><span class='ocrx_word' id='word_1_18' title='bbox 867 771 1094 843; x_wconf 88' lang='lat' dir='ltr'><strong>larum</strong></span> <span class='ocrx_word' id='word_1_19' title='bbox 1149 771 1459 867; x_wconf 88' lang='lat' dir='ltr'><strong>partium</strong></span> <span class='ocrx_word' id='word_1_20' title='bbox 1513 769 1835 866; x_wconf 84' lang='lat' dir='ltr'><strong>Capituia</strong></span> <span class='ocrx_word' id='word_1_21' title='bbox 1890 768 2331 845; x_wconf 88' lang='lat' dir='ltr'><strong>Cathedralia</strong></span> <span class='ocrx_word' id='word_1_22' title='bbox 2384 772 2768 859; x_wconf 80' lang='lat' dir='ltr'><strong>sustinent,</strong></span> <span class='ocrx_word' id='word_1_23' title='bbox 2824 772 2999 845; x_wconf 88' lang='lat' dir='ltr'><strong>hinc</strong></span> 
     </span>
     <span class='ocr_line' id='line_1_4' title="bbox 867 888 2997 986; baseline -0.001 -23"><span class='ocrx_word' id='word_1_24' title='bbox 867 892 1100 964; x_wconf 89' lang='lat' dir='ltr'><strong>cidem</strong></span> <span class='ocrx_word' id='word_1_25' title='bbox 1151 890 1530 963; x_wconf 88' lang='lat' dir='ltr'><strong>Paranensi</strong></span> <span class='ocrx_word' id='word_1_26' title='bbox 1603 890 1912 986; x_wconf 87' lang='lat' dir='ltr'><strong>capitulo</strong></span> <span class='ocrx_word' id='word_1_27' title='bbox 1974 892 2125 985; x_wconf 87' lang='lat' dir='ltr'><strong>pari</strong></span> <span class='ocrx_word' id='word_1_28' title='bbox 2198 888 2605 986; x_wconf 78' lang='lat' dir='ltr'><strong>Apostolica</strong></span> <span class='ocrx_word' id='word_1_29' title='bbox 2682 890 2997 965; x_wconf 85' lang='lat' dir='ltr'><strong>auctori-</strong></span> 
     </span>
     <span class='ocr_line' id='line_1_5' title="bbox 868 1006 2999 1104; baseline -0.001 -24"><span class='ocrx_word' id='word_1_30' title='bbox 868 1018 1016 1080; x_wconf 88' lang='lat' dir='ltr'><strong>tate</strong></span> <span class='ocrx_word' id='word_1_31' title='bbox 1069 1008 1541 1104; x_wconf 84' lang='lat' dir='ltr'><strong>impertimur,</strong></span> <span class='ocrx_word' id='word_1_32' title='bbox 1596 1019 1680 1079; x_wconf 89' lang='lat' dir='ltr'><strong>ut</strong></span> <span class='ocrx_word' id='word_1_33' title='bbox 1733 1007 1983 1081; x_wconf 83' lang='lat' dir='ltr'><strong>iisdem</strong></span> <span class='ocrx_word' id='word_1_34' title='bbox 2024 1008 2287 1101; x_wconf 85' lang='lat' dir='ltr'><strong>pariter</strong></span> <span class='ocrx_word' id='word_1_35' title='bbox 2340 1008 2643 1104; x_wconf 77' lang='lat' dir='ltr'>gaudeat</span> <span class='ocrx_word' id='word_1_36' title='bbox 2678 1006 2999 1081; x_wconf 80' lang='lat' dir='ltr'><strong>fmatur-</strong></span> 
     </span>
     <span class='ocr_line' id='line_1_6' title="bbox 865 1122 2989 1219; baseline 0 -23"><span class='ocrx_word' id='word_1_37' title='bbox 865 1146 1004 1219; x_wconf 89' lang='lat' dir='ltr'><strong>que</strong></span> <span class='ocrx_word' id='word_1_38' title='bbox 1069 1122 1362 1211; x_wconf 86' lang='lat' dir='ltr'><strong>iuribus,</strong></span> <span class='ocrx_word' id='word_1_39' title='bbox 1417 1122 1828 1208; x_wconf 88' lang='lat' dir='ltr'><strong>honoribus,</strong></span> <span class='ocrx_word' id='word_1_40' title='bbox 1896 1122 2207 1209; x_wconf 89' lang='lat' dir='ltr'><strong>indultis,</strong></span> <span class='ocrx_word' id='word_1_41' title='bbox 2264 1125 2533 1218; x_wconf 80' lang='lat' dir='ltr'><strong>gratiis,</strong></span> <span class='ocrx_word' id='word_1_42' title='bbox 2601 1124 2989 1209; x_wconf 81' lang='lat' dir='ltr'><strong>favorihuS,</strong></span> 
     </span>
     <span class='ocr_line' id='line_1_7' title="bbox 867 1240 2989 1338; baseline 0 -25"><span class='ocrx_word' id='word_1_43' title='bbox 867 1242 1396 1338; x_wconf 75' lang='lat' dir='ltr'><strong>praerogativiS,</strong></span> <span class='ocrx_word' id='word_1_44' title='bbox 1452 1240 1861 1337; x_wconf 81' lang='lat' dir='ltr'><strong>privilegiis,</strong></span> <span class='ocrx_word' id='word_1_45' title='bbox 1928 1253 2002 1313; x_wconf 90' lang='lat' dir='ltr'><strong>et</strong></span> <span class='ocrx_word' id='word_1_46' title='bbox 2080 1241 2334 1313; x_wconf 88' lang='lat' dir='ltr'><strong>ceteris</strong></span> <span class='ocrx_word' id='word_1_47' title='bbox 2394 1241 2989 1338; x_wconf 88' lang='lat' dir='ltr'><strong>quibuscumque,</strong></span> 
     </span>
     <span class='ocr_line' id='line_1_8' title="bbox 867 1358 2993 1456; baseline 0 -23"><span class='ocrx_word' id='word_1_48' title='bbox 867 1358 1251 1434; x_wconf 90' lang='lat' dir='ltr'><strong>dummodo</strong></span> <span class='ocrx_word' id='word_1_49' title='bbox 1315 1361 1544 1435; x_wconf 89' lang='lat' dir='ltr'><strong>adhuc</strong></span> <span class='ocrx_word' id='word_1_50' title='bbox 1622 1359 1941 1456; x_wconf 82' lang='lat' dir='ltr'><strong>legitimo</strong></span> <span class='ocrx_word' id='word_1_51' title='bbox 1992 1359 2064 1431; x_wconf 90' lang='lat' dir='ltr'><strong>in</strong></span> <span class='ocrx_word' id='word_1_52' title='bbox 2120 1380 2255 1433; x_wconf 89' lang='lat' dir='ltr'><strong>usu</strong></span> <span class='ocrx_word' id='word_1_53' title='bbox 2304 1360 2449 1432; x_wconf 86' lang='lat' dir='ltr'><strong>sint</strong></span> <span class='ocrx_word' id='word_1_54' title='bbox 2478 1411 2499 1444; x_wconf 92' lang='lat'>‚</span> <span class='ocrx_word' id='word_1_55' title='bbox 2556 1380 2786 1455; x_wconf 84' lang='lat' dir='ltr'><strong>neque</strong></span> <span class='ocrx_word' id='word_1_56' title='bbox 2856 1382 2993 1454; x_wconf 79' lang='lat' dir='ltr'><strong>pe·-</strong></span> 
     </span>
     <span class='ocr_line' id='line_1_9' title="bbox 865 1474 2993 1570; baseline 0 -23"><span class='ocrx_word' id='word_1_57' title='bbox 865 1474 1106 1548; x_wconf 88' lang='lat' dir='ltr'><strong>culiari</strong></span> <span class='ocrx_word' id='word_1_58' title='bbox 1157 1499 1248 1549; x_wconf 86' lang='lat' dir='ltr'><strong>ex</strong></span> <span class='ocrx_word' id='word_1_59' title='bbox 1297 1478 1775 1561; x_wconf 81' lang='lat' dir='ltr'>concessione,</span> <span class='ocrx_word' id='word_1_60' title='bbox 1832 1475 1943 1549; x_wconf 85' lang='lat' dir='ltr'><strong>vel</strong></span> <span class='ocrx_word' id='word_1_61' title='bbox 2006 1494 2301 1549; x_wconf 87' lang='lat' dir='ltr'><strong>oneroso</strong></span> <span class='ocrx_word' id='word_1_62' title='bbox 2382 1474 2589 1549; x_wconf 89' lang='lat' dir='ltr'><strong>titulo</strong></span> <span class='ocrx_word' id='word_1_63' title='bbox 2639 1474 2993 1570; x_wconf 83' lang='lat' dir='ltr'><strong>adquisita</strong></span> 
     </span>
     <span class='ocr_line' id='line_1_10' title="bbox 861 1590 2995 1687; baseline 0.001 -24"><span class='ocrx_word' id='word_1_64' title='bbox 861 1591 1386 1687; x_wconf 82' lang='lat' dir='ltr'><strong>dignoscantur.</strong></span> <span class='ocrx_word' id='word_1_65' title='bbox 1445 1591 1681 1666; x_wconf 84' lang='lat' dir='ltr'><strong>Possit</strong></span> <span class='ocrx_word' id='word_1_66' title='bbox 1760 1593 2071 1687; x_wconf 90' lang='lat' dir='ltr'><strong>insuper,</strong></span> <span class='ocrx_word' id='word_1_67' title='bbox 2128 1590 2589 1687; x_wconf 85' lang='lat' dir='ltr'><strong>consultoque</strong></span> <span class='ocrx_word' id='word_1_68' title='bbox 2624 1602 2826 1665; x_wconf 88' lang='lat' dir='ltr'><strong>curet</strong></span> <span class='ocrx_word' id='word_1_69' title='bbox 2858 1612 2995 1687; x_wconf 89' lang='lat' dir='ltr'><strong>op-</strong></span> 
     </span>
     <span class='ocr_line' id='line_1_11' title="bbox 865 1708 2993 1827; baseline -0.001 -45"><span class='ocrx_word' id='word_1_70' title='bbox 865 1720 1170 1803; x_wconf 87' lang='lat' dir='ltr'><strong>portuna</strong></span> <span class='ocrx_word' id='word_1_71' title='bbox 1222 1708 1562 1785; x_wconf 87' lang='lat' dir='ltr'><strong>conficere</strong></span> <span class='ocrx_word' id='word_1_72' title='bbox 1613 1720 1885 1783; x_wconf 87' lang='lat' dir='ltr'><strong>statuta</strong></span> <span class='ocrx_word' id='word_1_73' title='bbox 1934 1708 2369 1827; x_wconf 53' lang='lat' dir='ltr'><strong>capitularia,</strong></span> <span class='ocrx_word' id='word_1_74' title='bbox 2412 1709 2887 1785; x_wconf 81' lang='lat' dir='ltr'><strong>ordinationes</strong></span> <span class='ocrx_word' id='word_1_75' title='bbox 2912 1720 2993 1783; x_wconf 88' lang='lat' dir='ltr'><strong>et</strong></span> 
     </span>
     <span class='ocr_line' id='line_1_12' title="bbox 863 1824 2991 1925; baseline 0.002 -26"><span class='ocrx_word' id='word_1_76' title='bbox 863 1827 1141 1901; x_wconf 88' lang='lat' dir='ltr'><strong>decreta</strong></span> <span class='ocrx_word' id='word_1_77' title='bbox 1185 1880 1206 1915; x_wconf 90' lang='lat'><strong>,</strong></span> <span class='ocrx_word' id='word_1_78' title='bbox 1286 1851 1468 1925; x_wconf 89' lang='lat' dir='ltr'><strong>quae</strong></span> <span class='ocrx_word' id='word_1_79' title='bbox 1538 1828 1787 1925; x_wconf 86' lang='lat' dir='ltr'><strong>utique</strong></span> <span class='ocrx_word' id='word_1_80' title='bbox 1850 1827 2267 1924; x_wconf 88' lang='lat' dir='ltr'><strong>Apostolicis</strong></span> <span class='ocrx_word' id='word_1_81' title='bbox 2348 1824 2991 1907; x_wconf 85' lang='lat' dir='ltr'><strong>Constitutionibus</strong></span> 
     </span>
     <span class='ocr_line' id='line_1_13' title="bbox 863 1943 2995 2041; baseline 0.001 -24"><span class='ocrx_word' id='word_1_82' title='bbox 863 1953 1076 2041; x_wconf 86' lang='lat' dir='ltr'><strong>atque</strong></span> <span class='ocrx_word' id='word_1_83' title='bbox 1103 1944 1479 2018; x_wconf 86' lang='lat' dir='ltr'><strong>Sacrorum</strong></span> <span class='ocrx_word' id='word_1_84' title='bbox 1507 1968 1885 2025; x_wconf 80' lang='lat' dir='ltr'><strong>canonum,</strong></span> <span class='ocrx_word' id='word_1_85' title='bbox 1918 1956 1995 2019; x_wconf 89' lang='lat' dir='ltr'><strong>et</strong></span> <span class='ocrx_word' id='word_1_86' title='bbox 2042 1946 2461 2040; x_wconf 88' lang='lat' dir='ltr'><strong>praesertim</strong></span> <span class='ocrx_word' id='word_1_87' title='bbox 2498 1943 2791 2021; x_wconf 84' lang='lat' dir='ltr'><strong>Concilii</strong></span> <span class='ocrx_word' id='word_1_88' title='bbox 2829 1945 2886 2017; x_wconf 93' lang='lat' dir='ltr'>T</span> <span class='ocrx_word' id='word_1_89' title='bbox 2889 1947 2995 2019; x_wconf 86' lang='lat' dir='ltr'><strong>ri·-</strong></span> 
     </span>
     <span class='ocr_line' id='line_1_14' title="bbox 861 2060 2993 2159; baseline 0.001 -26"><span class='ocrx_word' id='word_1_90' title='bbox 861 2060 1131 2135; x_wconf 86' lang='lat' dir='ltr'><strong>dentini</strong></span> <span class='ocrx_word' id='word_1_91' title='bbox 1183 2061 1634 2157; x_wconf 78' lang='lat' dir='ltr'><strong>praescriptis</strong></span> <span class='ocrx_word' id='word_1_92' title='bbox 1682 2060 1965 2156; x_wconf 87' lang='lat' dir='ltr'><strong>penitus</strong></span> <span class='ocrx_word' id='word_1_93' title='bbox 2017 2072 2491 2137; x_wconf 88' lang='lat' dir='ltr'><strong>consentanea</strong></span> <span class='ocrx_word' id='word_1_94' title='bbox 2544 2064 2715 2149; x_wconf 87' lang='lat' dir='ltr'><strong>sint,</strong></span> <span class='ocrx_word' id='word_1_95' title='bbox 2772 2084 2993 2159; x_wconf 88' lang='lat' dir='ltr'><strong>quae-</strong></span> 
     </span>
     <span class='ocr_line' id='line_1_15' title="bbox 862 2176 2993 2275; baseline 0 -24"><span class='ocrx_word' id='word_1_96' title='bbox 862 2200 1000 2273; x_wconf 89' lang='lat' dir='ltr'><strong>que</strong></span> <span class='ocrx_word' id='word_1_97' title='bbox 1051 2176 1400 2253; x_wconf 84' lang='lat' dir='ltr'><strong>Ordinarii</strong></span> <span class='ocrx_word' id='word_1_98' title='bbox 1455 2178 1817 2251; x_wconf 85' lang='lat' dir='ltr'><strong>Antistitis</strong></span> <span class='ocrx_word' id='word_1_99' title='bbox 1880 2178 2391 2274; x_wconf 79' lang='lat' dir='ltr'><strong>approbatione</strong></span> <span class='ocrx_word' id='word_1_100' title='bbox 2454 2180 2842 2275; x_wconf 73' lang='lat' dir='ltr'><strong>indigeant,</strong></span> <span class='ocrx_word' id='word_1_101' title='bbox 2906 2190 2993 2253; x_wconf 86' lang='lat' dir='ltr'><strong>ut</strong></span> 
     </span>
     <span class='ocr_line' id='line_1_16' title="bbox 863 2292 2707 2390; baseline 0.001 -25"><span class='ocrx_word' id='word_1_102' title='bbox 863 2293 1158 2369; x_wconf 84' lang='lat' dir='ltr'><strong>subinde</strong></span> <span class='ocrx_word' id='word_1_103' title='bbox 1196 2295 1478 2367; x_wconf 88' lang='lat' dir='ltr'><strong>valeant</strong></span> <span class='ocrx_word' id='word_1_104' title='bbox 1527 2292 1882 2369; x_wconf 84' lang='lat' dir='ltr'><strong>efficacem</strong></span> <span class='ocrx_word' id='word_1_105' title='bbox 1938 2295 2109 2390; x_wconf 83' lang='lat' dir='ltr'><strong>legis</strong></span> <span class='ocrx_word' id='word_1_106' title='bbox 2162 2296 2310 2367; x_wconf 84' lang='lat' dir='ltr'><strong>vim</strong></span> <span class='ocrx_word' id='word_1_107' title='bbox 2360 2297 2647 2371; x_wconf 88' lang='lat' dir='ltr'><strong>hahere.</strong></span> <span class='ocrx_word' id='word_1_108' title='bbox 2693 2367 2707 2379; x_wconf 78' lang='grc'><strong><em>,</em></strong></span> 
     </span>
    </p>

    <p class='ocr_par' dir='ltr' id='par_1_3' title="bbox 853 2412 2992 3431">
     <span class='ocr_line' id='line_1_17' title="bbox 1019 2412 2992 2510; baseline 0.002 -25"><span class='ocrx_word' id='word_1_109' title='bbox 1019 2412 1260 2499; x_wconf 85' lang='lat' dir='ltr'><strong>Porro,</strong></span> <span class='ocrx_word' id='word_1_110' title='bbox 1317 2424 1396 2486; x_wconf 93' lang='lat' dir='ltr'><strong>ut</strong></span> <span class='ocrx_word' id='word_1_111' title='bbox 1451 2412 1883 2510; x_wconf 80' lang='lat' dir='ltr'><strong>frequentior</strong></span> <span class='ocrx_word' id='word_1_112' title='bbox 1935 2426 2330 2487; x_wconf 79' lang='lat' dir='ltr'><strong>succrescat</strong></span> <span class='ocrx_word' id='word_1_113' title='bbox 2380 2412 2727 2489; x_wconf 88' lang='lat' dir='ltr'><strong>bonorum</strong></span> <span class='ocrx_word' id='word_1_114' title='bbox 2813 2412 2992 2488; x_wconf 89' lang='lat' dir='ltr'><strong>Pre-</strong></span> 
     </span>
     <span class='ocr_line' id='line_1_18' title="bbox 862 2530 2992 2628; baseline 0.001 -23"><span class='ocrx_word' id='word_1_115' title='bbox 862 2530 1307 2627; x_wconf 74' lang='lat' dir='ltr'><strong>sbyter-orum</strong></span> <span class='ocrx_word' id='word_1_116' title='bbox 1357 2533 1584 2627; x_wconf 90' lang='lat' dir='ltr'><strong>copia,</strong></span> <span class='ocrx_word' id='word_1_117' title='bbox 1611 2608 1614 2611; x_wconf 65' lang='grc'>,</span> <span class='ocrx_word' id='word_1_118' title='bbox 1640 2556 1729 2605; x_wconf 88' lang='lat' dir='ltr'><strong>ne</strong></span> <span class='ocrx_word' id='word_1_119' title='bbox 1794 2533 1964 2606; x_wconf 86' lang='lat' dir='ltr'><strong>dum</strong></span> <span class='ocrx_word' id='word_1_120' title='bbox 2019 2532 2103 2605; x_wconf 88' lang='lat' dir='ltr'><strong>ad</strong></span> <span class='ocrx_word' id='word_1_121' title='bbox 2158 2534 2584 2627; x_wconf 82' lang='lat' dir='ltr'><strong>augendum,</strong></span> <span class='ocrx_word' id='word_1_122' title='bbox 2648 2545 2730 2607; x_wconf 87' lang='lat' dir='ltr'><strong>ut</strong></span> <span class='ocrx_word' id='word_1_123' title='bbox 2785 2556 2992 2628; x_wconf 87' lang='lat' dir='ltr'><strong>prae-</strong></span> 
     </span>
     <span class='ocr_line' id='line_1_19' title="bbox 853 2646 2987 2744; baseline 0 -23"><span class='ocrx_word' id='word_1_124' title='bbox 853 2646 1098 2735; x_wconf 81' lang='lat' dir='ltr'><strong>fertur,</strong></span> <span class='ocrx_word' id='word_1_125' title='bbox 1131 2646 1638 2744; x_wconf 81' lang='lat' dir='ltr'><strong>Capituiarium</strong></span> <span class='ocrx_word' id='word_1_126' title='bbox 1676 2670 2085 2734; x_wconf 89' lang='lat' dir='ltr'><strong>numerum,</strong></span> <span class='ocrx_word' id='word_1_127' title='bbox 2133 2670 2375 2721; x_wconf 82' lang='lat' dir='ltr'><strong>verum</strong></span> <span class='ocrx_word' id='word_1_128' title='bbox 2414 2649 2633 2721; x_wconf 86' lang='lat' dir='ltr'><strong>etiam</strong></span> <span class='ocrx_word' id='word_1_129' title='bbox 2688 2650 2770 2722; x_wconf 87' lang='lat' dir='ltr'><strong>ad</strong></span> <span class='ocrx_word' id='word_1_130' title='bbox 2828 2670 2987 2721; x_wconf 87' lang='lat' dir='ltr'><strong>eam</strong></span> 
     </span>
     <span class='ocr_line' id='line_1_20' title="bbox 864 2762 2989 2839; baseline 0.001 -5"><span class='ocrx_word' id='word_1_131' title='bbox 864 2764 1068 2837; x_wconf 82' lang='lat' dir='ltr'><strong>valde</strong></span> <span class='ocrx_word' id='word_1_132' title='bbox 1113 2764 1334 2837; x_wconf 87' lang='lat' dir='ltr'><strong>latam</strong></span> <span class='ocrx_word' id='word_1_133' title='bbox 1389 2762 1652 2838; x_wconf 87' lang='lat' dir='ltr'><strong>Christi</strong></span> <span class='ocrx_word' id='word_1_134' title='bbox 1706 2762 1991 2838; x_wconf 88' lang='lat' dir='ltr'><strong>Domini</strong></span> <span class='ocrx_word' id='word_1_135' title='bbox 2042 2764 2321 2837; x_wconf 86' lang='lat' dir='ltr'><strong>vineam</strong></span> <span class='ocrx_word' id='word_1_136' title='bbox 2377 2764 2803 2839; x_wconf 84' lang='lat' dir='ltr'><strong>fructuosius</strong></span> <span class='ocrx_word' id='word_1_137' title='bbox 2856 2788 2989 2838; x_wconf 79' lang='lat' dir='ltr'><strong>ex-</strong></span> 
     </span>
     <span class='ocr_line' id='line_1_21' title="bbox 857 2881 2987 2978; baseline 0 -21"><span class='ocrx_word' id='word_1_138' title='bbox 857 2882 1223 2957; x_wconf 86' lang='lat' dir='ltr'><strong>colendam</strong></span> <span class='ocrx_word' id='word_1_139' title='bbox 1265 2935 1286 2969; x_wconf 95' lang='lat'><strong>,</strong></span> <span class='ocrx_word' id='word_1_140' title='bbox 1342 2885 1590 2957; x_wconf 88' lang='lat' dir='ltr'><strong>eadem</strong></span> <span class='ocrx_word' id='word_1_141' title='bbox 1644 2881 2047 2978; x_wconf 86' lang='lat' dir='ltr'><strong>Apostolica</strong></span> <span class='ocrx_word' id='word_1_142' title='bbox 2112 2884 2535 2959; x_wconf 86' lang='lat' dir='ltr'><strong>auctoritate</strong></span> <span class='ocrx_word' id='word_1_143' title='bbox 2606 2886 2987 2959; x_wconf 86' lang='lat' dir='ltr'><strong>constitui-</strong></span> 
     </span>
     <span class='ocr_line' id='line_1_22' title="bbox 857 3000 2981 3098; baseline 0 -23"><span class='ocrx_word' id='word_1_144' title='bbox 857 3024 1044 3088; x_wconf 88' lang='lat' dir='ltr'><strong>mus,</strong></span> <span class='ocrx_word' id='word_1_145' title='bbox 1099 3014 1182 3077; x_wconf 91' lang='lat' dir='ltr'><strong>ut</strong></span> <span class='ocrx_word' id='word_1_146' title='bbox 1230 3003 1368 3077; x_wconf 90' lang='lat' dir='ltr'><strong>illic</strong></span> <span class='ocrx_word' id='word_1_147' title='bbox 1419 3004 1727 3098; x_wconf 83' lang='lat' dir='ltr'><strong>erigatur</strong></span> <span class='ocrx_word' id='word_1_148' title='bbox 1762 3000 2279 3077; x_wconf 87' lang='lat' dir='ltr'><strong>Dioecesanum</strong></span> <span class='ocrx_word' id='word_1_149' title='bbox 2324 3001 2981 3081; x_wconf 87' lang='lat' dir='ltr'><strong>Ecclesiasticorum</strong></span> 
     </span>
     <span class='ocr_line' id='line_1_23' title="bbox 856 3120 2983 3209; baseline 0.001 -14"><span class='ocrx_word' id='word_1_150' title='bbox 856 3122 1302 3196; x_wconf 86' lang='lat' dir='ltr'><strong>alumnorum</strong></span> <span class='ocrx_word' id='word_1_151' title='bbox 1337 3122 1841 3209; x_wconf 73' lang='lat' dir='ltr'><strong>Seminarium,</strong></span> <span class='ocrx_word' id='word_1_152' title='bbox 1874 3124 1960 3197; x_wconf 91' lang='lat' dir='ltr'><strong>ad</strong></span> <span class='ocrx_word' id='word_1_153' title='bbox 2000 3122 2296 3196; x_wconf 86' lang='lat' dir='ltr'><strong>aliarum</strong></span> <span class='ocrx_word' id='word_1_154' title='bbox 2328 3120 2772 3197; x_wconf 86' lang='lat' dir='ltr'><strong>Dioecesium</strong></span> <span class='ocrx_word' id='word_1_155' title='bbox 2810 3146 2983 3199; x_wconf 83' lang='lat' dir='ltr'><strong>nor-</strong></span> 
     </span>
     <span class='ocr_line' id='line_1_24' title="bbox 855 3236 2981 3336; baseline 0 -25"><span class='ocrx_word' id='word_1_156' title='bbox 855 3260 1050 3311; x_wconf 86' lang='lat' dir='ltr'><strong>mam</strong></span> <span class='ocrx_word' id='word_1_157' title='bbox 1081 3291 1101 3324; x_wconf 94' lang='lat'><strong>,</strong></span> <span class='ocrx_word' id='word_1_158' title='bbox 1157 3238 1359 3312; x_wconf 85' lang='lat' dir='ltr'><strong>iuxta</strong></span> <span class='ocrx_word' id='word_1_159' title='bbox 1409 3240 1590 3313; x_wconf 85' lang='lat' dir='ltr'><strong>sacri</strong></span> <span class='ocrx_word' id='word_1_160' title='bbox 1645 3236 1937 3313; x_wconf 91' lang='lat' dir='ltr'><strong>Concilii</strong></span> <span class='ocrx_word' id='word_1_161' title='bbox 1993 3238 2384 3311; x_wconf 89' lang='lat' dir='ltr'><strong>Tridentini</strong></span> <span class='ocrx_word' id='word_1_162' title='bbox 2466 3241 2981 3336; x_wconf 80' lang='lat' dir='ltr'><strong>praescriptum</strong></span> 
     </span>
     <span class='ocr_line' id='line_1_25' title="bbox 857 3355 1695 3431; baseline 0.002 -4"><span class='ocrx_word' id='word_1_163' title='bbox 857 3355 991 3428; x_wconf 86' lang='lat' dir='ltr'><strong>rite</strong></span> <span class='ocrx_word' id='word_1_164' title='bbox 1043 3356 1695 3431; x_wconf 87' lang='lat' dir='ltr'><strong>administrandum·</strong></span> 
     </span>
    </p>

    <p class='ocr_par' dir='ltr' id='par_1_4' title="bbox 847 3469 2981 4275">
     <span class='ocr_line' id='line_1_26' title="bbox 1014 3469 2981 3569; baseline 0.004 -28"><span class='ocrx_word' id='word_1_165' title='bbox 1014 3469 1158 3541; x_wconf 80' lang='lat' dir='ltr'><strong>iam</strong></span> <span class='ocrx_word' id='word_1_166' title='bbox 1235 3494 1403 3547; x_wconf 84' lang='lat' dir='ltr'><strong>vero</strong></span> <span class='ocrx_word' id='word_1_167' title='bbox 1481 3473 1570 3546; x_wconf 88' lang='lat' dir='ltr'><strong>ad</strong></span> <span class='ocrx_word' id='word_1_168' title='bbox 1659 3494 1914 3546; x_wconf 81' lang='lat' dir='ltr'><strong>novam</strong></span> <span class='ocrx_word' id='word_1_169' title='bbox 1998 3470 2417 3545; x_wconf 89' lang='lat' dir='ltr'><strong>Paranensis</strong></span> <span class='ocrx_word' id='word_1_170' title='bbox 2504 3472 2981 3569; x_wconf 83' lang='lat' dir='ltr'><strong>Episcopatus</strong></span> 
     </span>
     <span class='ocr_line' id='line_1_27' title="bbox 855 3584 2978 3695; baseline 0.002 -36"><span class='ocrx_word' id='word_1_171' title='bbox 855 3584 1333 3663; x_wconf 83' lang='lat' dir='ltr'><strong>fundationem</strong></span> <span class='ocrx_word' id='word_1_172' title='bbox 1367 3639 1388 3675; x_wconf 87' lang='lat'><strong>,</strong></span> <span class='ocrx_word' id='word_1_173' title='bbox 1444 3600 1941 3686; x_wconf 75' lang='lat' dir='ltr'><strong>poster-amque</strong></span> <span class='ocrx_word' id='word_1_174' title='bbox 2008 3587 2568 3663; x_wconf 85' lang='lat' dir='ltr'><strong>incolumitatem·</strong></span> <span class='ocrx_word' id='word_1_175' title='bbox 2618 3601 2692 3662; x_wconf 86' lang='lat' dir='ltr'><strong>et</strong></span> <span class='ocrx_word' id='word_1_176' title='bbox 2712 3684 2721 3695; x_wconf 28' lang='grc' dir='ltr'><strong>ο</strong></span> <span class='ocrx_word' id='word_1_177' title='bbox 2744 3592 2978 3665; x_wconf 87' lang='lat' dir='ltr'><strong>incre-</strong></span> 
     </span>
     <span class='ocr_line' id='line_1_28' title="bbox 852 3707 2973 3803; baseline 0.001 -24"><span class='ocrx_word' id='word_1_178' title='bbox 852 3718 1178 3780; x_wconf 83' lang='lat' dir='ltr'><strong>mentum</strong></span> <span class='ocrx_word' id='word_1_179' title='bbox 1228 3719 1458 3780; x_wconf 86' lang='lat' dir='ltr'><strong>ratam</strong></span> <span class='ocrx_word' id='word_1_180' title='bbox 1490 3759 1509 3794; x_wconf 91' lang='lat'>‚</span> <span class='ocrx_word' id='word_1_181' title='bbox 1567 3718 1642 3781; x_wconf 89' lang='lat' dir='ltr'><strong>et</strong></span> <span class='ocrx_word' id='word_1_182' title='bbox 1692 3732 1907 3803; x_wconf 91' lang='lat' dir='ltr'><strong>quam</strong></span> <span class='ocrx_word' id='word_1_183' title='bbox 1959 3707 2345 3783; x_wconf 72' lang='lat' dir='ltr'><strong>soiemnius</strong></span> <span class='ocrx_word' id='word_1_184' title='bbox 2400 3718 2763 3802; x_wconf 86' lang='lat' dir='ltr'><strong>acceptam</strong></span> <span class='ocrx_word' id='word_1_185' title='bbox 2816 3730 2973 3781; x_wconf 88' lang='lat' dir='ltr'><strong>esse</strong></span> 
     </span>
     <span class='ocr_line' id='line_1_29' title="bbox 851 3826 2977 3923; baseline 0.001 -24"><span class='ocrx_word' id='word_1_186' title='bbox 851 3827 1204 3901; x_wconf 84' lang='lat' dir='ltr'><strong>sancimus</strong></span> <span class='ocrx_word' id='word_1_187' title='bbox 1256 3850 1414 3902; x_wconf 91' lang='lat' dir='ltr'><strong>eam</strong></span> <span class='ocrx_word' id='word_1_188' title='bbox 1476 3830 1950 3903; x_wconf 87' lang='lat' dir='ltr'><strong>commendati</strong></span> <span class='ocrx_word' id='word_1_189' title='bbox 2025 3826 2367 3901; x_wconf 87' lang='lat' dir='ltr'><strong>Gubernii</strong></span> <span class='ocrx_word' id='word_1_190' title='bbox 2441 3826 2977 3923; x_wconf 80' lang='lat' dir='ltr'><strong>Argentinensis</strong></span> 
     </span>
     <span class='ocr_line' id='line_1_30' title="bbox 848 3943 2971 4040; baseline 0.003 -25"><span class='ocrx_word' id='word_1_191' title='bbox 848 3943 1241 4039; x_wconf 83' lang='lat' dir='ltr'><strong>religiosam</strong></span> <span class='ocrx_word' id='word_1_192' title='bbox 1293 3944 1775 4040; x_wconf 88' lang='lat' dir='ltr'><strong>sponsionem,</strong></span> <span class='ocrx_word' id='word_1_193' title='bbox 1832 3947 1916 4019; x_wconf 88' lang='lat' dir='ltr'><strong>ad</strong></span> <span class='ocrx_word' id='word_1_194' title='bbox 1972 3944 2155 4019; x_wconf 88' lang='lat' dir='ltr'><strong>hanc</strong></span> <span class='ocrx_word' id='word_1_195' title='bbox 2206 3944 2279 4017; x_wconf 86' lang='lat' dir='ltr'><strong>S.</strong></span> <span class='ocrx_word' id='word_1_196' title='bbox 2334 3944 2591 4020; x_wconf 87' lang='lat' dir='ltr'><strong>Sedem</strong></span> <span class='ocrx_word' id='word_1_197' title='bbox 2646 3944 2971 4021; x_wconf 82' lang='lat' dir='ltr'><strong>consulto</strong></span> 
     </span>
     <span class='ocr_line' id='line_1_31' title="bbox 847 4059 2975 4159; baseline 0 -26"><span class='ocrx_word' id='word_1_198' title='bbox 847 4059 1298 4156; x_wconf 73' lang='lat' dir='ltr'><strong>pei-bibitam,</strong></span> <span class='ocrx_word' id='word_1_199' title='bbox 1353 4070 1434 4133; x_wconf 91' lang='lat' dir='ltr'><strong>ut</strong></span> <span class='ocrx_word' id='word_1_200' title='bbox 1467 4083 1751 4157; x_wconf 90' lang='lat' dir='ltr'><strong>nempe,</strong></span> <span class='ocrx_word' id='word_1_201' title='bbox 1792 4084 1969 4159; x_wconf 87' lang='lat' dir='ltr'><strong>quae</strong></span> <span class='ocrx_word' id='word_1_202' title='bbox 1996 4063 2085 4137; x_wconf 88' lang='lat' dir='ltr'><strong>ad</strong></span> <span class='ocrx_word' id='word_1_203' title='bbox 2128 4062 2261 4138; x_wconf 84' lang='lat' dir='ltr'><strong>hoe</strong></span> <span class='ocrx_word' id='word_1_204' title='bbox 2290 4072 2525 4151; x_wconf 77' lang='lat' dir='ltr'><strong>totum</strong></span> <span class='ocrx_word' id='word_1_205' title='bbox 2577 4082 2757 4155; x_wconf 88' lang='lat' dir='ltr'><strong>opus</strong></span> <span class='ocrx_word' id='word_1_206' title='bbox 2796 4082 2975 4143; x_wconf 86' lang='lat' dir='ltr'><strong>een-</strong></span> 
     </span>
     <span class='ocr_line' id='line_1_32' title="bbox 849 4166 2967 4275; baseline 0 -23"><span class='ocrx_word' id='word_1_207' title='bbox 849 4189 1096 4252; x_wconf 86' lang='lat' dir='ltr'><strong>sentur</strong></span> <span class='ocrx_word' id='word_1_208' title='bbox 1149 4180 1254 4253; x_wconf 80' lang='lat' dir='ltr'><strong>vei</strong></span> <span class='ocrx_word' id='word_1_209' title='bbox 1305 4166 1728 4267; x_wconf 84' lang='lat' dir='ltr'><strong>necessaria,</strong></span> <span class='ocrx_word' id='word_1_210' title='bbox 1786 4182 1897 4255; x_wconf 89' lang='lat' dir='ltr'><strong>vel</strong></span> <span class='ocrx_word' id='word_1_211' title='bbox 1948 4182 2146 4255; x_wconf 82' lang='lat' dir='ltr'><strong>iuxta</strong></span> <span class='ocrx_word' id='word_1_212' title='bbox 2198 4202 2473 4257; x_wconf 85' lang='lat' dir='ltr'><strong>morem</strong></span> <span class='ocrx_word' id='word_1_213' title='bbox 2537 4190 2967 4275; x_wconf 80' lang='lat' dir='ltr'><strong>opportuna,</strong></span> 
     </span>
    </p>
   </div>
   <div class='ocr_carea' id='block_1_3' title="bbox 3296 980 3300 2079">
    <p class='ocr_par' dir='ltr' id='par_1_5' title="bbox 3296 980 3300 2079">
     <span class='ocr_line' id='line_1_33' title="bbox 3296 980 3300 2079; baseline 0 0"><span class='ocrx_word' id='word_1_214' title='bbox 3296 980 3300 2079; x_wconf 95' lang='lat' dir='ltr'><strong> </strong></span> 
     </span>
    </p>
   </div>
   <div class='ocr_carea' id='block_1_4' title="bbox 3296 2258 3300 2919">
    <p class='ocr_par' dir='ltr' id='par_1_6' title="bbox 3296 2258 3300 2919">
     <span class='ocr_line' id='line_1_34' title="bbox 3296 2258 3300 2919; baseline 0 0"><span class='ocrx_word' id='word_1_215' title='bbox 3296 2258 3300 2919; x_wconf 95' lang='lat' dir='ltr'><strong> </strong></span> 
     </span>
    </p>
   </div>
   <div class='ocr_carea' id='block_1_5' title="bbox 3295 4620 3299 5208">
    <p class='ocr_par' dir='ltr' id='par_1_7' title="bbox 3295 4620 3299 5208">
     <span class='ocr_line' id='line_1_35' title="bbox 3295 4620 3299 5208; baseline 0 0"><span class='ocrx_word' id='word_1_216' title='bbox 3295 4620 3299 5208; x_wconf 95' lang='lat' dir='ltr'><strong> </strong></span> 
     </span>
    </p>
   </div>
  </div>
 </body>
</html>
