3317 5267
2304 403 2450 473 429

313 514 527 586 vinae
588 512 1073 609 providentiae
1132 510 1423 587 consilio
1484 510 1800 585 collocati
1872 513 1961 586 ad
2016 534 2446 609 ‘supremum

310 633 706 705 universae
760 628 1025 703 Christi
1100 626 1460 703 Ecclesiae
1528 630 1846 725 regimen
1920 632 2150 705 evecti
2223 632 2448 707 simus

310 746 651 824 Nostram
704 770 994 823 omnem
1047 768 1249 843 spem
1300 758 1375 821 et
1427 745 1754 821 fiduciam
1811 749 1886 821 in
1946 746 2227 825 Christo
2289 752 2450 829 lesu

311 864 661 939 habentes
717 863 1101 962 Apostolioi
1154 864 1391 939 Nostri
1448 865 1827 939 ministerii
1883 879 2120 963 partes
2149 870 2446 966 implere

315 984 841 1069 contendimus,
897 985 1121 1058 veluti
1171 1008 1211 1056 a
1264 982 1481 1059 Nobis
1534 984 1850 1080 postulat
1901 986 2232 1061 instantia
2267 1012 2450 1086 quo-

312 1103 607 1187 tidiana,
664 1115 741 1177 et
790 1104 1193 1179 sollicitudo
1258 1104 1581 1179 omnium
1643 1102 2148 1179 Ecclesiarum.
2213 1108 2452 1207 Siqui-

311 1221 477 1294 dem
530 1223 773 1296 divino
835 1220 1027 1294 Illius
1091 1221 1354 1295 auxilio
1416 1220 1609 1307 freti,
1675 1222 1880 1295 cuius
1943 1223 2276 1297 vicariam
2336 1226 2452 1301 hic

312 1340 385 1413 in
446 1342 647 1414 terris
700 1341 867 1415 licet
918 1342 1383 1415 immerentes
1437 1340 1752 1436 gerimus
1815 1362 2130 1437 operam,
2197 1356 2272 1415 et
2333 1347 2453 1442 qui

310 1458 494 1531 dixit
545 1482 707 1533 ecce
762 1482 895 1555 ego
954 1457 1323 1532 vobiscum
1377 1480 1537 1531 sum
1574 1456 1905 1530 omnihus
1940 1458 2189 1533 dicbus
2223 1484 2450 1559 usque

314 1577 401 1650 ad
454 1576 1145 1651 consummationem
1212 1575 1501 1662 saeculi,
1564 1588 1639 1647 et
1701 1576 2176 1664 confirmavit,
2242 1579 2448 1655 inferi

312 1707 557 1790 portas
608 1706 857 1777 contra
902 1692 1295 1768 Ecclesiam
1348 1714 1551 1766 suam
1608 1716 1970 1790 nunquam
2013 1717 2186 1783 ‘esse
2240 1720 2448 1793 prae-

308 1810 677 1899 valituras,
734 1810 908 1883 nihil
961 1811 1349 1883 metuimus
1402 1819 1513 1883 tot
1564 1808 1870 1883 nefarias
1935 1811 2448 1911 sacrilegasque

313 1930 743 2016 molitiones,
798 1941 1095 2005 conatus
1152 1944 1229 2005 et
1279 1930 1619 2025 impetus,
1675 1928 1934 2025 quihus
1971 1930 2046 2002 in
2080 1931 2214 2006 hac
2251 1944 2448 2007 tanta

315 2059 718 2144 temporum
774 2049 1145 2147 iniquitate
1200 2048 1466 2121 inimici
1504 2047 1834 2121 homines
1869 2048 2292 2122 catholicam
2331 2074 2448 2125 re-

311 2165 675 2263 ligionem,
732 2170 791 2239 si
844 2168 995 2240 fieri
1048 2190 1359 2264 unquam
1412 2178 1684 2263 posset,
1739 2164 2058 2241 funditus
2121 2180 2444 2243 evertere

316 2286 803 2372 connituntur,
872 2288 997 2359 sed
1060 2284 1405 2382 spirituali
1480 2287 1800 2358 omnium
1875 2287 2202 2382 gentium
2258 2286 2448 2363 hono

316 2417 389 2476 et
434 2403 647 2477 saluti
698 2404 1067 2478 consulere
1120 2426 1263 2477 non
1316 2402 1755 2475 desistimus.
1813 2400 2104 2475 Etenim
2141 2404 2448 2479 charitas

318 2519 579 2596 Christi
630 2537 841 2620 urget
892 2522 1033 2597 Nos
1077 2572 1097 2610 ,
1154 2545 1237 2597 ac
1290 2520 1467 2593 nihil
1518 2520 1734 2595 Nobis
1788 2523 2028 2618 potius
2089 2546 2246 2598 esse
2313 2547 2448 2620 po-

318 2652 487 2728 test,
543 2664 761 2739 quam
814 2655 895 2716 ut
946 2664 1199 2716 omnes
1250 2663 1483 2727 curas,
1540 2639 1846 2727 labores,
1887 2640 2176 2715 consilia
2214 2642 2446 2716 liben-

324 2759 599 2833 tissime
657 2742 1151 2855 suscipiamus,
1224 2782 1371 2855 quo
1440 2779 1691 2833 omnes
1765 2758 2002 2855 populi
2075 2775 2450 2834 occurrant

321 2876 391 2949 in
461 2877 809 2950 unitatem
873 2874 1061 2961 fidei,
1128 2886 1202 2948 et
1262 2885 1585 2948 crescant
1646 2875 1718 2945 in
1781 2874 2074 2947 scientia
2147 2872 2302 2964 Dei,
2375 2892 2451 2950 et

319 2996 719 3093 cognitione
796 2992 1083 3069 Domini
1153 2992 1391 3067 Nostri
1462 2992 1623 3066 lesu
1696 2988 1983 3079 Christi,
2067 3018 2099 3063 «
2145 2996 2270 3091 qui
2337 3008 2449 3069 est

336 3138 369 3183 n
432 3114 547 3186 via
594 3124 673 3187 et
720 3114 987 3187 veritas
1040 3126 1115 3185 et
1165 3112 1345 3199 vita3
1397 3112 1509 3183 via
1570 3108 1838 3184 scilicet
1895 3114 2448 3187 conversationis

332 3258 367 3303 »
424 3244 741 3320 sanctae,
797 3235 1061 3306 veritas
1113 3230 1475 3305 doctrinae
1524 3228 1832 3315 divinae,
1887 3240 1960 3301 et
2009 3230 2158 3302 vita
2218 3229 2446 3305 heati-

326 3350 585 3423 tudinis
639 3350 1185 3447 sempiternae»
1252 3344 1379 3444 (l).
1438 3344 1682 3442 Neque
1738 3367 1904 3419 vero
1960 3344 2102 3421 Vos
2163 3348 2447 3444 ignora-

322 3468 410 3540 tis
449 3520 470 3555 ,
528 3464 997 3545 venerabiles,
1033 3466 1315 3541 Fratres
1350 3518 1369 3551 ,
1427 3488 1571 3561 quo
1624 3462 1963 3559 singulari
2018 3486 2258 3541 amore
2291 3520 2311 3555 ,
2369 3480 2444 3542 et

323 3586 602 3659 assiduo
652 3586 889 3660 studio
935 3588 1275 3682 'paternas
1330 3582 1626 3658 Nostros
1675 3604 1881 3655 curas
1933 3584 2020 3656 ad
2059 3584 2269 3657 istam
2299 3586 2444 3659 ele-

321 3718 511 3779 ctam
582 3702 925 3780 Dominici
1002 3706 1233 3802 gregis
1308 3715 1589 3800 partem
1671 3715 1947 3775 vestrae
2036 3704 2438 3800 vigilantiae

324 3824 801 3906 commissam,
862 3824 969 3897 vel
1023 3820 1115 3895 ab
1166 3824 1319 3918 ipso
1374 3822 1686 3919 supremi
1749 3820 1987 3895 Nostri
2045 3820 2440 3897 Pontifica-

324 3952 441 4016 tus
492 3942 699 4016 initio
744 3942 1281 4029 contulerimus,
1338 3951 1556 4038 atque
1606 3963 1694 4012 ex
1751 3940 2254 4015 recentissimis
2305 3940 2446 4017 No·

486 4190 573 4271 (1)
614 4190 674 4255 S.
720 4192 839 4257 Leo
882 4192 1067 4255 Sei-m.
1113 4188 1188 4253 ll.
1232 4188 1310 4255 de
1351 4188 1694 4253 Resurrect.
1741 4184 1998 4250 Domini.
