<?xml version="1.0" encoding="UTF-8"?>
<!DOCTYPE html PUBLIC "-//W3C//DTD XHTML 1.0 Transitional//EN"
    "http://www.w3.org/TR/xhtml1/DTD/xhtml1-transitional.dtd">
<html xmlns="http://www.w3.org/1999/xhtml" xml:lang="en" lang="en">
 <head>
  <title>
</title>
<meta http-equiv="Content-Type" content="text/html;charset=utf-8" />
  <meta name='ocr-system' content='tesseract 3.04.00' />
  <meta name='ocr-capabilities' content='ocr_page ocr_carea ocr_par ocr_line ocrx_word'/>
</head>
<body>
  <div class='ocr_page' id='page_1' title='image "./piiixpontificis00ixgoog_0134.png"; bbox 0 0 3317 5267; ppageno 0'>
   <div class='ocr_carea' id='block_1_1' title="bbox 865 428 1001 501">
    <p class='ocr_par' dir='ltr' id='par_1_1' title="bbox 865 428 1001 501">
     <span class='ocr_line' id='line_1_1' title="bbox 865 428 1001 501; baseline 0.015 -2"><span class='ocrx_word' id='word_1_1' title='bbox 865 428 1001 501; x_wconf 76' lang='lat'><strong>¹24</strong></span> 
     </span>
    </p>
   </div>
   <div class='ocr_carea' id='block_1_2' title="bbox 1228 666 2577 811">
    <p class='ocr_par' dir='ltr' id='par_1_2' title="bbox 1228 666 2577 811">
     <span class='ocr_line' id='line_1_2' title="bbox 1228 666 2577 717; baseline -0.001 -2"><span class='ocrx_word' id='word_1_2' title='bbox 1228 668 1543 717; x_wconf 65' lang='grc' dir='ltr'>Αιιιοουτιο</span> <span class='ocrx_word' id='word_1_3' title='bbox 1584 668 1790 717; x_wconf 60' lang='lat' dir='ltr'><strong>muira</strong></span> <span class='ocrx_word' id='word_1_4' title='bbox 1833 668 1892 713; x_wconf 76' lang='grc' dir='ltr'><strong>ικ</strong></span> <span class='ocrx_word' id='word_1_5' title='bbox 1919 666 2288 717; x_wconf 60' lang='grc' dir='ltr'><strong>αοιϊειετοιιο</strong></span> <span class='ocrx_word' id='word_1_6' title='bbox 2327 666 2577 717; x_wconf 69' lang='lat' dir='ltr'><strong>stenaro</strong></span> 
     </span>
     <span class='ocr_line' id='line_1_3' title="bbox 1430 745 2370 811; baseline -0.002 -2"><span class='ocrx_word' id='word_1_7' title='bbox 1430 764 1526 809; x_wconf 74' lang='lat' dir='ltr'><strong>ms</strong></span> <span class='ocrx_word' id='word_1_8' title='bbox 1569 745 1645 809; x_wconf 77' lang='lat'><strong>26</strong></span> <span class='ocrx_word' id='word_1_9' title='bbox 1689 762 2026 809; x_wconf 70' lang='lat' dir='ltr'><strong>sunsusms</strong></span> <span class='ocrx_word' id='word_1_10' title='bbox 2063 762 2370 811; x_wconf 72' lang='lat' dir='ltr'><strong>uncccmx.</strong></span> 
     </span>
    </p>
   </div>
   <div class='ocr_carea' id='block_1_3' title="bbox 1228 1066 2576 1209">
    <p class='ocr_par' dir='ltr' id='par_1_3' title="bbox 1228 1066 2576 1209">
     <span class='ocr_line' id='line_1_4' title="bbox 1228 1066 2576 1209; baseline -0.001 -46"><span class='ocrx_word' id='word_1_11' title='bbox 1228 1068 2001 1165; x_wconf 81' lang='lat' dir='ltr'><strong>VENERABILES</strong></span> <span class='ocrx_word' id='word_1_12' title='bbox 2059 1066 2576 1209; x_wconf 71' lang='lat' dir='ltr'><strong>FRATRES</strong></span> 
     </span>
    </p>
   </div>
   <div class='ocr_carea' id='block_1_4' title="bbox 792 1426 3008 4308">
    <p class='ocr_par' dir='ltr' id='par_1_4' title="bbox 832 1426 3008 2641">
     <span class='ocr_line' id='line_1_5' title="bbox 846 1426 2951 1594; baseline -0.002 0"><span class='ocrx_word' id='word_1_13' title='bbox 846 1426 1228 1594; x_wconf 83' lang='lat' dir='ltr'><strong>Maximo</strong></span> <span class='ocrx_word' id='word_1_14' title='bbox 1276 1516 1495 1589; x_wconf 86' lang='lat' dir='ltr'><strong>animi</strong></span> <span class='ocrx_word' id='word_1_15' title='bbox 1546 1516 1784 1591; x_wconf 83' lang='lat' dir='ltr'><strong>Nostri</strong></span> <span class='ocrx_word' id='word_1_16' title='bbox 1819 1516 2056 1592; x_wconf 87' lang='lat' dir='ltr'><strong>dolore</strong></span> <span class='ocrx_word' id='word_1_17' title='bbox 2091 1516 2172 1590; x_wconf 82' lang='lat' dir='ltr'><strong>in</strong></span> <span class='ocrx_word' id='word_1_18' title='bbox 2203 1510 2640 1591; x_wconf 86' lang='lat' dir='ltr'><strong>Allocutione</strong></span> <span class='ocrx_word' id='word_1_19' title='bbox 2675 1512 2764 1587; x_wconf 89' lang='lat' dir='ltr'><strong>ad</strong></span> <span class='ocrx_word' id='word_1_20' title='bbox 2805 1510 2951 1589; x_wconf 83' lang='lat' dir='ltr'><strong>vos</strong></span> 
     </span>
     <span class='ocr_line' id='line_1_6' title="bbox 844 1624 2954 1741; baseline -0.003 -33"><span class='ocrx_word' id='word_1_21' title='bbox 844 1634 959 1708; x_wconf 90' lang='lat' dir='ltr'><strong>die</strong></span> <span class='ocrx_word' id='word_1_22' title='bbox 1014 1632 1348 1708; x_wconf 88' lang='lat' dir='ltr'><strong>vicesimo</strong></span> <span class='ocrx_word' id='word_1_23' title='bbox 1396 1632 1708 1728; x_wconf 81' lang='lat' dir='ltr'><strong>proximi</strong></span> <span class='ocrx_word' id='word_1_24' title='bbox 1759 1632 2024 1707; x_wconf 82' lang='lat' dir='ltr'>mensis</span> <span class='ocrx_word' id='word_1_25' title='bbox 2076 1631 2256 1741; x_wconf 86' lang='lat' dir='ltr'><strong>lunii</strong></span> <span class='ocrx_word' id='word_1_26' title='bbox 2305 1628 2575 1718; x_wconf 84' lang='lat' dir='ltr'><strong>habita,</strong></span> <span class='ocrx_word' id='word_1_27' title='bbox 2634 1624 2954 1703; x_wconf 82' lang='lat' dir='ltr'><strong>Venera-</strong></span> 
     </span>
     <span class='ocr_line' id='line_1_7' title="bbox 838 1744 2950 1844; baseline -0.002 -21"><span class='ocrx_word' id='word_1_28' title='bbox 838 1746 1016 1823; x_wconf 83' lang='lat' dir='ltr'><strong>biles</strong></span> <span class='ocrx_word' id='word_1_29' title='bbox 1069 1746 1376 1836; x_wconf 79' lang='lat' dir='ltr'><strong>Fratres,</strong></span> <span class='ocrx_word' id='word_1_30' title='bbox 1428 1746 1800 1822; x_wconf 84' lang='lat' dir='ltr'><strong>lamentati</strong></span> <span class='ocrx_word' id='word_1_31' title='bbox 1853 1770 2100 1823; x_wconf 89' lang='lat' dir='ltr'><strong>sumus</strong></span> <span class='ocrx_word' id='word_1_32' title='bbox 2153 1770 2236 1823; x_wconf 89' lang='lat' dir='ltr'><strong>ea</strong></span> <span class='ocrx_word' id='word_1_33' title='bbox 2288 1746 2552 1835; x_wconf 89' lang='lat' dir='ltr'><strong>omnia,</strong></span> <span class='ocrx_word' id='word_1_34' title='bbox 2619 1766 2804 1844; x_wconf 87' lang='lat' dir='ltr'><strong>quae</strong></span> <span class='ocrx_word' id='word_1_35' title='bbox 2854 1744 2950 1819; x_wconf 84' lang='lat' dir='ltr'><strong>ab</strong></span> 
     </span>
     <span class='ocr_line' id='line_1_8' title="bbox 835 1862 2946 1964; baseline -0.003 -22"><span class='ocrx_word' id='word_1_36' title='bbox 835 1868 1045 1943; x_wconf 89' lang='lat' dir='ltr'><strong>huius</strong></span> <span class='ocrx_word' id='word_1_37' title='bbox 1096 1865 1539 1964; x_wconf 77' lang='lat' dir='ltr'><strong>Apostolicae</strong></span> <span class='ocrx_word' id='word_1_38' title='bbox 1566 1866 1768 1941; x_wconf 90' lang='lat' dir='ltr'><strong>Sedis</strong></span> <span class='ocrx_word' id='word_1_39' title='bbox 1802 1865 2128 1941; x_wconf 87' lang='lat' dir='ltr'><strong>hostibus</strong></span> <span class='ocrx_word' id='word_1_40' title='bbox 2164 1879 2318 1940; x_wconf 92' lang='lat' dir='ltr'><strong>tum</strong></span> <span class='ocrx_word' id='word_1_41' title='bbox 2357 1862 2742 1951; x_wconf 78' lang='lat' dir='ltr'><strong>Bononiae,</strong></span> <span class='ocrx_word' id='word_1_42' title='bbox 2787 1874 2946 1938; x_wconf 88' lang='lat' dir='ltr'><strong>tum</strong></span> 
     </span>
     <span class='ocr_line' id='line_1_9' title="bbox 850 1980 2954 2081; baseline -0.001 -23"><span class='ocrx_word' id='word_1_43' title='bbox 850 1984 1228 2059; x_wconf 86' lang='lat' dir='ltr'><strong>Ravennae</strong></span> <span class='ocrx_word' id='word_1_44' title='bbox 1281 1994 1437 2055; x_wconf 91' lang='lat' dir='ltr'><strong>tum</strong></span> <span class='ocrx_word' id='word_1_45' title='bbox 1490 1980 1653 2055; x_wconf 88' lang='lat' dir='ltr'><strong>alihi</strong></span> <span class='ocrx_word' id='word_1_46' title='bbox 1722 1996 1968 2058; x_wconf 88' lang='lat' dir='ltr'><strong>contra</strong></span> <span class='ocrx_word' id='word_1_47' title='bbox 2046 1984 2325 2057; x_wconf 83' lang='lat' dir='ltr'><strong>civilem</strong></span> <span class='ocrx_word' id='word_1_48' title='bbox 2409 1980 2954 2081; x_wconf 81' lang='lat' dir='ltr'><strong>legitimumque</strong></span> 
     </span>
     <span class='ocr_line' id='line_1_10' title="bbox 832 2098 3008 2197; baseline -0.004 -20"><span class='ocrx_word' id='word_1_49' title='bbox 832 2098 1201 2188; x_wconf 87' lang='lat' dir='ltr'><strong>Nostrum,</strong></span> <span class='ocrx_word' id='word_1_50' title='bbox 1230 2110 1305 2173; x_wconf 91' lang='lat' dir='ltr'><strong>et</strong></span> <span class='ocrx_word' id='word_1_51' title='bbox 1340 2098 1657 2173; x_wconf 86' lang='lat' dir='ltr'><strong>eiusdem</strong></span> <span class='ocrx_word' id='word_1_52' title='bbox 1695 2098 1896 2173; x_wconf 88' lang='lat' dir='ltr'><strong>Sedis</strong></span> <span class='ocrx_word' id='word_1_53' title='bbox 1928 2100 2402 2197; x_wconf 79' lang='lat' dir='ltr'>principatum</span> <span class='ocrx_word' id='word_1_54' title='bbox 2431 2108 2710 2194; x_wconf 88' lang='lat' dir='ltr'><strong>patrata</strong></span> <span class='ocrx_word' id='word_1_55' title='bbox 2745 2108 2944 2171; x_wconf 89' lang='lat' dir='ltr'><strong>sunt.</strong></span> <span class='ocrx_word' id='word_1_56' title='bbox 2977 2103 3008 2133; x_wconf 72' lang='lat'><strong><em>⁹</em></strong></span> 
     </span>
     <span class='ocr_line' id='line_1_11' title="bbox 840 2216 2948 2316; baseline -0 -24"><span class='ocrx_word' id='word_1_57' title='bbox 840 2219 1133 2316; x_wconf 84' lang='lat' dir='ltr'><strong>Insuper</strong></span> <span class='ocrx_word' id='word_1_58' title='bbox 1194 2218 1440 2292; x_wconf 90' lang='lat' dir='ltr'><strong>eadem</strong></span> <span class='ocrx_word' id='word_1_59' title='bbox 1515 2216 1950 2293; x_wconf 86' lang='lat' dir='ltr'><strong>Allocutione</strong></span> <span class='ocrx_word' id='word_1_60' title='bbox 2027 2218 2184 2293; x_wconf 88' lang='lat' dir='ltr'><strong>illos</strong></span> <span class='ocrx_word' id='word_1_61' title='bbox 2259 2236 2507 2291; x_wconf 87' lang='lat' dir='ltr'><strong>omnes</strong></span> <span class='ocrx_word' id='word_1_62' title='bbox 2587 2216 2658 2287; x_wconf 91' lang='lat' dir='ltr'><strong>in</strong></span> <span class='ocrx_word' id='word_1_63' title='bbox 2718 2216 2948 2291; x_wconf 86' lang='lat' dir='ltr'><strong>eccle-</strong></span> 
     </span>
     <span class='ocr_line' id='line_1_12' title="bbox 838 2328 2948 2431; baseline 0.001 -24"><span class='ocrx_word' id='word_1_64' title='bbox 838 2334 1157 2408; x_wconf 87' lang='lat' dir='ltr'><strong>siasticas</strong></span> <span class='ocrx_word' id='word_1_65' title='bbox 1233 2354 1566 2408; x_wconf 81' lang='lat' dir='ltr'><strong>censuras</strong></span> <span class='ocrx_word' id='word_1_66' title='bbox 1645 2345 1720 2407; x_wconf 87' lang='lat' dir='ltr'><strong>et</strong></span> <span class='ocrx_word' id='word_1_67' title='bbox 1796 2356 2064 2431; x_wconf 88' lang='lat' dir='ltr'><strong>poenas</strong></span> <span class='ocrx_word' id='word_1_68' title='bbox 2141 2356 2184 2407; x_wconf 89' lang='lat' dir='ltr'><strong>a</strong></span> <span class='ocrx_word' id='word_1_69' title='bbox 2233 2332 2464 2409; x_wconf 87' lang='lat' dir='ltr'><strong>Sacris</strong></span> <span class='ocrx_word' id='word_1_70' title='bbox 2542 2328 2948 2409; x_wconf 86' lang='lat' dir='ltr'><strong>Canonihus</strong></span> 
     </span>
     <span class='ocr_line' id='line_1_13' title="bbox 840 2448 2944 2539; baseline 0 -18"><span class='ocrx_word' id='word_1_71' title='bbox 840 2448 1139 2522; x_wconf 74' lang='lat' dir='ltr'><strong>inflictas</strong></span> <span class='ocrx_word' id='word_1_72' title='bbox 1202 2448 1527 2523; x_wconf 78' lang='lat' dir='ltr'><strong>incidisse</strong></span> <span class='ocrx_word' id='word_1_73' title='bbox 1606 2448 2118 2524; x_wconf 84' lang='lat' dir='ltr'><strong>declaravimus</strong></span> <span class='ocrx_word' id='word_1_74' title='bbox 2149 2502 2170 2539; x_wconf 89' lang='lat'>,</span> <span class='ocrx_word' id='word_1_75' title='bbox 2227 2460 2302 2524; x_wconf 90' lang='lat' dir='ltr'><strong>et</strong></span> <span class='ocrx_word' id='word_1_76' title='bbox 2371 2469 2621 2527; x_wconf 86' lang='lat' dir='ltr'><strong>omnes</strong></span> <span class='ocrx_word' id='word_1_77' title='bbox 2695 2470 2944 2523; x_wconf 78' lang='lat' dir='ltr'><strong>comm</strong></span> 
     </span>
     <span class='ocr_line' id='line_1_14' title="bbox 834 2560 2479 2641; baseline -0.001 -3"><span class='ocrx_word' id='word_1_78' title='bbox 834 2574 1037 2640; x_wconf 88' lang='lat' dir='ltr'><strong>actus</strong></span> <span class='ocrx_word' id='word_1_79' title='bbox 1086 2560 1317 2640; x_wconf 87' lang='lat' dir='ltr'><strong>nullos</strong></span> <span class='ocrx_word' id='word_1_80' title='bbox 1369 2576 1444 2639; x_wconf 84' lang='lat' dir='ltr'><strong>et</strong></span> <span class='ocrx_word' id='word_1_81' title='bbox 1492 2565 1730 2641; x_wconf 86' lang='lat' dir='ltr'><strong>irritos</strong></span> <span class='ocrx_word' id='word_1_82' title='bbox 1781 2588 1939 2641; x_wconf 87' lang='lat' dir='ltr'><strong>esse</strong></span> <span class='ocrx_word' id='word_1_83' title='bbox 2007 2564 2479 2641; x_wconf 83' lang='lat' dir='ltr'><strong>decrevimus.</strong></span> 
     </span>
    </p>

    <p class='ocr_par' dir='ltr' id='par_1_5' title="bbox 792 2678 2938 4308">
     <span class='ocr_line' id='line_1_15' title="bbox 986 2678 2933 2777; baseline 0.001 -22"><span class='ocrx_word' id='word_1_84' title='bbox 986 2678 1090 2755; x_wconf 88' lang='lat' dir='ltr'><strong>Ea</strong></span> <span class='ocrx_word' id='word_1_85' title='bbox 1137 2703 1347 2776; x_wconf 89' lang='lat' dir='ltr'><strong>porro</strong></span> <span class='ocrx_word' id='word_1_86' title='bbox 1398 2703 1525 2777; x_wconf 90' lang='lat' dir='ltr'><strong>spe</strong></span> <span class='ocrx_word' id='word_1_87' title='bbox 1600 2680 2179 2757; x_wconf 82' lang='lat' dir='ltr'><strong>sustentabamur</strong></span> <span class='ocrx_word' id='word_1_88' title='bbox 2229 2681 2380 2757; x_wconf 79' lang='lat' dir='ltr'><strong>fore</strong></span> <span class='ocrx_word' id='word_1_89' title='bbox 2417 2734 2438 2770; x_wconf 90' lang='lat'>‚</span> <span class='ocrx_word' id='word_1_90' title='bbox 2495 2694 2578 2758; x_wconf 84' lang='lat' dir='ltr'><strong>ut</strong></span> <span class='ocrx_word' id='word_1_91' title='bbox 2636 2683 2933 2757; x_wconf 83' lang='lat' dir='ltr'><strong>rebelles</strong></span> 
     </span>
     <span class='ocr_line' id='line_1_16' title="bbox 835 2798 2938 2899; baseline 0 -26"><span class='ocrx_word' id='word_1_92' title='bbox 835 2798 953 2873; x_wconf 88' lang='lat' dir='ltr'><strong>isti</strong></span> <span class='ocrx_word' id='word_1_93' title='bbox 1002 2798 1126 2871; x_wconf 86' lang='lat' dir='ltr'><strong>filii</strong></span> <span class='ocrx_word' id='word_1_94' title='bbox 1175 2798 1449 2873; x_wconf 84' lang='lat' dir='ltr'><strong>Nostris</strong></span> <span class='ocrx_word' id='word_1_95' title='bbox 1497 2800 1690 2874; x_wconf 84' lang='lat' dir='ltr'><strong>hisee</strong></span> <span class='ocrx_word' id='word_1_96' title='bbox 1770 2799 2060 2875; x_wconf 84' lang='lat' dir='ltr'><strong>vocibus</strong></span> <span class='ocrx_word' id='word_1_97' title='bbox 2139 2801 2430 2875; x_wconf 81' lang='lat' dir='ltr'><strong>excitati</strong></span> <span class='ocrx_word' id='word_1_98' title='bbox 2477 2825 2559 2878; x_wconf 90' lang='lat' dir='ltr'><strong>ac</strong></span> <span class='ocrx_word' id='word_1_99' title='bbox 2629 2802 2938 2899; x_wconf 86' lang='lat' dir='ltr'><strong>permoti</strong></span> 
     </span>
     <span class='ocr_line' id='line_1_17' title="bbox 833 2913 2934 3017; baseline 0.001 -28"><span class='ocrx_word' id='word_1_100' title='bbox 833 2916 923 2989; x_wconf 86' lang='lat' dir='ltr'><strong>ad</strong></span> <span class='ocrx_word' id='word_1_101' title='bbox 972 2913 1283 2991; x_wconf 87' lang='lat' dir='ltr'><strong>officium</strong></span> <span class='ocrx_word' id='word_1_102' title='bbox 1332 2917 1559 2991; x_wconf 89' lang='lat' dir='ltr'><strong>redire</strong></span> <span class='ocrx_word' id='word_1_103' title='bbox 1611 2918 1876 2993; x_wconf 84' lang='lat' dir='ltr'><strong>vellent</strong></span> <span class='ocrx_word' id='word_1_104' title='bbox 1912 2970 1933 3007; x_wconf 89' lang='lat'><strong>,</strong></span> <span class='ocrx_word' id='word_1_105' title='bbox 1986 2940 2150 2992; x_wconf 90' lang='lat' dir='ltr'><strong>cum</strong></span> <span class='ocrx_word' id='word_1_106' title='bbox 2203 2942 2452 2995; x_wconf 89' lang='lat' dir='ltr'><strong>omnes</strong></span> <span class='ocrx_word' id='word_1_107' title='bbox 2513 2920 2934 3017; x_wconf 88' lang='lat' dir='ltr'><strong>praesertim</strong></span> 
     </span>
     <span class='ocr_line' id='line_1_18' title="bbox 831 3035 2938 3131; baseline 0.001 -24"><span class='ocrx_word' id='word_1_108' title='bbox 831 3046 1129 3109; x_wconf 85' lang='lat' dir='ltr'><strong>noscant</strong></span> <span class='ocrx_word' id='word_1_109' title='bbox 1202 3047 1467 3131; x_wconf 88' lang='lat' dir='ltr'><strong>quanta</strong></span> <span class='ocrx_word' id='word_1_110' title='bbox 1554 3036 2091 3111; x_wconf 85' lang='lat' dir='ltr'><strong>mansuetudine</strong></span> <span class='ocrx_word' id='word_1_111' title='bbox 2143 3060 2226 3112; x_wconf 90' lang='lat' dir='ltr'><strong>ac</strong></span> <span class='ocrx_word' id='word_1_112' title='bbox 2274 3036 2564 3111; x_wconf 81' lang='lat' dir='ltr'><strong>lenitate</strong></span> <span class='ocrx_word' id='word_1_113' title='bbox 2602 3088 2625 3124; x_wconf 92' lang='lat'>‚</span> <span class='ocrx_word' id='word_1_114' title='bbox 2687 3036 2794 3109; x_wconf 86' lang='lat' dir='ltr'><strong>vel</strong></span> <span class='ocrx_word' id='word_1_115' title='bbox 2845 3035 2938 3109; x_wconf 86' lang='lat' dir='ltr'><strong>ab</strong></span> 
     </span>
     <span class='ocr_line' id='line_1_19' title="bbox 830 3150 2934 3251; baseline 0.001 -26"><span class='ocrx_word' id='word_1_116' title='bbox 830 3150 985 3247; x_wconf 89' lang='lat' dir='ltr'><strong>ipso</strong></span> <span class='ocrx_word' id='word_1_117' title='bbox 1036 3154 1347 3247; x_wconf 84' lang='lat' dir='ltr'><strong>supremi</strong></span> <span class='ocrx_word' id='word_1_118' title='bbox 1397 3152 1633 3228; x_wconf 81' lang='lat' dir='ltr'><strong>Nostri</strong></span> <span class='ocrx_word' id='word_1_119' title='bbox 1685 3152 2142 3228; x_wconf 83' lang='lat' dir='ltr'><strong>Pontificatus</strong></span> <span class='ocrx_word' id='word_1_120' title='bbox 2214 3154 2414 3229; x_wconf 89' lang='lat' dir='ltr'><strong>initio</strong></span> <span class='ocrx_word' id='word_1_121' title='bbox 2491 3176 2774 3251; x_wconf 85' lang='lat' dir='ltr'><strong>semper</strong></span> <span class='ocrx_word' id='word_1_122' title='bbox 2823 3153 2934 3227; x_wconf 87' lang='lat' dir='ltr'><strong>usi</strong></span> 
     </span>
     <span class='ocr_line' id='line_1_20' title="bbox 830 3268 2936 3368; baseline 0.001 -28"><span class='ocrx_word' id='word_1_123' title='bbox 830 3268 1079 3355; x_wconf 60' lang='lat' dir='ltr'><strong>simtu,</strong></span> <span class='ocrx_word' id='word_1_124' title='bbox 1134 3278 1209 3342; x_wconf 92' lang='lat' dir='ltr'><strong>et</strong></span> <span class='ocrx_word' id='word_1_125' title='bbox 1258 3278 1522 3366; x_wconf 89' lang='lat' dir='ltr'><strong>quanta</strong></span> <span class='ocrx_word' id='word_1_126' title='bbox 1574 3270 1936 3344; x_wconf 83' lang='lat' dir='ltr'><strong>alacritate</strong></span> <span class='ocrx_word' id='word_1_127' title='bbox 1989 3270 2362 3367; x_wconf 90' lang='lat' dir='ltr'><strong>studioque</strong></span> <span class='ocrx_word' id='word_1_128' title='bbox 2433 3273 2620 3345; x_wconf 89' lang='lat' dir='ltr'><strong>inter</strong></span> <span class='ocrx_word' id='word_1_129' title='bbox 2671 3270 2936 3368; x_wconf 79' lang='lat' dir='ltr'><strong>gravis-</strong></span> 
     </span>
     <span class='ocr_line' id='line_1_21' title="bbox 828 3386 2936 3486; baseline 0.002 -27"><span class='ocrx_word' id='word_1_130' title='bbox 828 3386 1045 3459; x_wconf 90' lang='lat' dir='ltr'><strong>simas</strong></span> <span class='ocrx_word' id='word_1_131' title='bbox 1096 3398 1501 3483; x_wconf 89' lang='lat' dir='ltr'><strong>temporum</strong></span> <span class='ocrx_word' id='word_1_132' title='bbox 1549 3388 2000 3463; x_wconf 86' lang='lat' dir='ltr'><strong>difficultates</strong></span> <span class='ocrx_word' id='word_1_133' title='bbox 2069 3400 2458 3486; x_wconf 86' lang='lat' dir='ltr'><strong>numquam</strong></span> <span class='ocrx_word' id='word_1_134' title='bbox 2527 3388 2936 3464; x_wconf 84' lang='lat' dir='ltr'><strong>intermise-</strong></span> 
     </span>
     <span class='ocr_line' id='line_1_22' title="bbox 825 3502 2926 3603; baseline 0.002 -30"><span class='ocrx_word' id='word_1_135' title='bbox 825 3502 1049 3575; x_wconf 91' lang='lat' dir='ltr'><strong>rimus</strong></span> <span class='ocrx_word' id='word_1_136' title='bbox 1100 3525 1305 3576; x_wconf 86' lang='lat' dir='ltr'><strong>curas</strong></span> <span class='ocrx_word' id='word_1_137' title='bbox 1358 3528 1607 3579; x_wconf 89' lang='lat' dir='ltr'><strong>omnes</strong></span> <span class='ocrx_word' id='word_1_138' title='bbox 1658 3506 2264 3602; x_wconf 83' lang='lat' dir='ltr'><strong>cogitationesque</strong></span> <span class='ocrx_word' id='word_1_139' title='bbox 2299 3506 2386 3581; x_wconf 90' lang='lat' dir='ltr'><strong>ad</strong></span> <span class='ocrx_word' id='word_1_140' title='bbox 2425 3508 2926 3603; x_wconf 86' lang='lat' dir='ltr'><strong>temporariam</strong></span> 
     </span>
     <span class='ocr_line' id='line_1_23' title="bbox 824 3618 2928 3722; baseline 0.004 -32"><span class='ocrx_word' id='word_1_141' title='bbox 824 3640 1105 3715; x_wconf 88' lang='lat' dir='ltr'><strong>quoque</strong></span> <span class='ocrx_word' id='word_1_142' title='bbox 1158 3618 1577 3695; x_wconf 89' lang='lat' dir='ltr'><strong>Nostrorum</strong></span> <span class='ocrx_word' id='word_1_143' title='bbox 1628 3622 2052 3717; x_wconf 87' lang='lat' dir='ltr'><strong>populorum</strong></span> <span class='ocrx_word' id='word_1_144' title='bbox 2129 3625 2510 3699; x_wconf 85' lang='lat' dir='ltr'><strong>utilitatem</strong></span> <span class='ocrx_word' id='word_1_145' title='bbox 2583 3625 2928 3722; x_wconf 85' lang='lat' dir='ltr'><strong>tranquil·-</strong></span> 
     </span>
     <span class='ocr_line' id='line_1_24' title="bbox 822 3734 2926 3834; baseline 0.004 -27"><span class='ocrx_word' id='word_1_146' title='bbox 822 3734 1239 3833; x_wconf 87' lang='lat' dir='ltr'><strong>litatemque</strong></span> <span class='ocrx_word' id='word_1_147' title='bbox 1317 3740 1873 3834; x_wconf 88' lang='lat' dir='ltr'><strong>promovendam</strong></span> <span class='ocrx_word' id='word_1_148' title='bbox 1949 3755 2384 3815; x_wconf 89' lang='lat' dir='ltr'><strong>convertere.</strong></span> <span class='ocrx_word' id='word_1_149' title='bbox 2454 3742 2592 3817; x_wconf 91' lang='lat' dir='ltr'><strong>Sed</strong></span> <span class='ocrx_word' id='word_1_150' title='bbox 2671 3741 2926 3818; x_wconf 85' lang='lat' dir='ltr'><strong>Nostra</strong></span> 
     </span>
     <span class='ocr_line' id='line_1_25' title="bbox 823 3852 2929 3958; baseline 0.006 -34"><span class='ocrx_word' id='word_1_151' title='bbox 823 3852 1001 3926; x_wconf 91' lang='lat' dir='ltr'><strong>haec</strong></span> <span class='ocrx_word' id='word_1_152' title='bbox 1052 3875 1216 3951; x_wconf 90' lang='lat' dir='ltr'><strong>spes</strong></span> <span class='ocrx_word' id='word_1_153' title='bbox 1266 3878 1553 3951; x_wconf 88' lang='lat' dir='ltr'><strong>prorsus</strong></span> <span class='ocrx_word' id='word_1_154' title='bbox 1606 3856 1919 3931; x_wconf 83' lang='lat' dir='ltr'><strong>evanuit.</strong></span> <span class='ocrx_word' id='word_1_155' title='bbox 1963 3856 2250 3931; x_wconf 87' lang='lat' dir='ltr'><strong>Etenim</strong></span> <span class='ocrx_word' id='word_1_156' title='bbox 2287 3860 2421 3957; x_wconf 89' lang='lat' dir='ltr'><strong>ipsi</strong></span> <span class='ocrx_word' id='word_1_157' title='bbox 2457 3860 2772 3935; x_wconf 84' lang='lat' dir='ltr'><strong>externis</strong></span> <span class='ocrx_word' id='word_1_158' title='bbox 2807 3882 2929 3958; x_wconf 89' lang='lat' dir='ltr'><strong>po-</strong></span> 
     </span>
     <span class='ocr_line' id='line_1_26' title="bbox 792 3968 2924 4068; baseline 0.006 -29"><span class='ocrx_word' id='word_1_159' title='bbox 792 3968 1172 4059; x_wconf 49' lang='lat' dir='ltr'><strong>‚tissimum</strong></span> <span class='ocrx_word' id='word_1_160' title='bbox 1223 3973 1531 4046; x_wconf 89' lang='lat' dir='ltr'><strong>consiliis</strong></span> <span class='ocrx_word' id='word_1_161' title='bbox 1569 4024 1591 4059; x_wconf 87' lang='lat'>‚</span> <span class='ocrx_word' id='word_1_162' title='bbox 1646 3972 2216 4068; x_wconf 80' lang='lat' dir='ltr'><strong>instigationibus</strong></span> <span class='ocrx_word' id='word_1_163' title='bbox 2267 3988 2342 4049; x_wconf 87' lang='lat' dir='ltr'><strong>et</strong></span> <span class='ocrx_word' id='word_1_164' title='bbox 2409 3978 2740 4051; x_wconf 88' lang='lat' dir='ltr'><strong>omnibus</strong></span> <span class='ocrx_word' id='word_1_165' title='bbox 2793 4002 2924 4052; x_wconf 90' lang='lat' dir='ltr'><strong>cu-</strong></span> 
     </span>
     <span class='ocr_line' id='line_1_27' title="bbox 814 4085 2921 4190; baseline 0.006 -33"><span class='ocrx_word' id='word_1_166' title='bbox 814 4085 1063 4182; x_wconf 89' lang='lat' dir='ltr'><strong>iusque</strong></span> <span class='ocrx_word' id='word_1_167' title='bbox 1116 4090 1391 4185; x_wconf 88' lang='lat' dir='ltr'><strong>generis</strong></span> <span class='ocrx_word' id='word_1_168' title='bbox 1444 4091 1722 4165; x_wconf 81' lang='lat' dir='ltr'><strong>auxiliis</strong></span> <span class='ocrx_word' id='word_1_169' title='bbox 1801 4090 1962 4164; x_wconf 86' lang='lat' dir='ltr'><strong>freti</strong></span> <span class='ocrx_word' id='word_1_170' title='bbox 2003 4144 2024 4179; x_wconf 92' lang='lat'>,</span> <span class='ocrx_word' id='word_1_171' title='bbox 2081 4106 2294 4190; x_wconf 89' lang='lat' dir='ltr'><strong>atque</strong></span> <span class='ocrx_word' id='word_1_172' title='bbox 2347 4095 2597 4170; x_wconf 86' lang='lat' dir='ltr'><strong>iccirco</strong></span> <span class='ocrx_word' id='word_1_173' title='bbox 2650 4098 2921 4171; x_wconf 88' lang='lat' dir='ltr'><strong>auden-</strong></span> 
     </span>
     <span class='ocr_line' id='line_1_28' title="bbox 818 4204 2916 4308; baseline 0.004 -31"><span class='ocrx_word' id='word_1_174' title='bbox 818 4204 1031 4279; x_wconf 85' lang='lat' dir='ltr'><strong>tiores</strong></span> <span class='ocrx_word' id='word_1_175' title='bbox 1080 4205 1247 4279; x_wconf 82' lang='lat' dir='ltr'><strong>facti</strong></span> <span class='ocrx_word' id='word_1_176' title='bbox 1299 4208 1471 4281; x_wconf 88' lang='lat' dir='ltr'><strong>nihil</strong></span> <span class='ocrx_word' id='word_1_177' title='bbox 1524 4210 1850 4283; x_wconf 86' lang='lat' dir='ltr'><strong>inausum</strong></span> <span class='ocrx_word' id='word_1_178' title='bbox 1903 4210 2218 4308; x_wconf 88' lang='lat' dir='ltr'><strong>nihilque</strong></span> <span class='ocrx_word' id='word_1_179' title='bbox 2271 4212 2702 4286; x_wconf 86' lang='lat' dir='ltr'><strong>intentatum</strong></span> <span class='ocrx_word' id='word_1_180' title='bbox 2751 4214 2916 4287; x_wconf 88' lang='lat' dir='ltr'><strong>reli-</strong></span> 
     </span>
    </p>
   </div>
   <div class='ocr_carea' id='block_1_5' title="bbox 3271 776 3315 4339">
    <p class='ocr_par' dir='ltr' id='par_1_6' title="bbox 3271 776 3315 4339">
     <span class='ocr_line' id='line_1_29' title="bbox 3271 776 3315 4339; baseline 0 0"><span class='ocrx_word' id='word_1_181' title='bbox 3271 776 3315 4339; x_wconf 95' lang='lat' dir='ltr'><strong> </strong></span> 
     </span>
    </p>
   </div>
  </div>
 </body>
</html>
