3317 5267
902 456 1052 531 254

909 570 1292 669 Religionis
1341 569 1847 667 prosperitate,
1904 568 2239 665 omnique
2268 588 2435 643 vera
2462 566 2805 645 felicitate
2856 594 3031 668 per-

899 689 1038 765 frui
1089 700 1379 788 queant.
1435 686 1580 763 Nos
1633 698 1827 761 certe
1876 688 2165 783 quidem
2217 685 2289 759 in
2342 688 2541 761 omni
2591 689 2913 764 oratione
2950 700 3031 765 et

899 807 1382 882 obsecratione
1433 827 1599 879 oum
1649 805 2033 902 gratiarum
2086 803 2365 879 actione
2416 826 2459 877 a
2509 802 3023 901 benignissimo

895 920 1196 998 Domino
1250 921 1640 1008 humiliter,
1698 919 2049 1017 enixeque
2100 920 2578 1015 exposcimuS,
2616 933 2699 993 ut
2732 920 3023 995 divinae

897 1042 1164 1136 gratiae
1215 1061 1383 1113 suae
1435 1038 1713 1112 divitias
1766 1058 1981 1132 super
2030 1034 2269 1109 fideles
2323 1033 2651 1111 Poloniae
2710 1037 3018 1134 populos

886 1159 1238 1255 propitius
1287 1180 1571 1252 semper
1633 1154 1987 1229 essundere
2040 1152 2237 1225 velit.
2281 1150 2602 1250 Denique
2636 1152 2775 1227 hae
2806 1178 3025 1229 occa-

887 1277 1086 1351 sione
1138 1296 1356 1371 quam
1407 1272 1878 1349 libentissime
1913 1271 2205 1357 utimur,
2248 1279 2331 1343 ut
2365 1270 2629 1343 iterum
2665 1281 3029 1347 testemur

891 1404 966 1465 et
1016 1391 1516 1467 confirmemus
1567 1390 2017 1487 praecipuam
2072 1386 2405 1461 Nostram
2456 1387 2531 1459 in
2585 1385 2689 1460 Te
2718 1438 2739 1475 ,
2784 1387 3029 1464 Tuos·-

889 1534 1028 1609 que
1081 1508 1572 1606 Suffraganeos
1621 1506 2217 1583 benevolentiam.
2272 1502 2493 1578 Cuius
2542 1521 2825 1602 quoque
2900 1508 3023 1603 pi—

888 1652 1069 1726 gnus
1105 1651 1261 1703 esse
1299 1627 1626 1701 volumus
1653 1624 2133 1723 Apostolicam
2160 1620 2763 1711 Benedictionem‚
2794 1646 3025 1720 quam

888 1745 1143 1819 intimo
1193 1743 1424 1819 cordis
1477 1742 1734 1817 affectu
1788 1741 1945 1817 Tibi
1999 1740 2161 1838 ipsi,
2221 1736 2655 1813 Venerabilis
2709 1739 2969 1815 Frater
2994 1797 3019 1832 ‚

889 1863 1202 1960 Tuisque
1252 1858 1753 1958 SuffraganeiS,
1808 1859 2221 1954 cunctisque
2273 1854 2585 1944 Clerieis,
2640 1854 3019 1957 Laicisque

883 1980 1203 2056 fidelibus
1260 1979 1452 2053 Tuae
1505 1990 1583 2054 et
1633 1980 1913 2054 illorum
1951 1996 2161 2051 curae
2198 1973 2593 2049 commissis
2628 1996 3019 2069 peraman-

885 2114 996 2177 ter
1046 2100 1520 2196 impertimur.

1040 2215 1304 2291 Datum
1385 2214 1656 2291 Romae
1742 2210 1931 2309 apud
1982 2209 2056 2283 S.
2140 2208 2433 2285 Petrum
2508 2206 2623 2281 die
2706 2211 2747 2279 6
2828 2210 3011 2287 lunii

881 2330 1086 2407 Anno
1141 2336 1366 2405 1861.

1035 2448 1496 2529 Pontificatus
1547 2448 1789 2525 Nostri
1842 2444 2043 2523 Anno
2096 2442 2659 2541 Deeim0quinto.
