3317 5267
873 472 1016 546 690
1832 505 1845 516 -

861 586 958 658 ris
1009 576 1140 680 (1).
1193 577 1502 662 Etenim,
1532 575 1750 673 probe
1802 575 2119 664 noscitis,
2175 573 2623 652 Venerabiles
2678 574 2984 668 Fratres,

862 700 1000 774 hoc
1047 708 1370 793 tempore
1421 715 1564 767 nou
1615 715 1875 789 paucos
1926 693 2244 788 reperiri,
2300 695 2427 790 qui
2476 693 2665 768 civili
2718 719 3001 771 consor-

867 815 968 888 tio
1023 811 1322 908 impium
1373 807 1903 906 absurdumque
1955 807 2449 898 naturalismi,
2530 809 2636 884 uti
2712 825 3005 900 vocant,

863 929 1290 1029 principium
1369 927 1802 1024 applicantes
1884 927 2147 1000 audent
2222 928 2497 1015 docere,
2560 953 2595 998 α
2654 931 3011 1025 optimam

865 1047 1224 1124 societatis
1273 1043 1592 1141 publicae
1642 1047 2021 1132 rationem,
2076 1044 2499 1141 civilemque
2549 1067 3013 1142 progressum

867 1168 1156 1244 omnino
1209 1163 1588 1261 requirere,
1651 1175 1732 1240 ut
1787 1164 2096 1238 humana
2152 1163 2452 1236 societas
2526 1165 3014 1240 constituatur

869 1299 945 1364 et
993 1284 1448 1384 gubernetur,
1501 1283 1697 1360 nullo
1748 1281 1993 1356 habito
2044 1282 2133 1356 ad
2186 1280 2596 1378 religionem
2648 1293 3013 1380 respectu,

869 1424 952 1478 ac
1001 1403 1062 1478 si
1116 1424 1199 1476 ea
1251 1424 1392 1475 non
1443 1400 1815 1487 existeret,
1858 1400 1970 1474 vel
2022 1397 2275 1472 saltem
2306 1399 2495 1474 nullo
2524 1399 2709 1478 facto
2762 1425 3019 1476 veram

869 1521 1055 1600 inter
1105 1517 1456 1615 falsasque
1509 1517 1880 1613 religiones
1936 1516 2339 1590 discrimine
2386 1540 2419 1586 »
2436 1567 2453 1586 .
2498 1516 2727 1614 Atque
2762 1529 3021 1594 contra

871 1659 1226 1712 sacrarum
1279 1635 1745 1724 Litterarum,
1798 1633 2180 1722 Ecclesiae,
2234 1645 2780 1732 sanctorumque
2866 1634 3019 1708 Pa-

874 1765 1066 1830 trum
1113 1753 1506 1830 doctrinam
1541 1827 1548 1834 ,
1591 1775 1909 1828 asserere
1958 1775 2101 1828 non
2151 1752 2507 1837 dubitant,
2568 1778 2603 1824 α
2660 1753 3023 1848 optimam

867 1895 1024 1948 esse
1063 1872 1536 1950 conditionem
1563 1871 1951 1959 societatis,
1988 1869 2057 1942 in
2096 1893 2239 1967 qua
2274 1870 2575 1966 Imperio
2609 1893 2753 1946 nou
2788 1893 3021 1968 agno—

873 1991 1090 2064 scitur
1137 1989 1444 2064 0fficium
1497 1988 1861 2064 coercendi
1920 1987 2213 2060 sancitis
2299 1989 2546 2083 poenis
2633 1987 3021 2062 violatores

871 2105 1256 2180 catholicae
1307 2105 1689 2202 religioniS,
1746 2103 1880 2178 nisi
1936 2113 2289 2199 quatenus
2326 2125 2467 2199 pax
2528 2102 2811 2200 publica
2882 2127 3018 2201 po-

878 2221 1100 2300 stulet
1157 2248 1226 2294 ».
1291 2221 1406 2296 Ex
1459 2245 1598 2319 qua
1678 2221 1971 2298 omnino
2042 2220 2217 2296 falsa
2302 2222 2576 2298 socialis
2652 2223 3019 2318 regiminis

875 2338 1032 2414 idea
1081 2338 1270 2414 haud
1325 2341 1584 2414 timent
1637 2359 2003 2416 erroneam
2057 2337 2247 2412 illam
2300 2335 2539 2414 fovere
2608 2340 3013 2435 opinionem

885 2455 1272 2530 catholicae
1321 2455 1679 2532 Ecclesiae
1715 2508 1740 2543 ,
1818 2456 2353 2552 animarumque
2440 2456 2655 2530 saluti
2706 2461 3009 2534 maxime

885 2572 1244 2648 exitialem
1297 2597 1339 2645 a
1389 2598 1532 2651 rec.
1589 2595 1809 2648 mem.
1868 2571 2201 2670 Gregorio
2256 2571 2417 2646 XVI
2468 2573 3009 2652 Praedecessore

880 2687 1138 2763 Nostro
1189 2685 1745 2764 deliramentum
1796 2689 2225 2785 appellatam
2276 2686 2413 2788 (2),
2464 2692 2797 2766 nimirum
2838 2718 2875 2762 ι
2918 2692 3013 2766 li·-

879 2805 1232 2880 bertatem
1285 2808 1757 2881 conscientiae
1788 2857 1809 2893 ,
1900 2817 1974 2881 et
2006 2806 2327 2882 cultuum
2406 2829 2565 2882 esse
2652 2811 3021 2906 proprium

881 2924 1386 3019 cuiuscumque
1433 2923 1751 2999 hominis
1804 2923 1940 3010 ius,
1996 2925 2187 3020 quod
2240 2925 2393 3024 lege
2444 2927 2885 3021 proclamari,
2950 2941 3029 3004 et

883 3041 1102 3116 asseri
1153 3039 1364 3114 debet
1401 3041 1472 3114 in
1527 3039 1723 3124 omni
1788 3051 1979 3114 recte
2030 3040 2419 3116 constituta
2495 3042 2835 3116 societate
2874 3095 2897 3130 ,
2952 3056 3033 3120 et

883 3158 994 3232 ius
1044 3157 1316 3234 civibus
1368 3158 1601 3237 inesse
1653 3161 1741 3234 ad
1791 3159 2273 3239 omnimodam
2342 3160 2743 3234 libertatem
2828 3161 3025 3234 nulla

889 3273 1004 3348 vel
1053 3273 1550 3363 ecclesiastiea,
1581 3278 1695 3350 vel
1730 3276 1917 3351 civili
1968 3279 2389 3352 auctoritate
2460 3279 2959 3354 coarctandam
3000 3333 3025 3365 ,

889 3415 1030 3488 quo
1081 3415 1247 3468 suos
1289 3416 1555 3489 concep
1567 3405 1680 3468 tus
1730 3417 2215 3492 quoscumque
2268 3395 2419 3468 sive
2481 3419 2679 3483 voce,
2720 3397 2877 3472 sive
2918 3411 3031 3494 ty-

891 3511 1026 3607 pis,
1081 3510 1227 3584 sive
1277 3511 1412 3584 alia
1461 3513 1733 3589 ratione
1784 3513 2017 3610 palam
2068 3513 2485 3610 publiceque
2537 3511 3025 3604 manifestare,

777 3679 796 3694 .
891 3649 976 3702 ac
1024 3627 1374 3704 declarare
1411 3629 1688 3704 valcant
1746 3655 1813 3703 ι».
1869 3628 2057 3707 Dum
2110 3654 2279 3706 vero
2332 3632 2401 3706 id
2468 3643 2735 3708 temere
2824 3631 3025 3704 affir-

897 3759 1126 3836 mant,
1180 3747 1369 3824 haud
1423 3750 1737 3848 cogitant
1786 3760 1863 3826 et
1911 3750 2382 3862 considerant,
2470 3749 2660 3850 quod
2734 3747 3038 3824 liberta-

1057 4015 1148 4099 (1)
1189 4017 1441 4101 Gregor.
1485 4017 1637 4086 xvl.
1684 4019 1872 4102 Epist.
1918 4019 2146 4104 encycl.
2192 4019 2421 4086 Mirari
2458 4020 2537 4086 15
2580 4037 2719 4103 aug.
2762 4017 2945 4084 1832.

1055 4117 1148 4198 (2)
1185 4114 1412 4183 Eadem
1459 4115 1701 4200 Encycl.
1744 4115 1994 4182 Mirari.
