3317 5267
881 426 1032 498 490

879 543 1121 616 ferret.
1177 539 1334 616 Duo
1385 542 1574 615 enim
1635 565 1849 640 snpra
1914 543 2163 641 viginti
2212 544 2763 633 contendebant,
2848 567 2995 621 non

877 659 1181 757 politicis
1232 659 1645 747 rationibuS‚
1700 683 1931 758 neque
1984 686 2074 736 ex
2126 663 2516 752 simultate,
2572 687 2805 760 neque
2858 665 2999 737 alia

880 777 1020 850 ulla
1045 777 1378 873 peculiari
1409 799 1620 852 causa
1657 779 2106 852 Taicosamae
2144 781 2461 855 animum
2490 780 2706 854 fuisse
2746 783 2995 856 incen-

879 915 1040 967 sum
1083 916 1108 979 3
1159 893 1282 968 sed
1334 894 1494 969 odio
1544 917 1685 992 quo
1736 895 2170 968 afficiebatur
2210 897 2361 992 ipse
2414 899 2487 970 in
2558 897 2989 972 catholicam

879 1009 1090 1084 fidem
1141 1033 1348 1084 cruce
1396 1033 1518 1085 eos
1555 1011 1967 1118 damnasse.
2022 999 2229 1101 Quod
2280 1013 2575 1110 quidem
2656 1015 2997 1110 prodigiis

879 1149 962 1202 ac
1015 1128 1364 1202 miraculis
1419 1129 1737 1225 pluribus
1792 1129 2365 1204 confirmabatur.
2432 1129 2557 1204 His
2610 1131 3001 1205 accedebat

876 1245 1066 1320 haud
1115 1247 1411 1342 exiguus
1461 1271 1552 1320 ex
1613 1248 1858 1322 auditu
1913 1249 2201 1322 testium
2256 1273 2594 1324 numerus
2632 1251 2824 1324 idem
2859 1251 2997 1345 ju-

879 1365 1248 1459 rejurando
1299 1365 1826 1440 affirmantium.
1882 1366 2330 1465 Quapropter
2380 1392 2523 1443 uuo
2560 1393 2679 1443 ore
2708 1392 3001 1444 assere-

875 1484 1051 1557 bant
1126 1507 1408 1558 causam
1479 1485 1550 1559 in
1623 1487 1747 1559 tali
1818 1497 2015 1560 statu
2079 1509 2235 1561 esse
2305 1489 2778 1563 constitutam
2813 1540 2836 1573 ‚
2916 1497 2999 1559 ut

873 1599 1080 1695 juxta
1113 1612 1400 1674 sanctae
1469 1625 1802 1676 romanae
1858 1603 2211 1678 Ecclesiae
2263 1617 2338 1678 et
2374 1627 2735 1680 sacrorum
2774 1625 2998 1678 cano-

879 1741 1052 1792 num
1079 1740 1402 1794 normam
1447 1718 1772 1794 Pontifex
1808 1721 2167 1796 Maximus
2223 1720 2550 1796 Urbanus
2590 1721 2749 1796 Vm
2781 1721 3001 1794 Prac-

877 1838 1205 1912 decessor
1253 1834 1510 1912 Noster
1559 1841 1646 1912 ad
1700 1841 1998 1914 istorum
2052 1841 2436 1915 Servorum
2502 1839 2629 1914 Dei
2682 1839 2997 1914 Canoni-

881 1957 1230 2030 zationem
1309 1958 1383 2029 in
1475 1956 1703 2030 forma
1764 1957 2123 2031 Ecclesiae
2199 1972 2538 2032 consueta
2618 1958 2997 2055 procedere

876 2087 1142 2170 posset,
1199 2075 1258 2147 si
1312 2075 1441 2171 ipsi
1479 2076 1882 2171 placuisset.
1944 2075 2173 2164 Quam
2202 2077 2491 2173 quidem
2529 2077 2995 2161 sententiam,

879 2193 1206 2268 omnibus
1259 2194 1394 2265 rite
1445 2195 1839 2290 perpensis,
1906 2193 2363 2268 venerabiles
2395 2194 2677 2267 Fratres
2758 2193 2997 2268 Nostri

883 2306 1284 2382 Cardinales
1337 2331 1578 2383 sacrae
1613 2311 2173 2407 congregationis
2212 2310 2467 2384 ritibus
2504 2311 2785 2384 tuendis
2822 2333 2999 2384 con-

875 2424 1270 2514 firmarunt,
1325 2437 1722 2500 asserentes
1772 2429 1863 2500 de
1912 2427 2261 2524 martyrio
2314 2439 2391 2499 et
2445 2425 2801 2501 miraculis
2878 2449 3000 2501 eo-

879 2563 1038 2614 rum
1093 2541 1296 2636 plene
1349 2551 1731 2638 aperteque
1788 2554 2149 2616 constare.

1034 2659 1099 2753 §.
1143 2662 1270 2734 38.
1314 2659 1512 2733 Tunc
1543 2659 1835 2734 Praeses
1876 2661 2091 2734 totius
2118 2659 2401 2735 Ordinis
2439 2657 2791 2736 Minorum
2820 2683 2993 2736 san-

877 2779 974 2854 cti
1014 2778 1367 2854 Francisci
1393 2779 1482 2852 ab
1518 2780 1767 2853 eodem
1804 2779 2099 2854 Summo
2136 2779 2479 2854 Pontifice
2508 2780 2796 2856 Urbano
2836 2779 2994 2852 Vll!

875 2899 1274 2998 apostolicis
1299 2898 1590 2974 Litteris
1613 2897 1836 2972 XVlll
1867 2897 2014 2972 Kal.
2044 2899 2351 2974 octobris
2384 2921 2499 2972 an.
2530 2897 2985 2976 MDcxxvn

883 3017 1318 3114 impetravit,
1357 3027 1508 3090 tum
1565 3041 1696 3114 pro
1732 3017 2061 3092 omnibus
2092 3015 2423 3110 ejusdem
2450 3014 2731 3090 Ordinis
2768 3016 2995 3089 sancti

884 3135 1234 3210 Francisci
1283 3133 1614 3209 fratribus
1668 3135 1927 3231 ubique
1978 3134 2611 3221 commorantibus,
2673 3146 2833 3208 tum
2868 3157 2996 3228 pro

875 3253 1364 3328 ecclesiasticis
1417 3265 1490 3326 et
1515 3251 1989 3325 saecularibus
2026 3252 2201 3325 viris
2240 3251 2679 3326 Maniliensis
2712 3252 2995 3325 dioece-

879 3370 978 3444 sis
1031 3370 1405 3443 dumtaxat
1455 3369 1759 3442 officium
1800 3383 1875 3440 et
1930 3368 2221 3441 missam
2276 3369 2365 3442 de
2400 3368 2761 3442 communi
2789 3365 2995 3462 pluri·

877 3505 1156 3558 morum
1209 3497 1600 3580 martyrum
1649 3485 1763 3558 die
1818 3505 2065 3558 eorum
2122 3483 2368 3569 natali,
2444 3505 2705 3579 nempe
2786 3485 2992 3558 nonis

873 3600 1206 3674 februarii
1252 3623 1396 3697 quo
1445 3601 1632 3696 passi
1688 3599 2247 3684 fuerant,·donec
2288 3599 2375 3674 ad
2416 3599 2813 3673 solemnem
2866 3621 2992 3672 eo-

875 3739 1034 3793 rum
1071 3715 1691 3791 Canonizationem
1722 3717 2198 3792 deveniretur.
2242 3715 2473 3806 Quam
2504 3718 2791 3812 quidem
2828 3738 2994 3810 gra-

878 3837 1052 3911 tiam
1103 3837 1504 3931 insequenti
1554 3836 1667 3909 die
1720 3836 1911 3908 idem
1966 3835 2311 3909 Summus
2337 3833 2666 3908 Pontifex
2722 3835 2808 3910 ad
2846 3844 2993 3906 tres

785 3961 790 3968 '
875 3967 1224 4054 martyres
1275 3955 1648 4030 Societatis
1686 3955 1858 4028 Jesu
1892 3957 2241 4043 extendit,
2276 3956 2584 4052 benigne
2620 3955 2990 4051 excipiens

870 4076 1253 4172 petitiones
1308 4073 1695 4172 Praepositi
1760 4073 2121 4149 Generalis
2182 4073 2618 4171 aliorumque
2689 4073 2993 4169 presby-

881 4206 1194 4268 terorum
1247 4192 1576 4288 ejusdem'
1618 4191 2015 4266 Societatis.
