3317 5267
898 584 1065 635 nem
1116 558 1141 658 (
1195 562 1793 657 quemadmodum
1845 584 1972 659 pro
2052 560 2458 637 cathedrali
2537 560 2854 636 Ecclesia
2927 563 3028 637 de

898 678 1405 776 Chachapoyas
1452 680 1696 757 consul
1705 692 1858 757 tum
1909 677 2052 778 est)
2103 680 2252 776 peri
2309 678 2524 754 modo
2568 690 2644 753 et
2703 704 3016 777 congrua

900 818 1061 871 eum
1113 797 1477 875 dotatione
1526 822 1569 871 a
1607 797 2004 875 Peruviano
2039 796 2398 873 Gubernio
2445 799 2828 893 quotannis
2865 824 3026 895 per-

900 912 1231 988 solvenda
1284 916 1425 991 duo
1476 914 1924 990 Adsistentes
1951 924 2384 999 statuantur,
2441 914 2566 1010 qui
2603 916 3022 1010 simpliciter

896 1041 975 1103 et
1034 1042 1237 1105 extra
1288 1032 1607 1107 ordinem
1661 1028 2000 1105 Canonici
2073 1028 2404 1127 appellati
2456 1028 2812 1127 Episcopo
2889 1056 3018 1128 pro

898 1162 1215 1243 tempore
1269 1146 1601 1225 Puniensi
1654 1149 1728 1221 in
1785 1146 2338 1233 pontificalibus,
2381 1158 2456 1219 et
2507 1149 2578 1219 in
2635 1148 2896 1245 quibus
2949 1152 3016 1225 ei

892 1263 1181 1339 libuerit
1226 1266 1599 1341 ministerii
1652 1266 1762 1341 sui
1799 1264 2280 1341 functionibus
2315 1265 2680 1354 assistant,
2719 1268 2792 1339 in
2817 1269 3020 1343 dioe-

892 1404 1191 1457 cesanae
1240 1383 1874 1459 administrationis
1925 1382 2234 1478 negociis
2281 1381 2564 1476 juvent,
2597 1400 2822 1480 eoque
2873 1386 3019 1457 im-

890 1502 1181 1595 pensius
1210 1501 1343 1597 ipsi
1370 1500 1770 1577 cathedrali
1805 1500 2158 1577 Ecclesiae
2187 1522 2316 1595 pro
2341 1499 2740 1574 divinarum
2773 1526 3014 1577 rerum

890 1618 1257 1703 exercitio,
1288 1632 1363 1695 et
1388 1618 1960 1695 christifidelium
2013 1616 2500 1693 aedificatione
2550 1620 2777 1714 quoad
2843 1642 3016 1695 me-

889 1737 1025 1811 lius
1050 1762 1133 1813 ac
1156 1737 1602 1836 frequentius
1630 1738 1780 1813 fieri
1811 1737 2360 1835 poterit,sedulo
2397 1738 2860 1835 religioseque
2895 1741 3018 1814 in-

886 1857 1229 1944 serviant3
1257 1859 1838 1933 commendantes
1865 1868 2104 1931 autem
2140 1906 2168 1941 ,
2192 1868 2275 1929 ut
2299 1855 2654 1952 quocitins
2687 1856 2840 1930 fieri
2891 1856 3018 1931 iti-

879 1978 1053 2053 dem
1078 1979 1345 2074 poterit
1364 1976 1770 2074 Capitulum
1831 1976 2022 2051 istud
2071 1998 2162 2049 ex
2215 1998 2578 2049 sacrorum
2639 1974 3010 2052 canonum

883 2098 1321 2191 praescripto
1348 2108 1425 2168 et
1444 2098 1653 2191 Juxta
1685 2096 2040 2191 vigentem
2077 2092 2440 2167 Ecclesiae
2485 2093 2762 2187 praxim
2789 2095 3017 2190 eriga-

886 2226 1035 2301 tur,
1068 2227 1143 2287 et
1168 2229 1451 2309 praesto
1502 2215 1623 2300 sit,
1679 2225 1760 2287 ut
1813 2212 1902 2286 ad
1928 2213 2154 2287 instar
2187 2223 2582 2285 ceterarum
2633 2208 3014 2287 Cathedra—

883 2330 1055 2403 lium
1090 2354 1217 2425 par
1242 2354 1403 2405 esse
1426 2343 1641 2429 queat
1669 2334 1760 2407 ad
1783 2332 2104 2406 divinum
2129 2330 2402 2403 cultum
2429 2351 2513 2403 ea
2539 2352 2680 2426 qua
2729 2352 2860 2425 par
2893 2346 3006 2405 est

882 2444 1306 2544 frequentia,
1344 2450 1736 2543 diligentia,
1771 2460 1852 2523 et
1909 2448 2254 2521 modestia
2295 2447 2882 2542 promovendum,
2923 2470 3010 2519 ac

882 2566 1395 2661 praecipientes
1434 2618 1455 2653 ,
1512 2590 1605 2640 ne
1626 2580 1637 2591 ·
1657 2566 1990 2661 primitus
2039 2566 2316 2639 institui
2391 2566 2811 2661 proprieque
2865 2564 3006 2637 Ca-

884 2682 1187 2776 pitulum
1242 2682 1483 2756 haberi
1540 2682 1798 2769 valeat,
1855 2682 1988 2754 nisi
2041 2702 2132 2754 ex
2187 2704 2326 2755 una
2365 2680 2622 2753 saltem
2655 2680 3008 2777 dignitate

880 2822 963 2872 ac
1018 2798 1245 2875 tribus
1294 2798 1672 2875 Canonicis
1713 2812 2030 2875 constet.
2069 2799 2204 2873 Ubi
2241 2810 2484 2873 autem
2537 2798 2650 2871 vel
2701 2798 2830 2886 sic,
2889 2798 2999 2872 vel

880 2942 971 2993 ex
1024 2918 1337 3014 plurium
1388 2918 1902 2993 Quonicouun
1939 2929 2016 2991 et
2047 2916 2636 3014 Cappellanorum
2673 2938 2996 2999 numero,

878 3035 1477 3132 quemadmodum
1530 3034 1966 3131 desponsnm
2017 3046 2130 3108 est
2160 3084 2182 3121 ‚
2237 3032 2770 3131 comprehensis
2817 3056 3002 3129 quo·-

874 3176 1015 3249 que
1071 3151 1481 3248 Theologali
1512 3164 1589 3225 et
1626 3151 2186 3227 poenitentiario
2221 3148 2624 3233 canonicis,
2662 3148 3006 3223 efforma-
3039 3224 3046 3231 ,

876 3264 1099 3357 bitur,
1150 3280 1323 3343 tunc
1370 3291 1623 3343 omnes
1677 3291 1888 3365 porro
1939 3267 2336 3363 singulique
2411 3276 2794 3341 teneantur
2845 3278 3000 3339 tam

868 3386 1111 3461 divina
1162 3388 1387 3465 officia
1440 3400 1521 3462 et
1566 3388 1812 3462 munia
1863 3386 2364 3461 Ecclesiastiffl
2403 3435 2424 3472 ,
2477 3407 2699 3481 quam
2779 3408 3000 3461 onera

868 3518 949 3580 et
983 3530 1311 3605 quaeque
1368 3508 1503 3582 alia
1540 3562 1569 3598 ,
1618 3530 1804 3607 quae
1881 3505 2382 3603 capitulorum
2459 3502 2995 3579 Cathedralium

870 3628 1159 3723 propris
1204 3641 1403 3715 sunt,
1454 3630 1591 3703 rite
1638 3628 2150 3724 diligenterque
2205 3624 2436 3711 obire3
2475 3634 2686 3698 canto
2719 3636 2997 3700 cetero-

867 3745 1069 3842 quin,
1125 3746 1314 3843 quod
1368 3746 1431 3819 si
1467 3742 1870 3820 Cathedrali
1911 3744 2076 3817 huic
2124 3763 2356 3817 novae
2391 3740 2759 3815 Eeclesiae
2789 3766 2998 3839 paro-

866 3860 1117 3936 ehialis
1168 3864 1569 3937 animarum
1618 3884 1790 3935 cura
1841 3861 2116 3934 adnexa
2189 3857 2406 3933 fuerit
2443 3912 2470 3947 ,
2519 3883 2606 3935 ea
2681 3874 3006 3933 tantum-

866 3978 1087 4052 modo
1140 3976 1525 4054 habitualis
1576 4000 1796 4075 penes
1847 3978 2086 4074 ipsum
2135 3972 2550 4051 cathedrale
2587 3975 2998 4073 Capitulum
