3317 5267
903 397 1052 473 172-

1232 642 1692 691 vssussnntmnus
1736 642 2040 689 FRATMBUS
2082 641 2265 689 uum
2306 640 2485 689 ΡΒΊἚΟ

890 737 1272 783 nummum
1303 736 1673 785 Aurlocussuo
1712 736 2145 793 tumultuat,
2190 736 2261 781 m·
2304 734 2458 781 uns
2512 735 2733 785 stnssu
2766 737 2832 787 11(
2878 739 3019 787 mus

1549 829 1971 876 rnnuncnnu
2020 828 2328 876 truscorls.

1529 1098 1785 1191 PIUS
1844 1098 2127 1187 ΡΑΡΑ
2188 1096 2337 1187 IX.

1607 1451 2011 1498 vssussumtsss
2052 1451 2299 1499 rurus

1283 1532 1542 1580 sumu
1587 1532 1656 1579 13⁶1·
1702 1530 2097 1579 Aros'romcu
2138 1530 2609 1580 annotationum

897 1840 1066 2005 Ex
1117 1926 1378 2001 vestris
1429 1946 1751 2001 moerore
1784 1924 2011 2022 plenis
2046 1925 2303 1999 litteris
2336 1925 2450 2001 die
2489 1925 2823 2001 vicesima
2858 1950 3025 2001 sex·

889 2056 962 2118 ta
1015 2046 1358 2119 vertentis
1409 2044 1679 2117 mensis
1730 2044 1819 2117 ad
1850 2042 1997 2117 Nos
2032 2043 2349 2139 perlatis,
2388 2066 2533 2118 non
2596 2044 2747 2119 sine
2810 2046 3015 2141 gravi

891 2163 1110 2237 animi
1163 2162 1394 2237 Nostri
1433 2185 1628 2248 cura,
1659 2160 2155 2257 molestiaque,
2184 2161 2664 2237 atrocissimas
2698 2160 3019 2236 fidelium

887 2279 1122 2353 clades
1159 2278 1560 2373 accepimus
1597 2300 1729 2372 per
1766 2280 1943 2351 istas
1978 2278 2307 2373 regiones
2342 2300 2381 2351 a
2420 2279 2809 2352 teterrimis
2830 2278 3024 2351 chri-

889 2395 1102 2470 stiani
1153 2394 1462 2469 nominis
1513 2394 1839 2469 hostibus
1892 2395 2147 2483 editaS,
2200 2416 2501 2493 quarum
2555 2394 2839 2493 quidem
2878 2395 3019 2469 tri-

894 2512 1293 2586 stissimum
1347 2511 1679 2583 nuntium
1732 2509 2056 2607 publicae
2130 2512 2349 2585 etiam
2394 2512 2675 2587 litterae
2744 2502 3025 2611 postre-

887 2632 1028 2705 mis
1078 2630 1274 2705 hisce
1327 2628 1575 2703 diebus
1629 2629 2047 2705 attulerunt.
2098 2630 2487 2706 Enimvero
2548 2630 2637 2705 ad
2705 2643 3017 2720 ceteras,

887 2748 1146 2849 quihus
1197 2748 1634 2835 conficimur,
1695 2748 2150 2836 acerbitates,
2187 2751 2479 2847 quidam
2515 2749 2735 2823 veluti
2770 2770 3023 2824 accoe-

883 2870 982 2945 sit
1031 2868 1290 2943 doloris
1341 2868 1694 2955 cumulus,
1750 2868 1923 2941 dum
1976 2869 2215 2943 animo
2266 2879 2787 2965 reputaremus,
2838 2892 3017 2945 coe-

883 2986 1124 3075 nobia,
1179 2986 1450 3083 templa
1502 2987 1826 3061 incendio
1876 2985 2135 3076 deleta,
2175 3010 2395 3084 pagos
2440 2988 2753 3085 integros
2786 2985 3011 3077 ferro,

881 3105 1326 3202 flammisque
1381 3116 1729 3193 vastatoS‚
1784 3128 2021 3180 sacras
2073 3128 2387 3203 quasque
2438 3128 2553 3181 res
2588 3104 2853 3180 nefarie
2894 3107 3013 3181 di-

883 3238 1153 3323 reptas,
1209 3225 1658 3298 innumeram
1694 3224 2033 3321 cuiusque
2066 3225 2347 3310 aetatis,
2394 3226 2840 3314 conditionis,
2886 3250 3007 3301 se—

881 3367 1020 3419 xus
1073 3343 1602 3421 multitudinem
1654 3343 1923 3439 partim
1974 3344 2309 3419 atrociter
2356 3365 2667 3431 caesam,
2735 3346 3009 3439 partim

882 3461 1048 3558 fuga
1089 3511 1110 3548 ,
1165 3472 1242 3533 et
1288 3462 1578 3537 latebris
1631 3461 1723 3535 ah
1776 3462 2181 3536 imminenti
2258 3485 2433 3537 nece
2484 3486 2563 3537 se
2642 3462 3009 3559 proripere

881 3578 1404 3676 quaeritantem
1409 3600 1436 3667 3
1487 3580 1661 3653 dum
1714 3578 1941 3651 menti
1990 3578 2489 3655 obversaretur
2538 3578 2835 3655 Nostrae
2888 3606 3009 3655 as-

877 3696 1160 3769 siduum
1213 3695 1401 3768 vitae
1453 3694 1870 3789 periculum,
1928 3696 2039 3769 cui
2092 3697 2433 3792 propositi
2474 3719 2601 3771 vos
2638 3698 2839 3784 estis,
2882 3722 3004 3772 ce·-

883 3812 1158 3907 terique
1207 3810 1389 3883 sacri
1445 3809 1821 3885 Antistites
1874 3811 1967 3887 oh
2042 3811 2359 3885 nativam
2396 3810 2783 3887 infidelium
2820 3814 3003 3890 isto-

877 3950 1039 4003 rum
1093 3926 1480 4016 feritatem‚
1539 3952 1721 4027 quae
1774 3929 1913 4003 hoc
1947 3931 2262 4003 maxime
2302 3940 2621 4027 tempore
2658 3953 2749 4004 ex
2787 3934 3001 4007 toties

884 4068 1012 4141 per
1061 4046 1550 4142 ephemerides
1605 4048 1936 4146 evulgata
1986 4048 2483 4123 Mahumedani
2536 4047 2823 4145 Imperii
2878 4051 3005 4123 di·-

881 4161 1150 4235 visione
1202 4164 1448 4259 procul
1499 4162 1715 4240 dubio
1770 4166 2127 4241 recruduit
2158 4218 2179 4254 ,
2234 4166 2421 4239 unde
2494 4176 2641 4237 tam
2720 4164 3003 4241 subitus
