3317 5267
2373 432 2470 505 85

351 560 572 625 serat.
628 548 993 625 Bononiae
1044 548 1235 622 enim
1286 547 1400 622 die
1434 545 1850 647 duodecima
1903 544 2112 623 huius
2181 551 2473 637 mensis,

350 678 734 765 postquam
793 666 1197 741 Austriacae
1248 664 1613 762 inopinato
1663 664 2142 740 discesserunt
2195 668 2468 765 copiae,

342 786 539 861 nulla
592 787 1011 885 interposita
1062 808 1260 862 mora
1295 784 1641 859 coniurati
1676 784 2004 860 homines
2043 785 2335 861 audacia
2371 788 2474 861 in-

344 904 613 1001 signes,
671 903 1000 979 omnibus
1052 902 1338 989 divinis,
1370 902 1849 999 humanisque
1885 902 2310 999 proculcatis
2363 904 2480 977 iu-

346 1018 571 1106 ribus,
624 1018 1023 1118 laxatisque
1075 1019 1553 1118 improbitatis
1607 1018 1928 1107 habenis,
1970 1020 2160 1097 haud
2211 1023 2477 1099 exhor-

348 1149 647 1210 ruerunt
674 1138 1116 1225 tumultuari,
1134 1150 1347 1234 atque
1376 1135 1723 1211 urbanam
1747 1136 2145 1227 cohortem,
2163 1140 2476 1238 aliosque

346 1273 652 1341 armare,
688 1278 967 1353 cogere,
1008 1255 1333 1341 educere,
1373 1266 1587 1352 atque
1626 1251 2020 1330 Cardinalis
2061 1255 2302 1330 Nostri
2337 1254 2478 1331 Le-

342 1374 493 1467 gati
546 1376 755 1449 aedes
808 1376 1026 1461 adire,
1068 1373 1305 1472 ibique
1342 1374 1594 1447 ablatis
1630 1372 2018 1449 Pontificiis
2072 1374 2472 1473 Insignibus

338 1512 592 1567 eorum
628 1493 783 1570 loco
820 1492 1220 1569 rebellionis
1260 1492 1597 1568 vexillum
1652 1493 1976 1569 attollere
2018 1506 2094 1568 et
2127 1495 2473 1572 collocare

338 1631 507 1683 cum
544 1632 829 1684 summa
862 1610 1354 1687 honestiorum
1391 1612 1655 1686 civium
1701 1612 2184 1710 indignatione
2223 1637 2306 1689 ac
2341 1614 2474 1689 fre-

338 1727 551 1814 mitu,
618 1728 742 1824 qui
795 1739 1078 1801 tantum
1164 1727 1433 1802 facinus
1485 1728 1886 1826 improbare
1917 1782 1938 1817 ,
1995 1752 2076 1804 ac
2129 1728 2346 1807 Nobis
2397 1742 2474 1806 et

339 1838 711 1918 Pontificio
748 1842 1004 1921 Nostro
1056 1842 1417 1920 Gubernio
1444 1846 1776 1941 plaudere
1817 1844 2006 1920 haud
2043 1848 2472 1923 extimesce-

338 1960 536 2035 bant.
594 1961 773 2038 Hine
807 1963 897 2037 ab
934 1964 1106 2060 ipsis
1142 1960 1619 2060 perduellibus
1654 1963 1887 2036 eidem
1927 1960 2288 2038 Cardinali
2323 1960 2472 2041 No-

332 2090 488 2153 stro
538 2077 805 2177 Legato
854 2079 1197 2176 profectio
1250 2078 1385 2154 fuit
1437 2079 1862 2153 denunciata
1894 2131 1915 2165 ‚
1972 2079 2094 2177 qui
2179 2104 2306 2177 pro
2357 2084 2468 2157 sui

336 2196 651 2269 muneris
686 2196 913 2272 officio
960 2206 1069 2272 tot
1104 2196 1421 2271 scelestis
1457 2194 1746 2269 ausibus
1789 2194 2160 2284 obsistere,
2199 2220 2282 2271 ac
2319 2194 2466 2273 No-

330 2324 561 2387 stram
592 2366 613 2401 ,
668 2325 744 2389 et
793 2315 1003 2389 huius
1054 2312 1357 2389 Sanctae
1408 2311 1645 2417 &Sedis
1689 2312 2110 2410 dignitatem
2181 2326 2256 2388 et
2305 2317 2458 2391 iura

333 2456 653 2506 asserere
704 2455 787 2507 ac
841 2435 1023 2507 tueri
1078 2434 1369 2506 minime
1420 2430 2061 2529 praetermittebat.
2109 2430 2340 2532 Atque
2377 2458 2464 2511 eo

330 2552 619 2627 sceleris
671 2564 749 2626 et
783 2553 1265 2649 impudentiae
1320 2550 1615 2625 rebelles
1668 2552 2148 2641 devenerunt,
2189 2565 2272 2627 ut
2323 2556 2466 2628 mi-

328 2672 525 2746 nime
577 2673 785 2746 veriti
840 2672 987 2746 sint
1038 2671 1466 2769 gubernium
1504 2672 1913 2759 immutare,
1971 2682 2048 2745 et
2095 2671 2460 2747 Sardiniae

332 2786 549 2887 Regis
602 2787 1045 2863 Dictaturam
1102 2798 1343 2884 petere
1378 2840 1397 2875 ,
1454 2799 1529 2861 et
1582 2787 1678 2863 ob
1711 2788 1896 2862 hanc
1953 2810 2242 2863 causam
2293 2812 2460 2865 suos

327 2906 417 2980 ad
472 2908 805 2981 eumdem
862 2907 1133 3005 Regem
1186 2906 1573 3003 deputatos
1626 2908 1943 2981 mittere.
2001 2904 2182 2982 Cum
2247 2908 2462 3005 igitur

328 3024 589 3101 Noster
638 3026 943 3124 laegatus
993 3025 1181 3100 haud
1218 3038 1465 3123 posset
1508 3037 1745 3099 tantas
1796 3026 2140 3122 impedire
2191 3026 2461 3123 impro—

326 3142 616 3232 bitateS,
671 3167 931 3242 easque
984 3145 1248 3218 diutius
1308 3144 1497 3219 ferre
1550 3158 1625 3218 et
1685 3143 1940 3218 intueri
1975 3195 1997 3231 ‚
2065 3145 2455 3219 solemnem

327 3273 485 3333 tum
542 3284 707 3337 voce
762 3274 917 3335 tum
969 3261 1233 3358 scripto
1288 3262 1508 3336 edidit
1561 3262 2158 3356 protestationem
2211 3272 2456 3335 contra

320 3382 565 3456 omnia
615 3404 797 3481 quae
850 3406 893 3456 a
943 3380 1257 3456 factiosis
1310 3379 1717 3456 hominibus
1770 3382 2114 3455 adversus
2197 3380 2454 3457 Nostra

322 3510 401 3571 et
450 3498 661 3573 huius
712 3499 1012 3573 Sanctae
1049 3500 1249 3575 Sedis
1286 3500 1439 3573 iura
1491 3498 1785 3573 fuerunt
1823 3508 2136 3595 patrata,
2177 3522 2260 3573 ac
2313 3500 2456 3576 Bo-

320 3618 535 3692 nonia
585 3618 920 3694 decedere
972 3631 1259 3694 coactus
1312 3618 1710 3692 Ferrariam
1763 3642 1840 3693 se
1897 3618 2221 3693 contulit.

474 3732 671 3824 Quae
724 3734 1081 3810 Bononiae
1118 3746 1265 3809 tam
1319 3734 1589 3810 nefarie
1628 3747 1924 3833 peracta
1959 3747 2158 3824 sunt,
2201 3738 2451 3812 eadem

316 3851 669 3927 similibus
718 3854 1115 3929 criminosis
1168 3854 1396 3929 modis
1437 3854 1820 3927 Ravennae
1853 3904 1874 3940 ‚
1932 3850 2266 3927 Perusiae
2298 3905 2319 3940 ‚
2377 3866 2452 3928 et

318 3968 489 4042 alibi
538 3970 866 4067 flagitiosi
917 3971 1246 4045 homines
1298 3971 1663 4045 communi
1721 3968 2072 4043 bonorum
2126 3971 2446 4043 omnium

312 4086 515 4165 luctu
564 4112 769 4186 agere
804 4090 1099 4164 minime
1132 4089 1589 4176 dubitarunt,
1627 4088 1818 4163 haud
1859 4090 2196 4163 timentes
2235 4112 2445 4185 posse

312 4230 483 4281 suos
537 4209 845 4301 impetus
896 4232 937 4283 a
988 4208 1371 4285 Pontificiis
1424 4207 1700 4284 Nostris
1753 4208 1974 4303 copiis
2013 4209 2306 4304 reprimi
2362 4230 2444 4280 ac
