3317 5267
2250 446 2397 517 299

293 562 692 662 singulatim
727 562 1238 659 adjudicentur,
1277 570 1470 635 sarto
1505 569 1835 656 tectoque
1860 558 2017 656 jure
2053 580 2402 655 quocum-

291 708 424 781 que
473 683 714 758 favore
765 679 1202 777 Episcopalis
1253 700 1544 754 mensae
1596 700 1679 752 ac
1728 676 2085 753 Ecclesiae
2136 674 2401 753 Cathe-

289 800 498 875 dralis
523 800 844 897 illiusque
879 795 1188 893 Capituli
1223 807 1299 871 et
1331 795 1731 883 Seminarii,
1761 818 1893 868 nec
1926 816 2069 869 non
2104 778 2399 869 aliarum

289 939 566 1013 quoque
617 916 974 991 minorum
1021 912 1494 989 Ecclesiarum
1543 923 1618 986 et
1653 911 2065 1007 quorumvis
2114 910 2393 1007 piorum
2496 960 2503 967 -

287 1032 772 1108 institutorum
824 1033 1410 1129 quandocumque
1463 1031 1536 1104 in
1589 1052 1673 1103 ea
1712 1040 1863 1103 tota
1904 1026 2217 1103 Dioecesi
2266 1052 2401 1103 ex-

287 1153 588 1227 tantium
638 1152 828 1227 bona
889 1150 1166 1227 stabilia
1201 1149 1420 1223 libere
1452 1148 1783 1246 liciteque
1816 1146 2117 1244 legandi‚
2146 1147 2399 1245 adqui-

285 1269 505 1357 rendi,
561 1270 910 1366 plenoque
945 1280 1020 1342 et
1057 1267 1382 1341 absoluto
1417 1288 1582 1340 cum
1617 1266 1933 1340 dominio
1966 1264 2395 1361 possidendi,

286 1387 818 1463 administrandi
871 1397 946 1461 et
993 1384 1420 1472 vindicandi,
1459 1385 1630 1482 quin
1666 1406 1752 1458 ea
1792 1396 1868 1457 et
1904 1382 2039 1455 alia
2074 1406 2397 1480 quaeque

283 1506 688 1601 quarumvis
743 1506 1016 1603 piarum
1053 1502 1550 1577 fundationum
1581 1500 1765 1576 bona
1804 1511 1881 1575 et
1914 1500 2031 1597 pia
2069 1500 2397 1575 instituta

281 1632 594 1719 nequant
643 1644 810 1697 cum
861 1621 1016 1695 aliis
1049 1618 1410 1704 confundi,
1447 1618 1899 1704 commutari,
1954 1640 2115 1691 aere
2166 1617 2397 1693 alieno

279 1738 579 1834 gravari,
620 1739 990 1835 multoque
1021 1738 1258 1811 minus
1294 1736 1614 1823 distrahi,
1655 1735 1923 1832 absque
1960 1734 2161 1809 Sedis
2198 1732 2395 1831 Apo-

279 1854 566 1931 stolicae
599 1856 1045 1943 auctorit-ate,
1085 1854 1300 1928 salvis
1338 1864 1580 1926 tamen
1633 1850 2089 1927 facultatibus
2124 1875 2167 1924 a
2204 1849 2393 1927 Con-

278 1970 436 2047 cilio
490 1971 902 2046 Tridentino
937 1970 1306 2067 Episcopis
1343 1969 1667 2043 consulto
1705 1968 2015 2055 tributis,
2054 1990 2137 2043 ac
2168 1968 2393 2043 firmis

277 2085 632 2163 Ecclesiae
657 2088 976 2163 doctrina
991 2089 1296 2183 eiusque
1321 2084 1689 2181 disciplina
1716 2084 1806 2157 ab
1836 2084 2239 2180 Apostolica
2264 2086 2397 2161 Se-

278 2204 366 2279 de
403 2204 784 2301 approbata
819 2206 1052 2305 quoad
1088 2216 1322 2279 cetera
1359 2204 1472 2278 hic
1507 2203 1943 2279 enucleatius
1966 2225 2109 2278 non
2144 2228 2393 2279 recen-

279 2322 444 2410 sita,
497 2344 678 2420 quae
729 2323 880 2397 sive
916 2322 1006 2397 ad
1041 2344 1378 2419 personas
1415 2322 1565 2397 sive
1617 2319 1707 2394 ad
1748 2343 1862 2393 res
1896 2318 2391 2397 Ecclesiastico

274 2442 538 2523 intuitu
586 2442 968 2538 pertinent.

429 2558 647 2638 Porro
697 2561 1020 2656 inspecto
1071 2569 1335 2635 eventu
1396 2558 1783 2634 vacationis
1837 2555 2193 2655 praefatae
2243 2556 2344 2633 Ca
2374 2598 2403 2617 ·

274 2678 610 2753 thedralis
635 2678 992 2755 Ecclesiae
1020 2677 1288 2776 Capitis
1313 2676 1596 2753 Haitani
1621 2678 2087 2766 declaramus,
2119 2688 2200 2752 ut
2226 2701 2398 2774 quo-

273 2798 408 2871 ties
445 2796 836 2875 Ecclesiam
890 2799 1120 2895 ipsam
1159 2798 1426 2873 viduari
1461 2798 1865 2893 contigerit,
1904 2798 2153 2872 statim
2182 2797 2393 2893 juxta

271 2916 646 2993 Sacrorum
679 2916 1046 2995 Canonum
1073 2918 1615 3014 praescriptum,
1657 2917 1705 2991 ii
1741 2916 2109 3013 Dignitarii
2146 2927 2221 2989 et
2253 2914 2394 2989 Ca·-

269 3035 506 3110 nonici
559 3034 866 3109 debeant
921 3035 1278 3109 vicarium
1315 3032 1795 3128 capitularem
1848 3032 2109 3129 eligere
2162 3033 2249 3107 ad
2302 3031 2393 3105 il-

265 3152 406 3226 lius
432 3150 870 3227 Cathedralis
899 3174 980 3227 ac
1008 3149 1364 3225 Dioecesis
1389 3150 1709 3246 regimen
1738 3162 1813 3223 et
1848 3149 2393 3223 administratio-

263 3292 436 3346 nem
472 3270 897 3345 ordinariam
935 3270 1218 3343 interim
1260 3262 1478 3362 probe
1511 3266 1923 3362 utiliterque
1962 3265 2383 3340 navandam.

265 3386 473 3477 Quod
525 3389 586 3465 si
639 3389 916 3465 vacatio
969 3387 1372 3466 huiusmodi
1434 3385 1630 3480 prius
1706 3386 2039 3461 acciderit
2068 3439 2089 3474 ,
2168 3408 2389 3483 quam

257 3505 670 3605 Capitulum
709 3506 1130 3582 Cathedrale
1167 3507 1638 3583 constitutum
1670 3504 1911 3595 fuerit,
1940 3505 2077 3581 hoc
2110 3507 2183 3579 in
2218 3530 2389 3583 casu

259 3624 508 3699 habita
544 3626 831 3724 quidem
865 3626 1520 3703 Ecclesiasticarum
1559 3648 1797 3699 rerum
1826 3626 2385 3723 peragendarum

259 3752 341 3815 et
394 3743 864 3838 spiritualium
915 3742 1420 3820 necessitatum
1473 3743 1747 3818 ratione
1779 3794 1801 3828 ,
1856 3742 2193 3817 illiusmet
2244 3740 2383 3817 Ec·-

261 3856 522 3933 clesiae
576 3868 790 3955 atque
845 3853 1202 3933 Dioeeesis
1253 3858 1594 3955 regimine
1645 3868 1721 3931 et
1770 3858 2119 3933 ordinaria
2156 3858 2387 3931 admi-

259 3974 687 4050 nistratione
738 3975 855 4049 ille
905 3974 1393 4073 perfungatur,
1431 3976 1556 4071 qui
1601 3987 1754 4049 tum
1806 3976 1878 4047 in
1933 3973 2189 4049 Vicarii
2243 3973 2387 4049 Ge-

257 4091 526 4166 neralis
577 4092 912 4167 exercitio
963 4092 1461 4188 comperiatur,
1529 4092 2019 4189 praecipiendo
2080 4092 2267 4187 quod
2320 4092 2383 4165 si

257 4214 505 4315 plures
557 4238 642 4291 co
705 4213 779 4290 in
840 4212 1064 4290 officio
1127 4222 1282 4289 tum
1341 4234 1470 4310 per
1531 4211 1925 4291 Dioecesim
1986 4210 2385 4289 habeantur
