3317 5267
2346 474 2440 544 77

305 608 392 661 ae
443 586 774 661 bismillia
824 597 902 661 et
949 590 1464 686 quadringenta
1515 608 1648 685 pro
1718 595 2023 683 quatuor
2084 586 2441 683 magistris

305 705 806 781 cathedraticis
857 708 1135 781 naviter
1185 706 1358 781 inibi
1423 728 1638 803 opera
1704 727 1833 779 sua
1910 702 2383 800 perfunctorie,
2422 758 2445 794 ,

311 846 447 899 nec
499 848 642 927 non
695 824 912 899 millia
965 836 1242 900 scutata
1291 826 1522 899 dietae
1571 834 1901 898 monetae
1954 823 2024 895 in
2076 822 2262 897 illius
2314 824 2451 899 ho-

307 938 668 1013 noi-arium
749 941 1124 1017 servitium
1197 939 1548 1037 eroganda
1623 938 2005 1035 quotannis
2056 937 2147 1012 ab
2198 940 2451 1015 eodem

309 1052 676 1131 Gubernio
725 1058 1252 1135 constituantur
1303 1069 1381 1133 et
1428 1046 1913 1133 exsolvantur.
2099 1145 2101 1148 Ι
2221 1140 2231 1151 ,

463 1172 696 1263 Quam
749 1178 1037 1273 quidem
1087 1177 1564 1253 Pin-anensem
1591 1175 1984 1251 Ecclesiam
2028 1176 2101 1249 in
2158 1177 2449 1251 Archie-

309 1290 690 1389 piscopalis
727 1290 832 1367 De
869 1292 1068 1383 Plata
1119 1292 1666 1391 suffraganeam,
1722 1311 1889 1365 cum
1924 1291 2255 1367 omnibus
2284 1295 2449 1391 qui-

317 1406 760 1507 buscumque
809 1410 1107 1499 iuribus,
1148 1410 1560 1496 honoribus,
1600 1410 2139 1507 praerogativis,
2177 1412 2447 1506 gratiis»,

311 1536 406 1613 et·
442 1524 756 1613 indultis,
821 1548 1006 1623 quae
1054 1528 1324 1624 pariter
1381 1536 1663 1600 ceterae
1714 1525 1897 1601 illius
1960 1523 2449 1621 Archiepisco—

311 1653 526 1743 patus
575 1643 934 1719 Ecclesiae
985 1644 1480 1743 Sum-aganone
1533 1666 1616 1721 ac
1670 1644 1982 1719 vicissim
2034 1642 2295 1717 habere
2332 1666 2452 1718 so-

310 1759 462 1835 lent
513 1772 732 1859 atque
770 1764 979 1851 tueri,
1017 1764 1208 1837 dicta
1269 1762 1675 1861 Apostolica
1734 1760 2169 1838 Auctoritate
2224 1760 2453 1835 subii-

309 1877 544 1953 cimus
573 1929 596 1964 ,
653 1878 977 1977 illiusque
1031 1878 1462 1955 Canonicam
1517 1880 1793 1954 Taxam
1845 1902 1977 1976 pro
2022 1876 2451 1952 Litterarum

320 1992 888 2089 Apostolicarum
941 1998 1394 2094 expeditione
1423 2049 1446 2084 ,
1501 1998 1781 2094 quoties
1835 1994 2151 2071 Antistes
2220 1996 2449 2070 eidem

315 2116 722 2193 Cathedrali
746 2118 960 2195 fuerit
986 2120 1520 2217 praeficienduS,
1547 2121 1619 2193 in
1647 2120 1879 2195 aureis
1906 2120 2187 2195 florenis
2210 2122 2299 2195 de
2326 2120 2455 2195 Ca-

313 2262 516 2315 mera
569 2242 856 2340 triginta
913 2242 1138 2317 tribus
1177 2266 1342 2318 cum
1379 2243 1590 2318 tertia
1623 2244 1943 2317 eiusdem
1970 2242 2213 2318 floreni
2252 2256 2453 2340 parte

311 2360 726 2446 statuimus,
783 2360 1024 2458 sicque
1076 2358 1148 2433 in
1201 2359 1397 2434 libris
1450 2357 1790 2435 Gamerae
1846 2358 2286 2456 Apostolieae
2322 2360 2453 2435 Sa-

315 2478 558 2571 crique
611 2473 937 2573 collegiis
990 2475 1186 2550 libris
1237 2476 1450 2550 inseri
1505 2489 1577 2549 et
1628 2474 1986 2551 observari
2038 2476 2389 2552 iubemus.

477 2590 794 2665 Tandem
849 2616 1018 2688 prae
1071 2590 1290 2665 nimia
1319 2588 1610 2667 huiusce
1641 2590 2059 2667 Paranensis
2094 2590 2453 2668 Dioecesis

324 2708 794 2804 amplitudine
873 2710 942 2783 in
998 2708 1252 2784 melius
1303 2710 1604 2785 fortasse
1655 2710 2031 2807 aliquando
2090 2712 2455 2806 partienda

319 2824 526 2901 nobis
579 2839 656 2901 et
708 2827 1032 2903 Romano
1085 2826 1408 2903 Pontifici
1461 2853 1592 2925 pro
1631 2842 1955 2924 tempore
1982 2828 2317 2902 existenti
2354 2826 2453 2902 fa-

319 2942 662 3018 cultatem
714 2967 1160 3019 reservamus
1239 2946 1857 3020 circumscribendi
1935 2945 2119 3019 hanc
2194 2968 2456 3020 novam

324 3062 548 3133 etiam
599 3057 992 3135 Dioecesim
1027 3114 1048 3147 ,
1104 3083 1392 3160 quoquo
1443 3074 1793 3160 tempore,
1848 3077 1921 3137 et
1970 3063 2209 3150 modo,
2250 3075 2461 3158 prout

317 3188 558 3253 ratum
607 3177 822 3253 fuerit
869 3181 940 3251 in
999 3177 1300 3255 Domino
1354 3182 1823 3278 opportunius
1874 3182 2231 3277 expedire.

481 3292 902 3369 praesentes
932 3320 1098 3369 vero
1125 3296 1400 3371 litteras
1435 3300 1522 3373 de
1557 3297 2061 3393 subreptionis,
2092 3308 2215 3371 aut
2250 3298 2459 3372 obre-

319 3412 614 3508 ptionis,
645 3425 771 3487 aut
797 3413 1170 3501 nullitatis,
1202 3414 1428 3488 aliove
1481 3436 1931 3512 quocumque
1960 3416 2158 3501 vitio,
2190 3438 2316 3488 seu
2343 3416 2457 3487 in-

323 3530 668 3604 tentionis
699 3528 1020 3617 Nostrae,
1059 3541 1185 3604 aut
1219 3530 1536 3628 quolibet
1569 3531 1731 3618 alio,
1762 3530 2247 3629 quamtumvis
2286 3532 2459 3606 iuri-

324 3647 513 3735 dico,
541 3658 618 3721 et
641 3648 1114 3736 substantiali,
1143 3660 1222 3723 et
1243 3649 1939 3736 substantialissimo,
1970 3649 2083 3724 vel
2108 3650 2458 3749 inexcogi-

327 3774 480 3838 tato
513 3763 822 3851 defectu,
851 3766 1068 3839 etiam
1097 3790 1186 3840 ex
1218 3791 1304 3841 eo
1331 3768 1518 3863 quod
1543 3768 1975 3865 quicumque
2010 3767 2083 3839 in
2108 3770 2455 3862 praemis-

319 3881 424 3955 sis
459 3880 790 3955 omnibus
825 3894 900 3954 et
937 3883 1234 3979 singulis
1270 3885 1613 3957 interesse
1651 3882 2023 3970 habenteS,
2052 3884 2166 3957 vel
2192 3884 2453 3961 habere

327 4010 693 4095 putantes,
742 4022 875 4073 seu
912 4002 1481 4096 praetendenteS,
1521 4004 2027 4098 cuiuscumque
2063 4002 2451 4098 qualitatis,

329 4118 620 4214 gradus,
673 4129 934 4204 status,
991 4118 1412 4193 conditionis
1465 4131 1540 4195 et
1589 4120 1955 4217 dignitatis
1990 4122 2329 4210 existant,
2368 4124 2457 4197 ad

323 4237 400 4315 id
439 4238 700 4327 vocati,
755 4238 982 4327 citati,
1037 4252 1112 4313 et
1159 4238 1378 4315 auditi
1431 4262 1572 4315 non
1628 4239 1915 4329 suerint,
1971 4264 2053 4315 ac
2108 4244 2457 4339 praemis-
