<?xml version="1.0" encoding="UTF-8"?>
<!DOCTYPE html PUBLIC "-//W3C//DTD XHTML 1.0 Transitional//EN"
    "http://www.w3.org/TR/xhtml1/DTD/xhtml1-transitional.dtd">
<html xmlns="http://www.w3.org/1999/xhtml" xml:lang="en" lang="en">
 <head>
  <title>
</title>
<meta http-equiv="Content-Type" content="text/html;charset=utf-8" />
  <meta name='ocr-system' content='tesseract 3.04.00' />
  <meta name='ocr-capabilities' content='ocr_page ocr_carea ocr_par ocr_line ocrx_word'/>
</head>
<body>
  <div class='ocr_page' id='page_1' title='image "./piiixpontificis00ixgoog_0566.png"; bbox 0 0 3317 5267; ppageno 0'>
   <div class='ocr_carea' id='block_1_1' title="bbox 848 425 2996 2176">
    <p class='ocr_par' dir='ltr' id='par_1_1' title="bbox 862 425 1005 496">
     <span class='ocr_line' id='line_1_1' title="bbox 862 425 1005 496; baseline -0.007 0"><span class='ocrx_word' id='word_1_1' title='bbox 862 425 1005 496; x_wconf 65' lang='lat'>556</span> 
     </span>
    </p>

    <p class='ocr_par' dir='ltr' id='par_1_2' title="bbox 848 537 2996 2176">
     <span class='ocr_line' id='line_1_2' title="bbox 858 537 2986 634; baseline 0.001 -22"><span class='ocrx_word' id='word_1_2' title='bbox 858 559 1139 613; x_wconf 86' lang='lat' dir='ltr'>marum</span> <span class='ocrx_word' id='word_1_3' title='bbox 1190 537 1455 634; x_wconf 79' lang='lat' dir='ltr'>origine</span> <span class='ocrx_word' id='word_1_4' title='bbox 1506 537 1702 632; x_wconf 85' lang='lat' dir='ltr'>prius</span> <span class='ocrx_word' id='word_1_5' title='bbox 1763 537 2014 612; x_wconf 86' lang='lat' dir='ltr'>fuisset</span> <span class='ocrx_word' id='word_1_6' title='bbox 2073 537 2479 622; x_wconf 85' lang='lat' dir='ltr'>damnatus,</span> <span class='ocrx_word' id='word_1_7' title='bbox 2547 559 2690 612; x_wconf 90' lang='lat' dir='ltr'>non</span> <span class='ocrx_word' id='word_1_8' title='bbox 2754 539 2986 616; x_wconf 86' lang='lat' dir='ltr'>solum</span> 
     </span>
     <span class='ocr_line' id='line_1_3' title="bbox 860 656 2989 748; baseline -0 -14"><span class='ocrx_word' id='word_1_9' title='bbox 860 685 937 734; x_wconf 91' lang='lat' dir='ltr'>se</span> <span class='ocrx_word' id='word_1_10' title='bbox 1008 658 1299 732; x_wconf 87' lang='lat' dir='ltr'>minime</span> <span class='ocrx_word' id='word_1_11' title='bbox 1368 656 1728 744; x_wconf 81' lang='lat' dir='ltr'>submisit,</span> <span class='ocrx_word' id='word_1_12' title='bbox 1797 679 2040 733; x_wconf 83' lang='lat' dir='ltr'>verum</span> <span class='ocrx_word' id='word_1_13' title='bbox 2111 658 2330 732; x_wconf 88' lang='lat' dir='ltr'>etiam</span> <span class='ocrx_word' id='word_1_14' title='bbox 2399 678 2544 732; x_wconf 85' lang='lat' dir='ltr'>non</span> <span class='ocrx_word' id='word_1_15' title='bbox 2619 657 2989 748; x_wconf 79' lang='lat' dir='ltr'><strong>extimuit,</strong></span> 
     </span>
     <span class='ocr_line' id='line_1_4' title="bbox 857 775 2992 868; baseline 0 -14"><span class='ocrx_word' id='word_1_16' title='bbox 857 779 1189 854; x_wconf 89' lang='lat' dir='ltr'>eumdem</span> <span class='ocrx_word' id='word_1_17' title='bbox 1242 799 1555 851; x_wconf 86' lang='lat' dir='ltr'>errorem</span> <span class='ocrx_word' id='word_1_18' title='bbox 1604 777 1678 850; x_wconf 89' lang='lat' dir='ltr'>in</span> <span class='ocrx_word' id='word_1_19' title='bbox 1729 776 1843 852; x_wconf 90' lang='lat' dir='ltr'>his</span> <span class='ocrx_word' id='word_1_20' title='bbox 1895 779 2112 852; x_wconf 86' lang='lat' dir='ltr'>etiam</span> <span class='ocrx_word' id='word_1_21' title='bbox 2161 775 2360 850; x_wconf 87' lang='lat' dir='ltr'>libris</span> <span class='ocrx_word' id='word_1_22' title='bbox 2409 775 2644 851; x_wconf 81' lang='lat' dir='ltr'>denuo</span> <span class='ocrx_word' id='word_1_23' title='bbox 2707 777 2992 868; x_wconf 87' lang='lat' dir='ltr'>docere,</span> 
     </span>
     <span class='ocr_line' id='line_1_5' title="bbox 860 894 2996 993; baseline 0.001 -20"><span class='ocrx_word' id='word_1_24' title='bbox 860 910 937 973; x_wconf 91' lang='lat' dir='ltr'>et</span> <span class='ocrx_word' id='word_1_25' title='bbox 984 897 1313 972; x_wconf 85' lang='lat' dir='ltr'>Nostram</span> <span class='ocrx_word' id='word_1_26' title='bbox 1364 895 1621 970; x_wconf 87' lang='lat' dir='ltr'>Indicis</span> <span class='ocrx_word' id='word_1_27' title='bbox 1673 894 2312 993; x_wconf 81' lang='lat' dir='ltr'>Congregationem</span> <span class='ocrx_word' id='word_1_28' title='bbox 2363 897 2814 971; x_wconf 87' lang='lat' dir='ltr'>contumeliis</span> <span class='ocrx_word' id='word_1_29' title='bbox 2849 923 2996 975; x_wconf 88' lang='lat' dir='ltr'>cu·-</span> 
     </span>
     <span class='ocr_line' id='line_1_6' title="bbox 852 1011 2996 1110; baseline -0.002 -20"><span class='ocrx_word' id='word_1_30' title='bbox 852 1015 1150 1101; x_wconf 87' lang='lat' dir='ltr'>mulare,</span> <span class='ocrx_word' id='word_1_31' title='bbox 1206 1036 1287 1088; x_wconf 88' lang='lat' dir='ltr'>ac</span> <span class='ocrx_word' id='word_1_32' title='bbox 1350 1013 1595 1088; x_wconf 86' lang='lat' dir='ltr'>multa·</span> <span class='ocrx_word' id='word_1_33' title='bbox 1644 1013 1778 1087; x_wconf 86' lang='lat' dir='ltr'>alia</span> <span class='ocrx_word' id='word_1_34' title='bbox 1837 1027 2088 1089; x_wconf 87' lang='lat' dir='ltr'>contra</span> <span class='ocrx_word' id='word_1_35' title='bbox 2145 1011 2504 1088; x_wconf 79' lang='lat' dir='ltr'><strong>Ecclesiae</strong></span> <span class='ocrx_word' id='word_1_36' title='bbox 2564 1013 2820 1110; x_wconf 74' lang='lat' dir='ltr'>agendi</span> <span class='ocrx_word' id='word_1_37' title='bbox 2887 1033 2996 1086; x_wconf 84' lang='lat' dir='ltr'>ra·</span> 
     </span>
     <span class='ocr_line' id='line_1_7' title="bbox 852 1129 2992 1228; baseline -0.002 -18"><span class='ocrx_word' id='word_1_38' title='bbox 852 1135 1122 1210; x_wconf 87' lang='lat' dir='ltr'>tionem</span> <span class='ocrx_word' id='word_1_39' title='bbox 1196 1143 1490 1218; x_wconf 86' lang='lat' dir='ltr'>temere,</span> <span class='ocrx_word' id='word_1_40' title='bbox 1566 1132 2142 1228; x_wconf 87' lang='lat' dir='ltr'>mendaciterque</span> <span class='ocrx_word' id='word_1_41' title='bbox 2215 1129 2698 1226; x_wconf 81' lang='lat' dir='ltr'>pronuntiare.</span> <span class='ocrx_word' id='word_1_42' title='bbox 2793 1129 2992 1220; x_wconf 82' lang='lat' dir='ltr'>Quae</span> 
     </span>
     <span class='ocr_line' id='line_1_8' title="bbox 848 1249 2992 1346; baseline -0.002 -16"><span class='ocrx_word' id='word_1_43' title='bbox 848 1253 1089 1330; x_wconf 87' lang='lat' dir='ltr'>omnia</span> <span class='ocrx_word' id='word_1_44' title='bbox 1141 1251 1309 1326; x_wconf 86' lang='lat' dir='ltr'>talia</span> <span class='ocrx_word' id='word_1_45' title='bbox 1358 1261 1555 1337; x_wconf 81' lang='lat' dir='ltr'>sunt,</span> <span class='ocrx_word' id='word_1_46' title='bbox 1612 1263 1698 1326; x_wconf 90' lang='lat' dir='ltr'>ut</span> <span class='ocrx_word' id='word_1_47' title='bbox 1745 1253 1832 1326; x_wconf 91' lang='lat' dir='ltr'>iis</span> <span class='ocrx_word' id='word_1_48' title='bbox 1887 1253 2170 1338; x_wconf 88' lang='lat' dir='ltr'>merito,</span> <span class='ocrx_word' id='word_1_49' title='bbox 2223 1261 2440 1346; x_wconf 84' lang='lat' dir='ltr'>atque</span> <span class='ocrx_word' id='word_1_50' title='bbox 2495 1249 2772 1346; x_wconf 89' lang='lat' dir='ltr'>optimo</span> <span class='ocrx_word' id='word_1_51' title='bbox 2824 1249 2992 1345; x_wconf 75' lang='lat' dir='ltr'>jure</span> 
     </span>
     <span class='ocr_line' id='line_1_9' title="bbox 854 1367 2996 1466; baseline 0 -23"><span class='ocrx_word' id='word_1_52' title='bbox 854 1369 1198 1466; x_wconf 80' lang='lat' dir='ltr'>indignari</span> <span class='ocrx_word' id='word_1_53' title='bbox 1252 1370 1757 1466; x_wconf 88' lang='lat' dir='ltr'>potuissemus.</span> <span class='ocrx_word' id='word_1_54' title='bbox 1813 1369 1952 1444; x_wconf 90' lang='lat' dir='ltr'>Sed</span> <span class='ocrx_word' id='word_1_55' title='bbox 2005 1369 2334 1444; x_wconf 89' lang='lat' dir='ltr'>nolumus</span> <span class='ocrx_word' id='word_1_56' title='bbox 2387 1367 2616 1446; x_wconf 88' lang='lat' dir='ltr'>adhuc</span> <span class='ocrx_word' id='word_1_57' title='bbox 2653 1381 2996 1465; x_wconf 82' lang='lat' dir='ltr'>paternae</span> 
     </span>
     <span class='ocr_line' id='line_1_10' title="bbox 852 1487 2990 1585; baseline 0 -23"><span class='ocrx_word' id='word_1_58' title='bbox 852 1487 1149 1564; x_wconf 79' lang='lat' dir='ltr'><strong>Nostrae</strong></span> <span class='ocrx_word' id='word_1_59' title='bbox 1210 1489 1527 1562; x_wconf 86' lang='lat' dir='ltr'>caritatis</span> <span class='ocrx_word' id='word_1_60' title='bbox 1600 1490 1890 1564; x_wconf 83' lang='lat' dir='ltr'>viscera·</span> <span class='ocrx_word' id='word_1_61' title='bbox 1937 1511 2104 1584; x_wconf 80' lang='lat' dir='ltr'>erga</span> <span class='ocrx_word' id='word_1_62' title='bbox 2183 1488 2377 1562; x_wconf 89' lang='lat' dir='ltr'>illum</span> <span class='ocrx_word' id='word_1_63' title='bbox 2451 1490 2835 1585; x_wconf 81' lang='lat' dir='ltr'>deponere,</span> <span class='ocrx_word' id='word_1_64' title='bbox 2907 1501 2990 1562; x_wconf 90' lang='lat' dir='ltr'>et</span> 
     </span>
     <span class='ocr_line' id='line_1_11' title="bbox 854 1604 2990 1696; baseline 0.001 -16"><span class='ocrx_word' id='word_1_65' title='bbox 854 1607 1103 1682; x_wconf 84' lang='lat' dir='ltr'>iccirco</span> <span class='ocrx_word' id='word_1_66' title='bbox 1156 1606 1285 1694; x_wconf 89' lang='lat' dir='ltr'>Te,</span> <span class='ocrx_word' id='word_1_67' title='bbox 1339 1604 1774 1680; x_wconf 82' lang='lat' dir='ltr'>Venerabilis</span> <span class='ocrx_word' id='word_1_68' title='bbox 1845 1605 2115 1692; x_wconf 83' lang='lat' dir='ltr'>Frater,</span> <span class='ocrx_word' id='word_1_69' title='bbox 2179 1607 2602 1696; x_wconf 78' lang='lat' dir='ltr'>excitamus,</span> <span class='ocrx_word' id='word_1_70' title='bbox 2667 1619 2752 1680; x_wconf 89' lang='lat' dir='ltr'>ut</span> <span class='ocrx_word' id='word_1_71' title='bbox 2815 1607 2990 1682; x_wconf 75' lang='lat' dir='ltr'>velis</span> 
     </span>
     <span class='ocr_line' id='line_1_12' title="bbox 858 1723 2986 1820; baseline 0.002 -24"><span class='ocrx_word' id='word_1_72' title='bbox 858 1725 1107 1798; x_wconf 82' lang='lat' dir='ltr'>eidem.</span> <span class='ocrx_word' id='word_1_73' title='bbox 1140 1723 1592 1798; x_wconf 86' lang='lat' dir='ltr'>manifestare</span> <span class='ocrx_word' id='word_1_74' title='bbox 1644 1749 1767 1798; x_wconf 89' lang='lat' dir='ltr'>cor</span> <span class='ocrx_word' id='word_1_75' title='bbox 1813 1725 2153 1803; x_wconf 81' lang='lat' dir='ltr'>Nostrum</span> <span class='ocrx_word' id='word_1_76' title='bbox 2207 1737 2614 1820; x_wconf 88' lang='lat' dir='ltr'>paternum,</span> <span class='ocrx_word' id='word_1_77' title='bbox 2668 1737 2746 1800; x_wconf 87' lang='lat' dir='ltr'>et</span> <span class='ocrx_word' id='word_1_78' title='bbox 2795 1748 2986 1802; x_wconf 80' lang='lat' dir='ltr'>acer-</span> 
     </span>
     <span class='ocr_line' id='line_1_13' title="bbox 856 1839 2982 1939; baseline 0.002 -28"><span class='ocrx_word' id='word_1_79' title='bbox 856 1839 1227 1915; x_wconf 85' lang='lat' dir='ltr'>bissimum</span> <span class='ocrx_word' id='word_1_80' title='bbox 1280 1841 1620 1930; x_wconf 88' lang='lat' dir='ltr'>dolorem,</span> <span class='ocrx_word' id='word_1_81' title='bbox 1677 1843 1880 1938; x_wconf 88' lang='lat' dir='ltr'>cujus</span> <span class='ocrx_word' id='word_1_82' title='bbox 1933 1843 2084 1939; x_wconf 88' lang='lat' dir='ltr'>ipse</span> <span class='ocrx_word' id='word_1_83' title='bbox 2145 1853 2258 1916; x_wconf 89' lang='lat' dir='ltr'>est</span> <span class='ocrx_word' id='word_1_84' title='bbox 2317 1865 2555 1930; x_wconf 89' lang='lat' dir='ltr'>causa,</span> <span class='ocrx_word' id='word_1_85' title='bbox 2621 1865 2706 1918; x_wconf 90' lang='lat' dir='ltr'>ac</span> <span class='ocrx_word' id='word_1_86' title='bbox 2763 1841 2982 1918; x_wconf 86' lang='lat' dir='ltr'>simul</span> 
     </span>
     <span class='ocr_line' id='line_1_14' title="bbox 858 1960 2984 2057; baseline 0.003 -25"><span class='ocrx_word' id='word_1_87' title='bbox 858 1961 1115 2057; x_wconf 87' lang='lat' dir='ltr'>ipsum·</span> <span class='ocrx_word' id='word_1_88' title='bbox 1188 1960 1668 2036; x_wconf 78' lang='lat' dir='ltr'>saluberrimis</span> <span class='ocrx_word' id='word_1_89' title='bbox 1765 1963 2054 2037; x_wconf 84' lang='lat' dir='ltr'>monitis</span> <span class='ocrx_word' id='word_1_90' title='bbox 2151 1962 2414 2036; x_wconf 84' lang='lat' dir='ltr'>hortari</span> <span class='ocrx_word' id='word_1_91' title='bbox 2477 1975 2556 2037; x_wconf 91' lang='lat' dir='ltr'>et</span> <span class='ocrx_word' id='word_1_92' title='bbox 2621 1985 2918 2038; x_wconf 88' lang='lat' dir='ltr'>monere</span> <span class='ocrx_word' id='word_1_93' title='bbox 2959 2013 2984 2050; x_wconf 90' lang='lat'>,</span> 
     </span>
     <span class='ocr_line' id='line_1_15' title="bbox 860 2077 2982 2176; baseline 0.001 -24"><span class='ocrx_word' id='word_1_94' title='bbox 860 2090 943 2153; x_wconf 88' lang='lat' dir='ltr'>ut</span> <span class='ocrx_word' id='word_1_95' title='bbox 1019 2077 1377 2161; x_wconf 81' lang='lat' dir='ltr'>Nostram,</span> <span class='ocrx_word' id='word_1_96' title='bbox 1456 2101 1639 2176; x_wconf 86' lang='lat' dir='ltr'>quae</span> <span class='ocrx_word' id='word_1_97' title='bbox 1701 2081 2278 2154; x_wconf 72' lang='lat' dir='ltr'>communis&#39;ost</span> <span class='ocrx_word' id='word_1_98' title='bbox 2337 2081 2656 2155; x_wconf 87' lang='lat' dir='ltr'>omnium</span> <span class='ocrx_word' id='word_1_99' title='bbox 2721 2078 2982 2169; x_wconf 81' lang='lat' dir='ltr'>Patris,</span> 
     </span>
    </p>
   </div>
   <div class='ocr_carea' id='block_1_2' title="bbox 720 2184 2984 2294">
    <p class='ocr_par' dir='ltr' id='par_1_3' title="bbox 720 2184 2984 2294">
     <span class='ocr_line' id='line_1_16' title="bbox 720 2184 2984 2294; baseline 0.002 -25"><span class='ocrx_word' id='word_1_100' title='bbox 720 2245 731 2260; x_wconf 87' lang='lat'><strong>·</strong></span> <span class='ocrx_word' id='word_1_101' title='bbox 862 2217 1108 2271; x_wconf 80' lang='lat' dir='ltr'>vocem</span> <span class='ocrx_word' id='word_1_102' title='bbox 1164 2197 1429 2282; x_wconf 86' lang='lat' dir='ltr'>audiat,</span> <span class='ocrx_word' id='word_1_103' title='bbox 1494 2219 1577 2270; x_wconf 78' lang='lat' dir='ltr'>ac</span> <span class='ocrx_word' id='word_1_104' title='bbox 1626 2197 2022 2293; x_wconf 78' lang='lat' dir='ltr'>resipiscat,</span> <span class='ocrx_word' id='word_1_105' title='bbox 2077 2184 2678 2294; x_wconf 80' lang='lat' dir='ltr'>quemadmodum</span> <span class='ocrx_word' id='word_1_106' title='bbox 2731 2199 2984 2273; x_wconf 84' lang='lat' dir='ltr'>catho-</span> 
     </span>
    </p>
   </div>
   <div class='ocr_carea' id='block_1_3' title="bbox 836 2308 2982 4155">
    <p class='ocr_par' dir='ltr' id='par_1_4' title="bbox 842 2308 2982 3937">
     <span class='ocr_line' id='line_1_17' title="bbox 857 2308 2976 2402; baseline 0.002 -16"><span class='ocrx_word' id='word_1_107' title='bbox 857 2314 1032 2388; x_wconf 83' lang='lat' dir='ltr'>licae</span> <span class='ocrx_word' id='word_1_108' title='bbox 1110 2308 1467 2398; x_wconf 83' lang='lat' dir='ltr'>Ecclesiae</span> <span class='ocrx_word' id='word_1_109' title='bbox 1542 2313 1764 2387; x_wconf 84' lang='lat' dir='ltr'>fllium</span> <span class='ocrx_word' id='word_1_110' title='bbox 1837 2315 2043 2388; x_wconf 90' lang='lat' dir='ltr'>decet</span> <span class='ocrx_word' id='word_1_111' title='bbox 2073 2366 2094 2402; x_wconf 91' lang='lat'>,</span> <span class='ocrx_word' id='word_1_112' title='bbox 2175 2326 2250 2390; x_wconf 87' lang='lat' dir='ltr'>et</span> <span class='ocrx_word' id='word_1_113' title='bbox 2327 2317 2426 2389; x_wconf 88' lang='lat' dir='ltr'>ita</span> <span class='ocrx_word' id='word_1_114' title='bbox 2503 2339 2636 2391; x_wconf 87' lang='lat' dir='ltr'>nos</span> <span class='ocrx_word' id='word_1_115' title='bbox 2724 2337 2976 2391; x_wconf 86' lang='lat' dir='ltr'>omnes</span> 
     </span>
     <span class='ocr_line' id='line_1_18' title="bbox 848 2429 2978 2528; baseline 0.001 -25"><span class='ocrx_word' id='word_1_116' title='bbox 848 2429 1121 2504; x_wconf 86' lang='lat' dir='ltr'>laetitia</span> <span class='ocrx_word' id='word_1_117' title='bbox 1174 2431 1457 2518; x_wconf 87' lang='lat' dir='ltr'>afficiat,</span> <span class='ocrx_word' id='word_1_118' title='bbox 1514 2454 1611 2504; x_wconf 91' lang='lat' dir='ltr'>ac·</span> <span class='ocrx_word' id='word_1_119' title='bbox 1650 2431 1964 2504; x_wconf 86' lang='lat' dir='ltr'>tamdem</span> <span class='ocrx_word' id='word_1_120' title='bbox 2018 2431 2168 2527; x_wconf 84' lang='lat' dir='ltr'>ipse</span> <span class='ocrx_word' id='word_1_121' title='bbox 2209 2430 2508 2508; x_wconf 80' lang='lat' dir='ltr'>feliciter</span> <span class='ocrx_word' id='word_1_122' title='bbox 2563 2433 2978 2528; x_wconf 82' lang='lat' dir='ltr'>experiatur</span> 
     </span>
     <span class='ocr_line' id='line_1_19' title="bbox 849 2547 2978 2648; baseline 0.004 -28"><span class='ocrx_word' id='word_1_123' title='bbox 849 2571 1064 2646; x_wconf 86' lang='lat' dir='ltr'>quam</span> <span class='ocrx_word' id='word_1_124' title='bbox 1088 2547 1505 2642; x_wconf 66' lang='lat' dir='ltr'>jucundum</span> <span class='ocrx_word' id='word_1_125' title='bbox 1558 2548 1678 2633; x_wconf 86' lang='lat' dir='ltr'>sit,</span> <span class='ocrx_word' id='word_1_126' title='bbox 1719 2571 1859 2623; x_wconf 86' lang='lat' dir='ltr'>non</span> <span class='ocrx_word' id='word_1_127' title='bbox 1917 2561 2094 2622; x_wconf 80' lang='lat' dir='ltr'>vana</span> <span class='ocrx_word' id='word_1_128' title='bbox 2128 2551 2434 2646; x_wconf 85' lang='lat' dir='ltr'>quadam</span> <span class='ocrx_word' id='word_1_129' title='bbox 2471 2561 2546 2624; x_wconf 91' lang='lat' dir='ltr'>et</span> <span class='ocrx_word' id='word_1_130' title='bbox 2579 2552 2978 2648; x_wconf 81' lang='lat' dir='ltr'>perniciosa</span> 
     </span>
     <span class='ocr_line' id='line_1_20' title="bbox 854 2663 2976 2768; baseline 0.004 -31"><span class='ocrx_word' id='word_1_131' title='bbox 854 2664 1182 2738; x_wconf 78' lang='lat' dir='ltr'>libertate</span> <span class='ocrx_word' id='word_1_132' title='bbox 1280 2665 1581 2760; x_wconf 80' lang='lat' dir='ltr'>gaudere</span> <span class='ocrx_word' id='word_1_133' title='bbox 1618 2715 1641 2752; x_wconf 92' lang='lat'>,</span> <span class='ocrx_word' id='word_1_134' title='bbox 1719 2665 1844 2738; x_wconf 87' lang='lat' dir='ltr'>sed</span> <span class='ocrx_word' id='word_1_135' title='bbox 1913 2663 2218 2742; x_wconf 91' lang='lat' dir='ltr'>Domino</span> <span class='ocrx_word' id='word_1_136' title='bbox 2301 2669 2700 2757; x_wconf 75' lang='lat' dir='ltr'>adherere,</span> <span class='ocrx_word' id='word_1_137' title='bbox 2775 2671 2976 2768; x_wconf 86' lang='lat' dir='ltr'>cujus</span> 
     </span>
     <span class='ocr_line' id='line_1_21' title="bbox 843 2784 2978 2886; baseline 0.004 -28"><span class='ocrx_word' id='word_1_138' title='bbox 843 2784 1093 2882; x_wconf 78' lang='lat' dir='ltr'>jugum</span> <span class='ocrx_word' id='word_1_139' title='bbox 1146 2807 1365 2860; x_wconf 86' lang='lat' dir='ltr'>suave</span> <span class='ocrx_word' id='word_1_140' title='bbox 1417 2787 1553 2873; x_wconf 85' lang='lat' dir='ltr'>est,</span> <span class='ocrx_word' id='word_1_141' title='bbox 1608 2796 1686 2858; x_wconf 92' lang='lat' dir='ltr'>et</span> <span class='ocrx_word' id='word_1_142' title='bbox 1735 2808 1914 2859; x_wconf 89' lang='lat' dir='ltr'>onus</span> <span class='ocrx_word' id='word_1_143' title='bbox 1965 2785 2147 2874; x_wconf 79' lang='lat' dir='ltr'>leve,</span> <span class='ocrx_word' id='word_1_144' title='bbox 2203 2787 2402 2863; x_wconf 87' lang='lat' dir='ltr'>cuius</span> <span class='ocrx_word' id='word_1_145' title='bbox 2453 2789 2732 2886; x_wconf 88' lang='lat' dir='ltr'>eloquia</span> <span class='ocrx_word' id='word_1_146' title='bbox 2783 2803 2978 2866; x_wconf 79' lang='lat' dir='ltr'>casta</span> 
     </span>
     <span class='ocr_line' id='line_1_22' title="bbox 848 2904 2976 3002; baseline 0.003 -26"><span class='ocrx_word' id='word_1_147' title='bbox 848 2906 1008 3001; x_wconf 74' lang='lat' dir='ltr'>igne</span> <span class='ocrx_word' id='word_1_148' title='bbox 1082 2905 1511 2991; x_wconf 80' lang='lat' dir='ltr'>examinata,</span> <span class='ocrx_word' id='word_1_149' title='bbox 1570 2904 1790 3000; x_wconf 85' lang='lat' dir='ltr'>cujus</span> <span class='ocrx_word' id='word_1_150' title='bbox 1860 2905 2114 2979; x_wconf 89' lang='lat' dir='ltr'>iudicia</span> <span class='ocrx_word' id='word_1_151' title='bbox 2187 2929 2379 2993; x_wconf 78' lang='lat' dir='ltr'>vera,</span> <span class='ocrx_word' id='word_1_152' title='bbox 2447 2906 2832 3002; x_wconf 82' lang='lat' dir='ltr'>justificata</span> <span class='ocrx_word' id='word_1_153' title='bbox 2899 2911 2976 2982; x_wconf 90' lang='lat' dir='ltr'>in</span> 
     </span>
     <span class='ocr_line' id='line_1_23' title="bbox 850 3019 2976 3118; baseline 0.001 -22"><span class='ocrx_word' id='word_1_154' title='bbox 850 3021 1257 3118; x_wconf 84' lang='lat' dir='ltr'>semetipsa,</span> <span class='ocrx_word' id='word_1_155' title='bbox 1314 3034 1389 3095; x_wconf 91' lang='lat' dir='ltr'>et</span> <span class='ocrx_word' id='word_1_156' title='bbox 1449 3019 1651 3116; x_wconf 86' lang='lat' dir='ltr'>cujus</span> <span class='ocrx_word' id='word_1_157' title='bbox 1711 3020 2086 3096; x_wconf 77' lang='lat' dir='ltr'>universae</span> <span class='ocrx_word' id='word_1_158' title='bbox 2143 3023 2300 3096; x_wconf 84' lang='lat' dir='ltr'>viae</span> <span class='ocrx_word' id='word_1_159' title='bbox 2363 3025 2840 3100; x_wconf 83' lang='lat' dir='ltr'>misericordia</span> <span class='ocrx_word' id='word_1_160' title='bbox 2899 3038 2976 3098; x_wconf 89' lang='lat' dir='ltr'>et</span> 
     </span>
     <span class='ocr_line' id='line_1_24' title="bbox 850 3136 2978 3234; baseline 0.001 -22"><span class='ocrx_word' id='word_1_161' title='bbox 850 3139 1140 3212; x_wconf 74' lang='lat' dir='ltr'>veritas.</span> <span class='ocrx_word' id='word_1_162' title='bbox 1207 3136 1527 3234; x_wconf 91' lang='lat' dir='ltr'>Denique</span> <span class='ocrx_word' id='word_1_163' title='bbox 1589 3139 1721 3212; x_wconf 91' lang='lat' dir='ltr'>hac</span> <span class='ocrx_word' id='word_1_164' title='bbox 1781 3139 2000 3211; x_wconf 89' lang='lat' dir='ltr'>etiam</span> <span class='ocrx_word' id='word_1_165' title='bbox 2071 3141 2438 3215; x_wconf 80' lang='lat' dir='ltr'>occasione</span> <span class='ocrx_word' id='word_1_166' title='bbox 2509 3140 2978 3215; x_wconf 84' lang='lat' dir='ltr'>libentissime</span> 
     </span>
     <span class='ocr_line' id='line_1_25' title="bbox 849 3257 2982 3355; baseline 0.002 -28"><span class='ocrx_word' id='word_1_167' title='bbox 849 3257 1144 3342; x_wconf 87' lang='lat' dir='ltr'>utimur,</span> <span class='ocrx_word' id='word_1_168' title='bbox 1197 3267 1280 3329; x_wconf 91' lang='lat' dir='ltr'>ut</span> <span class='ocrx_word' id='word_1_169' title='bbox 1330 3258 1588 3330; x_wconf 88' lang='lat' dir='ltr'>iterum</span> <span class='ocrx_word' id='word_1_170' title='bbox 1643 3267 1992 3329; x_wconf 86' lang='lat' dir='ltr'>testemur</span> <span class='ocrx_word' id='word_1_171' title='bbox 2041 3271 2118 3330; x_wconf 90' lang='lat' dir='ltr'>et</span> <span class='ocrx_word' id='word_1_172' title='bbox 2169 3257 2666 3334; x_wconf 85' lang='lat' dir='ltr'>confirmemus</span> <span class='ocrx_word' id='word_1_173' title='bbox 2699 3261 2982 3355; x_wconf 84' lang='lat' dir='ltr'>praeci-</span> 
     </span>
     <span class='ocr_line' id='line_1_26' title="bbox 842 3371 2974 3474; baseline 0.002 -29"><span class='ocrx_word' id='word_1_174' title='bbox 842 3395 1063 3468; x_wconf 89' lang='lat' dir='ltr'>puam</span> <span class='ocrx_word' id='word_1_175' title='bbox 1116 3371 1447 3448; x_wconf 85' lang='lat' dir='ltr'>Nostram</span> <span class='ocrx_word' id='word_1_176' title='bbox 1503 3374 1574 3445; x_wconf 89' lang='lat' dir='ltr'>in</span> <span class='ocrx_word' id='word_1_177' title='bbox 1631 3371 1733 3445; x_wconf 90' lang='lat' dir='ltr'>Te</span> <span class='ocrx_word' id='word_1_178' title='bbox 1784 3371 2378 3456; x_wconf 87' lang='lat' dir='ltr'>benevolentiam.</span> <span class='ocrx_word' id='word_1_179' title='bbox 2415 3373 2630 3450; x_wconf 89' lang='lat' dir='ltr'>Cuius</span> <span class='ocrx_word' id='word_1_180' title='bbox 2687 3399 2974 3474; x_wconf 73' lang='lat' dir='ltr'>quoque</span> 
     </span>
     <span class='ocr_line' id='line_1_27' title="bbox 852 3487 2974 3585; baseline 0.002 -24"><span class='ocrx_word' id='word_1_181' title='bbox 852 3487 1107 3585; x_wconf 81' lang='lat' dir='ltr'>pignus</span> <span class='ocrx_word' id='word_1_182' title='bbox 1180 3511 1337 3562; x_wconf 90' lang='lat' dir='ltr'>esse</span> <span class='ocrx_word' id='word_1_183' title='bbox 1400 3490 1728 3564; x_wconf 89' lang='lat' dir='ltr'>volumus</span> <span class='ocrx_word' id='word_1_184' title='bbox 1795 3488 2268 3585; x_wconf 87' lang='lat' dir='ltr'>Apostolicam</span> <span class='ocrx_word' id='word_1_185' title='bbox 2341 3491 2916 3568; x_wconf 84' lang='lat' dir='ltr'>Benedictionem</span> <span class='ocrx_word' id='word_1_186' title='bbox 2949 3542 2974 3579; x_wconf 93' lang='lat'>,</span> 
     </span>
     <span class='ocr_line' id='line_1_28' title="bbox 842 3604 2974 3706; baseline 0.003 -29"><span class='ocrx_word' id='word_1_187' title='bbox 842 3627 1063 3702; x_wconf 70' lang='lat' dir='ltr'>quam</span> <span class='ocrx_word' id='word_1_188' title='bbox 1132 3607 1387 3682; x_wconf 87' lang='lat' dir='ltr'>intimo</span> <span class='ocrx_word' id='word_1_189' title='bbox 1448 3608 1680 3682; x_wconf 89' lang='lat' dir='ltr'>cordis</span> <span class='ocrx_word' id='word_1_190' title='bbox 1741 3604 1994 3680; x_wconf 86' lang='lat' dir='ltr'>affectu</span> <span class='ocrx_word' id='word_1_191' title='bbox 2068 3607 2226 3682; x_wconf 86' lang='lat' dir='ltr'>Tibi</span> <span class='ocrx_word' id='word_1_192' title='bbox 2297 3610 2460 3706; x_wconf 79' lang='lat' dir='ltr'>ipsi,</span> <span class='ocrx_word' id='word_1_193' title='bbox 2535 3609 2974 3688; x_wconf 78' lang='lat' dir='ltr'>Venerabilis</span> 
     </span>
     <span class='ocr_line' id='line_1_29' title="bbox 842 3721 2976 3826; baseline 0.003 -31"><span class='ocrx_word' id='word_1_194' title='bbox 842 3721 1089 3798; x_wconf 81' lang='lat' dir='ltr'>Frater</span> <span class='ocrx_word' id='word_1_195' title='bbox 1130 3777 1151 3812; x_wconf 90' lang='lat'>,</span> <span class='ocrx_word' id='word_1_196' title='bbox 1210 3735 1285 3798; x_wconf 88' lang='lat' dir='ltr'>et</span> <span class='ocrx_word' id='word_1_197' title='bbox 1346 3726 1537 3823; x_wconf 78' lang='lat' dir='ltr'>gregi</span> <span class='ocrx_word' id='word_1_198' title='bbox 1595 3737 1760 3799; x_wconf 90' lang='lat' dir='ltr'>tuae</span> <span class='ocrx_word' id='word_1_199' title='bbox 1819 3749 2028 3800; x_wconf 87' lang='lat' dir='ltr'>curae</span> <span class='ocrx_word' id='word_1_200' title='bbox 2089 3730 2470 3805; x_wconf 88' lang='lat' dir='ltr'>commisso</span> <span class='ocrx_word' id='word_1_201' title='bbox 2521 3741 2976 3826; x_wconf 81' lang='lat' dir='ltr'>peramanter</span> 
     </span>
     <span class='ocr_line' id='line_1_30' title="bbox 844 3841 1319 3937; baseline -0.002 -22"><span class='ocrx_word' id='word_1_202' title='bbox 844 3841 1319 3937; x_wconf 79' lang='lat' dir='ltr'>impertimus.</span> 
     </span>
    </p>

    <p class='ocr_par' dir='ltr' id='par_1_5' title="bbox 836 3949 2964 4155">
     <span class='ocr_line' id='line_1_31' title="bbox 862 3949 2964 4060; baseline 0.005 -32"><span class='ocrx_word' id='word_1_203' title='bbox 862 3986 877 4028; x_wconf 84' lang='lat'>.·</span> <span class='ocrx_word' id='word_1_204' title='bbox 994 3957 1259 4036; x_wconf 83' lang='lat' dir='ltr'>Datum</span> <span class='ocrx_word' id='word_1_205' title='bbox 1312 3962 1583 4037; x_wconf 88' lang='lat' dir='ltr'>Romae</span> <span class='ocrx_word' id='word_1_206' title='bbox 1636 3963 1824 4060; x_wconf 87' lang='lat' dir='ltr'>apud</span> <span class='ocrx_word' id='word_1_207' title='bbox 1873 3962 1950 4038; x_wconf 86' lang='lat' dir='ltr'>S.</span> <span class='ocrx_word' id='word_1_208' title='bbox 1983 3949 2302 4037; x_wconf 63' lang='lat' dir='ltr'>&#39;Petrum</span> <span class='ocrx_word' id='word_1_209' title='bbox 2351 3964 2589 4040; x_wconf 76' lang='lat' dir='ltr'>dia-11</span> <span class='ocrx_word' id='word_1_210' title='bbox 2657 3963 2964 4042; x_wconf 86' lang='lat' dir='ltr'>Decem-</span> 
     </span>
     <span class='ocr_line' id='line_1_32' title="bbox 836 4075 1523 4155; baseline 0.003 -5"><span class='ocrx_word' id='word_1_211' title='bbox 836 4075 985 4154; x_wconf 84' lang='lat' dir='ltr'>bris</span> <span class='ocrx_word' id='word_1_212' title='bbox 1038 4077 1240 4155; x_wconf 87' lang='lat' dir='ltr'>Anno</span> <span class='ocrx_word' id='word_1_213' title='bbox 1302 4085 1523 4154; x_wconf 76' lang='lat'><strong>1862.</strong></span> 
     </span>
    </p>
   </div>
   <div class='ocr_carea' id='block_1_4' title="bbox 856 4193 2626 4300">
    <p class='ocr_par' dir='ltr' id='par_1_6' title="bbox 856 4193 2626 4300">
     <span class='ocr_line' id='line_1_33' title="bbox 856 4193 2626 4300; baseline 0.003 -31"><span class='ocrx_word' id='word_1_214' title='bbox 856 4255 863 4261; x_wconf 85' lang='lat'><em>.</em></span> <span class='ocrx_word' id='word_1_215' title='bbox 988 4193 1445 4272; x_wconf 87' lang='lat' dir='ltr'>Pontificatus</span> <span class='ocrx_word' id='word_1_216' title='bbox 1494 4197 1730 4274; x_wconf 83' lang='lat' dir='ltr'>Nostri</span> <span class='ocrx_word' id='word_1_217' title='bbox 1783 4225 1970 4277; x_wconf 87' lang='lat' dir='ltr'>anno</span> <span class='ocrx_word' id='word_1_218' title='bbox 2019 4204 2626 4300; x_wconf 84' lang='lat' dir='ltr'>decimoseptimo.</span> 
     </span>
    </p>
   </div>
   <div class='ocr_carea' id='block_1_5' title="bbox 3282 639 3288 1212">
    <p class='ocr_par' dir='ltr' id='par_1_7' title="bbox 3282 639 3288 1212">
     <span class='ocr_line' id='line_1_34' title="bbox 3282 639 3288 1212; baseline 0 0"><span class='ocrx_word' id='word_1_219' title='bbox 3282 639 3288 1212; x_wconf 95' lang='lat' dir='ltr'> </span> 
     </span>
    </p>
   </div>
  </div>
 </body>
</html>
