3317 5267
869 431 1017 502 488

863 556 1020 618 tum
1073 551 1186 616 est
1235 553 1717 616 transversum
1770 539 2037 640 lignum
2072 593 2091 628 ,
2148 539 2260 613 cui
2313 539 2703 636 paullulum
2766 541 2981 615 diva-

863 660 1064 734 ricati
1113 659 1328 755 pedes
1367 658 1787 732 incumbunt
1826 683 1844 729 ε
1918 681 2159 732 rui-sus
2213 659 2284 730 in
2350 659 2657 732 mediam
2696 681 2991 732 crucem

868 776 1170 852 inditum
1223 777 1578 873 prominet
1615 777 1942 873 tigillum,
1975 775 2162 874 quod
2200 776 2386 850 inter
2420 775 2737 850 crucifixi
2780 799 2993 850 sum-

866 915 986 968 ma
1011 916 1214 969 crura
1241 895 1584 968 insertum
1653 892 1845 966 velut
1894 895 2333 990 equitantem
2386 894 2716 966 sustinet.
2750 892 2991 966 Clavis

785 1101 790 1109 .
867 1033 1118 1084 manus
1171 1011 1524 1107 pedesque
1577 1033 1718 1084 non
1768 1009 2135 1107 configunt
2176 1031 2201 1096 ;
2282 1008 2407 1082 sed
2470 1007 2756 1082 funibus
2788 1061 2809 1095 ,
2877 1009 2993 1082 vel

869 1128 1164 1202 manicis
1215 1126 1620 1223 pedicisque
1672 1124 1917 1198 ferreis
1970 1125 2263 1221 alligant
2296 1135 2373 1196 et
2428 1125 2687 1198 collum
2722 1126 2990 1200 circulo

871 1244 1100 1319 ferreo
1151 1267 1233 1316 ac
1287 1244 1595 1317 medium
1651 1265 1863 1337 saepe
1917 1265 2171 1338 corpus
2232 1241 2421 1316 cruci
2501 1242 2986 1338 adstringunt.

877 1362 1008 1436 Ubi
1063 1387 1221 1438 reos
1255 1363 1446 1436 hunc
1481 1363 1550 1434 in
1591 1363 1881 1435 modum
1926 1363 2415 1458 applicuerunt
2450 1360 2777 1435 funestae
2808 1361 2993 1434 trabi

873 1491 949 1554 et
999 1482 1068 1551 in
1123 1491 1443 1575 paratam
1495 1477 1817 1552 scrobem
1872 1502 2047 1553 crux
2100 1479 2419 1552 immissa
2472 1481 2677 1554 stetit
2712 1531 2733 1567 ‚
2786 1480 2997 1554 lictor

877 1619 1058 1672 unus
1109 1599 1426 1672 lanceam
1476 1597 1933 1693 praelongam
1986 1597 2203 1693 adigit
2254 1621 2293 1670 a
2325 1597 2625 1670 dextero
2660 1597 2881 1670 latere
2922 1599 2995 1670 in

877 1716 1294 1790 sinistrum:
1353 1713 1711 1787 interdum
1790 1715 1995 1788 lictor
2076 1713 2257 1786 alter
2290 1735 2332 1784 a
2393 1713 2683 1786 sinistro
2768 1713 2993 1787 latere

879 1834 952 1905 in
1004 1834 1374 1907 dexterum
1429 1853 1700 1904 sacram
1752 1831 2119 1926 cuspidem
2156 1829 2503 1925 obliquat.
2543 1828 2765 1905 Porro
2804 1832 2994 1904 nuda

879 1953 952 2023 in
1024 1972 1303 2024 crucem
1356 1973 1650 2046 corpora
1714 1973 1853 2024 non
1888 1948 2113 2046 figunt
2155 1973 2173 2018 ε
2230 1946 2339 2020 fas
2374 1947 2753 2044 unicuique
2790 1967 2996 2022 suam

881 2071 1184 2143 retinere
1238 2081 1540 2155 vestem,
1596 2072 1741 2143 imo
1792 2089 2008 2164 quam
2060 2067 2529 2140 lautissimam
2586 2077 2663 2137 et
2696 2069 2993 2140 ornatis-

885 2191 1138 2262 simam
1193 2185 1463 2260 afferre.
1523 2185 1791 2261 Eodem
1842 2209 2131 2282 prorsus
2186 2183 2397 2258 modo
2452 2183 2761 2259 Minores
2834 2207 2999 2281 pro·

885 2307 1084 2401 priis,
1137 2305 1352 2378 ceteri
1391 2303 1861 2378 saecularibus
1900 2302 2219 2378 vestibus
2245 2302 2435 2375 diem
2471 2302 2711 2376 obiere
2746 2325 2999 2399 supre-

886 2447 1084 2496 mum
1138 2423 1460 2498 crucibus
1503 2421 1731 2496 xxv!
1772 2423 2016 2498 ordine
2050 2424 2315 2497 directo
2354 2421 2585 2497 suffixi
2618 2421 2845 2498 tribus
2880 2437 3007 2498 aut

885 2553 1188 2639 quatuor
1241 2539 1566 2635 passibus
1624 2539 1807 2612 inter
1858 2563 1935 2612 se
1986 2539 2344 2634 disjuncti.

1042 2658 1104 2750 §-
1165 2659 1291 2731 35.
1345 2653 1689 2745 Quamvis
1716 2656 1961 2751 ingens
1992 2669 2185 2728 esset
2220 2655 2530 2728 militum
2558 2655 2789 2752 copia,
2818 2679 2999 2754 quae

893 2772 1322 2868 impediebat
1371 2773 1751 2868 quominus
1802 2771 2183 2867 quisquam
2238 2772 2668 2868 martyribus
2718 2795 2799 2846 se
2876 2796 3005 2869 ap-

892 2892 1418 2989 propinquaret,
1476 2903 1717 2964 tamen
1772 2891 2087 2962 maxima
2142 2889 2527 2964 multitudo
2578 2902 3010 2965 convenerat

889 3025 1047 3085 tum
1101 3010 1572 3097 ethnicorum,
1630 3024 1784 3081 tum
1840 3006 2419 3081 christianorum.
2474 3005 2613 3097 Qui
2662 3011 3011 3105 postremi

889 3151 1174 3204 summo
1227 3128 1709 3202 afficiebantur
1760 3127 2039 3222 gaudio,
2093 3126 2459 3200 audientes
2514 3124 2727 3198 verba
2779 3125 2873 3198 ab
2924 3127 3013 3200 il-

892 3248 980 3320 lis
1031 3247 1330 3342 prolata,
1386 3243 1742 3342 quomodo
1794 3243 1941 3315 suis
1978 3242 2235 3338 singuli
2269 3241 2797 3316 crucifixoribus
2832 3265 3013 3338 par-

899 3375 1165 3450 ceu-ent,
1224 3363 1518 3457 ipsoque
1569 3362 1637 3432 in
1678 3359 1931 3432 mortis
1980 3382 2205 3454 agone
2243 3381 2467 3434 novos
2510 3355 2795 3432 Christo
2830 3357 3011 3432 filios

897 3481 1046 3554 suis
1071 3478 1304 3552 verbis
1329 3489 1685 3574 parerent.
1717 3477 1884 3552 Mox
1921 3475 2263 3551 Martinez
2316 3475 2711 3572 Episcopus
2738 3475 2827 3548 ad
2860 3476 3015 3549 col-

897 3598 1038 3671 lem
1099 3597 1319 3680 venit,
1371 3593 1626 3690 positis
1680 3595 1882 3666 humi
1936 3592 2235 3690 genibus
2288 3603 2641 3688 martyres
2716 3601 2829 3665 est
2888 3615 3017 3664 ve-

901 3723 1214 3798 neratus,
1246 3721 1460 3806 atque
1515 3709 1699 3784 illico
1736 3711 1973 3807 coepit
2002 3709 2197 3783 locus
2234 3729 2389 3782 esse
2427 3706 2755 3783 omnibus
2792 3729 3013 3780 sacer.

895 3830 1245 3906 Miraculis
1293 3839 1368 3902 et
1419 3829 1754 3924 prodigiis
1807 3828 1993 3901 clare
2030 3825 2221 3900 Deus
2272 3827 2425 3923 ipse
2452 3825 2767 3900 ostendit
2800 3847 3015 3922 quam

897 3959 1228 4047 pergrata
1276 3944 1410 4020 sibi
1462 3943 1683 4018 fuerit
1734 3957 1845 4020 tot
1898 3954 2291 4040 martyrum
2322 3943 2547 4039 copia.

1053 4067 1116 4160 §.
1175 4067 1300 4139 36.
1360 4062 1769 4160 Aliquorum
1826 4062 2110 4160 sanguis
2164 4072 2328 4158 post
2396 4081 2681 4134 menses
2758 4081 3019 4135 novem

895 4184 1201 4282 liquidus
1253 4207 1335 4260 ac
1389 4182 1570 4256 tabis
1621 4203 1879 4278 expers
1914 4182 2264 4278 apparuit.
2314 4177 2720 4254 Vehemens
2777 4177 3021 4251 imbris
