3317 5267
1840 543 1852 554 ,
2344 471 2433 543 13

299 610 392 661 ne
445 580 1034 681 praetermittatis
1085 584 1416 654 accurate
1471 580 1819 677 inspicere
1870 579 2087 656 libros
2158 606 2434 673 omnes,

303 714 380 777 et
432 701 586 777 illos
640 698 1088 795 praesertim,
1127 696 1251 794 qui
1299 697 1390 770 de
1440 695 1980 792 philosophicis,
2026 698 2441 799 theologicis

301 815 666 913 sacrisque
719 813 958 902 rebus,
1001 836 1084 887 ac
1118 813 1210 887 de
1245 813 1396 887 iure
1435 822 1592 886 tum
1631 814 2001 903 canonico,
2044 826 2199 889 tum
2248 816 2439 891 civili

304 946 554 1031 agunt.
622 932 862 1006 Nostis
915 942 1157 1005 autem
1210 929 1637 1026 episcopalis
1688 954 1975 1028 quoque
2014 935 2237 1007 vestri
2288 958 2443 1009 mu-

303 1049 498 1123 neris
552 1070 708 1123 esse
733 1047 1132 1121 veneranda
1167 1043 1530 1121 Ecclesiae
1557 1045 1709 1119 iura
1740 1059 2041 1123 constan
2052 1058 2162 1123 ter
2218 1051 2437 1125 tutari

307 1181 382 1245 et
433 1168 818 1255 vindicare,
875 1168 1174 1266 eiusque
1223 1166 1414 1242 hona
1467 1166 1687 1255 tueri,
1754 1191 1839 1243 ac
1884 1180 2125 1247 rectae
2158 1170 2441 1247 illorum

305 1286 902 1363 administrationi
953 1285 1200 1364 sedulo
1251 1284 1652 1373 consulere,
1692 1308 1779 1361 ac
1812 1308 2266 1384 summopere
2318 1314 2443 1365 ca·-

306 1426 502 1491 vere,
559 1416 642 1477 ut
691 1405 808 1501 pia
861 1402 1239 1478 Missamm
1292 1403 1717 1499 praesertim
1768 1402 2035 1499 legata,
2102 1415 2177 1478 et
2226 1430 2441 1481 onera

311 1535 636 1599 accurate
685 1531 1090 1607 serventur,
1147 1542 1232 1593 ac
1279 1518 1626 1614 religiose
1676 1519 2107 1617 impleantur
2130 1574 2155 1610 ‚
2192 1523 2443 1620 quavis

311 1640 552 1718 fraude
583 1695 605 1731 ‚
665 1643 1000 1738 turpique
1052 1638 1248 1713 lucro
1303 1639 1586 1734 penitus
1666 1651 1935 1715 amoto.
1993 1639 2239 1739 Neque
2297 1640 2439 1717 Vos

312 1760 654 1857 praeterit
678 1780 820 1856 qua
855 1754 1148 1831 solertia
1171 1778 1254 1830 ac
1281 1755 1673 1852 sagacitate
1710 1757 2113 1853 prospicere
2136 1758 2438 1848 debetis,

311 1890 396 1952 ut
431 1878 504 1950 in
533 1873 908 1973 episcopali
945 1874 1286 1971 cuiusque
1324 1884 1648 1948 vestrum
1678 1870 1885 1947 Curia
1921 1874 2205 1971 negotia
2242 1876 2439 1949 omni

310 1994 580 2068 iustitia
608 2046 630 2082 ‚
687 1992 1044 2090 aequitate
1097 2000 1176 2065 et
1227 1990 1606 2064 honestate
1662 2000 2081 2066 tractentur.
2136 1991 2436 2090 Itaque,

313 2114 766 2191 venerabiles
817 2112 1130 2201 Fratres,
1187 2112 1435 2187 sedulo
1485 2123 1759 2201 curate,
1814 2125 1899 2186 ut
1948 2114 2023 2188 in
2076 2116 2445 2213 episcopa·-

309 2232 492 2307 libus
545 2232 803 2307 vestris
853 2228 1086 2306 Curiis
1137 2229 1188 2303 ii
1227 2240 1514 2303 tantum
1553 2242 1935 2303 versentur
1970 2232 2131 2320 viri,
2171 2234 2293 2329 qui
2330 2226 2443 2310 viss

315 2362 430 2424 tae
465 2350 902 2447 integritate,
933 2369 1314 2444 rerumque
1351 2346 1833 2444 gerendarum
1873 2349 2128 2446 peritia
2162 2350 2440 2448 probati

311 2470 737 2546 demandata
788 2467 922 2541 sibi
973 2490 1016 2540 a
1071 2464 1288 2541 Vobis
1352 2488 1652 2541 munera
1712 2469 1889 2542 scite
1920 2521 1943 2558 ,
2000 2468 2441 2568 honesteque

315 2590 512 2667 obire
563 2590 862 2686 possint.
923 2584 1155 2684 Atque
1207 2585 1326 2659 hic
1359 2608 1402 2658 a
1442 2583 1665 2661 Vobis
1717 2586 2184 2663 vehementer
2216 2612 2444 2686 expo-

313 2711 604 2798 scimus,
641 2720 728 2783 ut
761 2706 1270 2783 ecclesiasticas
1305 2726 1552 2780 causas
1605 2705 1697 2779 ad
1751 2718 1989 2780 vestra
2037 2706 2441 2782 Tribunalia

313 2821 404 2901 cx
454 2826 831 2899 Sacrorum
884 2820 1256 2897 Canonum
1318 2821 1763 2919 praescripto
1814 2833 1889 2896 et
1914 2848 1919 2855 ’
1941 2820 2441 2899 conventionis

317 2944 384 3016 vi
419 2943 858 3039 pertinentes
907 2963 1073 3015 cum
1151 2940 1470 3013 maxima
1549 2939 1918 3037 diligentia
1969 2953 2044 3017 et
2112 2942 2441 3017 examine

317 3062 650 3148 noscatis,
687 3059 1037 3148 iudicetis,
1093 3080 1176 3133 ac
1229 3057 1440 3132 simul
1491 3050 1963 3150 contendatis,
2016 3071 2101 3135 ut
2150 3072 2445 3135 senten-

319 3178 460 3253 tiae
483 3178 796 3255 debitam
827 3178 1324 3255 executionem
1355 3178 1648 3253 omnino
1676 3177 2009 3267 habeant,
2040 3190 2115 3253 et
2141 3180 2214 3251 in
2253 3179 2443 3253 hunc

315 3296 528 3371 finem
561 3350 582 3385 ,
637 3297 916 3395 quoties
967 3318 1146 3391 opus
1197 3293 1464 3385 fuerit,
1517 3296 1745 3371 civilis
1794 3296 2173 3392 potestatis
2222 3318 2439 3397 opem

313 3416 794 3515 auxiliumque
829 3412 1246 3511 imploretis.
1287 3413 1440 3486 Iam
1476 3436 1650 3487 vero
1684 3436 1849 3488 cum
1886 3413 2267 3510 Regulares
2304 3414 2441 3487 viri

311 3532 684 3632 Episcopis
734 3534 882 3609 dati
933 3532 1080 3607 sint
1129 3531 1486 3605 adiutores
1539 3530 1614 3603 in
1694 3528 2107 3607 Dominicae
2190 3532 2441 3633 vineae

313 3652 592 3728 cultura
621 3707 642 3740 ‚
697 3652 918 3728 veluti
977 3661 1224 3727 monet
1278 3650 1701 3725 immortalis
1756 3651 2142 3725 memoriae
2192 3650 2445 3725 Bene-

317 3771 555 3845 dictus
602 3770 791 3845 xlv.
848 3770 1198 3847 Decessor
1247 3768 1508 3843 Noster
1561 3763 1697 3867 (ἵ),
1752 3779 1911 3843 tum
1959 3778 2309 3866 quantum
2366 3769 2443 3841 in

321 3887 538 3965 Vobis
589 3901 704 3963 est
732 3942 753 3977 ,
807 3912 900 3964 ne
951 3886 1446 3964 intermittatis
1505 3886 1901 3984 Religiosos
1978 3878 2173 3983 ipsos'
2250 3886 2445 3961 viros

171 4072 234 4097 ,
318 4028 636 4095 monere,
667 4020 742 4081 et
769 4007 1156 4095 exhortari,
1189 4018 1270 4081 ut
1309 4006 1608 4081 illustria
1643 4004 1937 4080 Pati-um
1986 4026 2279 4081 suorum
2312 4026 2447 4079 ve-

329 4126 536 4223 stigia
587 4135 975 4214 sectantem,
1029 4125 1356 4222 exempla
1391 4124 1858 4213 aemulantes,
1896 4147 2078 4221 quae
2114 4118 2263 4199 Deo
2315 4146 2449 4198 vo·-

487 4384 564 4464 (1)
609 4384 859 4451 constit.
914 4410 936 4440 ι
983 4384 1250 4469 Impositi
1289 4384 1497 4449 Nobis.
1547 4406 1575 4445 n
1621 4382 1699 4449 lll
1740 4382 1873 4451 Kal.
1898 4376 2115 4451 ‘Martii
2158 4380 2340 4447 1746.
