3317 5267
881 419 1026 492 no
1464 523 1721 620 PIVS
1778 519 2391 616 EPISCOPVS

1577 921 1797 972 BBBVUS
1834 921 2137 969 stnvonuu
2174 919 2275 967 mu

1463 1151 1534 1198 ΑΙ)
1577 1149 1907 1198 numum!
1947 1149 2038 1195 RB!
2078 1145 2383 1195 ulons!

874 1597 936 1692 g.
1005 1601 1074 1670 1.
1133 1509 1487 1673 Infinitus
1537 1615 1618 1669 ac
1670 1611 1854 1691 pene
1906 1593 2327 1668 incredibilis
2386 1601 2783 1688 martyrum
2836 1609 3001 1663 nu·-

870 1735 1134 1802 meruS,
1189 1713 1312 1811 qui
1347 1713 1629 1809 proprio
1653 1712 1995 1811 sanguine
2032 1710 2295 1786 Christi
2320 1711 2743 1799 doctrinam,
2772 1729 2995 1805 quam

867 1829 1166 1927 professi
1218 1829 1527 1915 fuerant,
1581 1827 2117 1915 confirmarunt,
2158 1826 2611 1924 splendidum
2644 1824 2999 1921 pulcher-

866 1947 1272 2043 rimamque
1323 1957 1436 2020 est
1460 1943 1743 2020 divinae
1778 1944 2232 2020 revelationis
2270 1955 2799 2042 argumentum.
2840 1939 2997 2014 Ho-

869 2065 1100 2139 mines
1153 2063 1348 2138 enim
1397 2061 1917 2159 cujuscumque
1942 2060 2229 2158 gradus,
2268 2083 2511 2147 sexus,
2540 2059 2823 2146 aetatis,
2862 2079 3003 2131 na·-

869 2181 1083 2255 tionis
1135 2178 1489 2255 bonorum
1542 2179 1895 2273 rapinam,
1927 2177 2245 2267 exilium,
2288 2175 2589 2264 vincula,
2642 2175 2999 2250 cruciatus

869 2307 1320 2394 mortemque
1371 2295 1602 2390 ipsam
1657 2295 1853 2390 passi
1904 2306 2100 2382 sunt,
2156 2319 2385 2394 neque
2462 2294 2603 2368 ulla
2672 2293 2745 2365 in
2824 2291 3001 2366 orbe

871 2421 1217 2486 terrarum
1269 2410 1462 2506 regio
1513 2418 1626 2483 est
1682 2419 1833 2482 tam
1884 2409 2131 2486 dissita
2208 2422 2427 2508 atque
2482 2433 2525 2482 a
2578 2407 2783 2484 nobis
2832 2409 2999 2482 dis·-

861 2529 1108 2627 juncta
1145 2579 1168 2616 ‚
1224 2551 1406 2625 quae
1459 2526 1805 2626 evangelii
1875 2528 2031 2604 luce
2067 2531 2419 2604 illustrata
2452 2529 2543 2604 de
2594 2539 2999 2625 martyrum

869 2667 1164 2722 suorum
1217 2645 1498 2742 agmine
1553 2667 1699 2720 non
1750 2645 2023 2742 optime
2074 2647 2403 2720 laetetur.
2460 2643 2771 2734 Habent,
2834 2647 3001 2744 quis

869 2759 1290 2838 inficiabitur
1316 2758 1358 2833 ἰ’
1409 2760 1746 2837 haeretici
1784 2786 1951 2839 suos
1988 2777 2365 2862 martyres,
2404 2763 2674 2838 habent
2706 2787 2995 2862 quoque

865 2879 1130 2956 ethnici
1181 2891 1398 2977 atque
1449 2879 1789 2954 increduli
1828 2903 1854 2968 ;
1908 2881 2035 2956 sed
2076 2903 2308 2979 neque
2360 2903 2687 2970 numero,
2760 2903 2995 2979 neque

867 3001 1138 3074 virtute
1171 3021 1340 3074 cum
1369 2999 1634 3074 nostris
1657 2998 2065 3075 conferendi
2094 3011 2289 3074 sunt.
2320 3000 2751 3098 Sanguinem
2782 3023 2997 3074 suum

860 3114 1256 3194 fundebant
1313 3139 1458 3192 non
1509 3139 1642 3214 pro
1680 3115 1991 3204 Christo,
2021 3118 2145 3192 sed
2180 3129 2431 3192 contra
2464 3117 2857 3206 Clu-istum,
2888 3119 2999 3192 uti

863 3235 1074 3333 pallio
1123 3234 1260 3310 hoc
1307 3233 1650 3322 dealbati,
1708 3233 2103 3331 Augustino
2154 3247 2443 3310 auctore
2477 3286 2502 3323 ,
2564 3233 2739 3310 alios
2790 3255 2999 3310 com-
3038 3267 3053 3284 ·

859 3351 1140 3424 modius
1189 3350 1636 3446 deciperent,
1688 3351 2107 3449 animasque
2158 3375 2405 3426 eorum
2430 3349 2627 3426 caelo
2680 3349 2995 3424 inferen-

853 3465 984 3538 das
1035 3461 1318 3538 Christo
1369 3465 1903 3562 praeriperent.
1963 3465 2120 3542 Non
2172 3467 2336 3554 hoc,
2390 3467 2519 3541 sed
2574 3489 2743 3540 vero
2776 3477 2993 3564 atque

857 3581 980 3680 pio
1029 3581 1362 3677 martyrii
1413 3581 1779 3657 desiderio
1832 3583 2327 3660 ardentissime
2376 3583 2677 3681 &grans
2726 3607 2997 3680 pauper

861 3699 978 3775 ille
1031 3699 1470 3787 Franciscus,
1509 3721 1735 3798 quem
1774 3698 2131 3774 labentem
2168 3699 2563 3775 Ecclesiam
2594 3699 3001 3774 lateranen-

855 3841 1010 3894 sem
1059 3819 1208 3894 suis
1255 3817 1578 3894 humeris
1633 3817 2093 3894 Innocentius
2150 3819 2247 3894 111
2298 3817 2803 3894 Praedeoessor
2858 3817 2997 3894 No-

857 3949 1008 4012 ster
1055 3937 1406 4012 sustinere
1457 3936 1862 4034 conspexit,
1914 3960 2060 4013 non
2116 3939 2335 4012 modo
2368 3937 2525 4034 ipse
2548 3935 2829 4033 Syriam
2854 3960 2995 4010 nn-

857 4053 968 4127 dis
1017 4053 1312 4148 pedihus
1361 4053 1797 4152 peragravit,
1860 4053 2313 4151 Aegyptique
2346 4053 2635 4130 Soldani
2670 4051 2985 4128 benevo-

855 4169 1152 4244 lentiam
1199 4191 1486 4246 summo
1537 4169 1947 4246 animarum
2004 4169 2489 4247 emolumento
2524 4169 2659 4244 sibi
2692 4191 2989 4267 compa-
