3317 5267
335 572 755 669 pienterque
808 586 1199 643 asseruere.
1256 566 1453 659 Quae
1504 566 1904 666 praeclarae
1989 582 2266 650 vestrae
2298 624 2319 660 ,
2377 596 2458 647 ac

332 688 653 763 fidelium
702 683 1283 783 significationes,
1337 688 1545 761 omni
1594 696 1790 761 certe
1839 685 2046 763 laude
2117 710 2202 763 ac
2250 710 2462 784 prae-

330 806 687 881 dicatione
736 800 1205 889 decorandae‚
1258 811 1337 875 et
1386 802 1621 877 aureis
1671 805 1862 879 notis
1915 806 1990 878 in
2063 804 2456 880 catholicae

328 922 689 998 Ecclesiae
740 920 943 996 fastis
990 920 1477 997 inscribendae
1528 924 1633 995 ita
1683 922 1828 999 Nos
1879 935 2452 1013 commovenmt,

336 1052 423 1115 ut
470 1064 617 1116 non
664 1040 1109 1139 potuerimus
1134 1063 1281 1116 nou
1306 1040 1497 1116 laete
1522 1039 1922 1117 exclamare
1958 1068 1994 1114 α
2029 1040 2458 1117 Benedictus

334 1156 529 1231 Deus
566 1171 633 1230 et
664 1154 887 1231 Pater
922 1155 1217 1231 Domini
1254 1156 1484 1231 nostri
1512 1154 1678 1231 Iesu
1716 1156 2016 1248 Christi,
2057 1158 2280 1235 Peter
2313 1162 2462 1234 mi·-

332 1274 897 1349 sericordiarum
948 1288 1015 1347 et
1068 1272 1263 1349 Deus
1312 1274 1529 1349 totius
1564 1274 2102 1366 consolationis,
2137 1276 2267 1377 qui
2301 1301 2462 1353 con-

332 1386 605 1467 solatur
628 1389 777 1467 Nos
812 1392 893 1465 in
930 1393 1129 1465 omni
1162 1390 1623 1466 tribulatione
1646 1405 1924 1466 nostra.
1963 1418 1998 1465 a
2041 1392 2230 1469 Nihil
2265 1397 2458 1470 enim

336 1508 553 1585 Nobis
588 1510 775 1585 inter
826 1510 1307 1607 gravissimas,
1336 1508 1595 1608 quibus
1632 1512 2056 1608 premimur,
2093 1514 2458 1611 angustias

329 1628 625 1724 gratius,
666 1628 841 1702 nihil
870 1627 1268 1716 iucundius,
1296 1628 1615 1727 nihilque
1644 1630 1960 1727 optatius
1987 1652 2148 1707 esse
2172 1640 2461 1729 poterat

328 1766 549 1843 quam
600 1746 863 1821 intueri
912 1768 1057 1842 quo
1134 1746 1688 1823 concordissimo
1765 1759 1982 1846 atque
2061 1747 2460 1823 admirabili

326 1864 565 1939 studio
621 1861 769 1939 Vos
819 1882 1071 1938 omnes
1099 1914 1123 1952 ,
1180 1862 1635 1939 Venerabiles
1690 1862 1976 1941 Fratres
2015 1918 2038 1954 ,
2095 1865 2184 1941 ad
2235 1865 2450 1942 huius

331 1980 411 2055 S.
464 1980 669 2057 Sedis
720 1982 873 2055 iura
925 1980 1229 2056 tutanda
1290 1981 1589 2055 animati
1639 1993 1718 2057 et
1769 1982 2039 2057 incensi
2091 1982 2268 2059 estis
2308 2030 2331 2071 ‚
2385 1994 2464 2059 et

328 2122 472 2198 qua
520 2100 803 2199 egregia
852 2100 1225 2175 voluntate
1276 2098 1517 2175 fideles
1566 2124 1778 2176 curae
1850 2113 2130 2177 vestrae
2209 2102 2454 2179 traditi

332 2218 408 2293 in
462 2218 773 2317 idipsum
822 2218 1259 2315 conspirant.
1324 2216 1425 2293 Ae
1498 2240 1627 2315 per
1683 2216 1830 2293 Vos
1893 2219 2032 2315 ipsi
2083 2218 2198 2293 vel
2249 2218 2454 2308 facile

326 2334 763 2432 cogitatione
814 2334 1103 2431 assequi
1153 2334 1459 2431 potestis
1509 2355 1730 2433 quam
1803 2333 2272 2411 vehementer
2325 2358 2462 2432 pa·-

332 2465 539 2529 terna
590 2451 853 2529 Nostra
900 2454 977 2525 in
1028 2474 1185 2540 vos,
1242 2462 1458 2551 atque
1510 2452 1585 2526 in
1638 2454 1833 2551 ipsos
1884 2452 2277 2529 catholicos
2329 2452 2462 2529 be·-

324 2594 421 2647 ne
430 2570 737 2647 volentia
784 2572 1043 2647 merito
1121 2580 1337 2667 atque
1418 2570 1695 2667 optimo
1747 2571 1901 2648 iure
1951 2570 2026 2645 in
2099 2572 2252 2648 dies
2333 2594 2465 2647 au·

332 2701 607 2787 geatur.

488 2806 676 2884 Dum
730 2832 899 2886 vero
952 2820 1104 2883 tam
1156 2809 1537 2885 mirificum
1589 2821 1945 2899 vestrum,
2021 2822 2098 2886 et
2149 2809 2461 2887 fidelium

330 2950 503 3026 erga
556 2926 699 3003 Nos
752 2940 829 3002 et
876 2927 1063 3003 hanc
1097 2926 1437 3003 Sanctam
1474 2926 1738 3002 Sedem
1773 2929 2092 3005 studium
2131 2940 2210 3005 et
2259 2952 2462 3006 amor

328 3045 673 3122 Nostrum
724 3044 992 3121 lenibat
1042 3045 1361 3121 dolorem
1418 3098 1441 3133 ,
1495 3068 1686 3121 nova
1759 3045 2040 3121 aliunde
2127 3047 2464 3123 tristitiae

329 3166 630 3241 accessit
681 3184 919 3239 eausa.
976 3162 1224 3261 ltaque
1277 3163 1407 3237 has
1447 3160 1668 3237 Vobis
1703 3161 2082 3237 scribimus
2114 3161 2460 3252 Litteras,

332 3295 417 3367 ut
470 3284 543 3358 in
597 3282 784 3358 tanti
832 3282 1185 3357 momenti
1234 3304 1312 3355 re
1366 3280 1587 3354 animi
1640 3278 1879 3355 Nostri
1932 3296 2184 3355 sensus
2240 3278 2460 3355 Vobis

328 3400 405 3473 in
456 3400 703 3498 primis
757 3400 989 3476 denuo
1040 3397 1397 3474 notissimi
1450 3397 1622 3471 sint.
1694 3396 1936 3493 Nuper
2000 3397 2460 3495 quemadmo-

330 3519 507 3595 dum
558 3517 797 3615 plures
847 3540 939 3591 ex
993 3514 1211 3591 Vobis
1264 3514 1408 3588 iam
1462 3515 1822 3604 noverint,
1863 3536 1992 3612 per
2025 3513 2460 3591 Parisienses

330 3634 825 3733 ephemerides
863 3685 887 3723 ‚
943 3634 1201 3733 quibus
1252 3633 1505 3709 titulus
1565 3660 1601 3706 α
1662 3632 2018 3709 Moniteur
2073 3658 2108 3703 »
2169 3633 2464 3732 vulgata

329 3755 471 3830 fuit
520 3752 883 3829 Gallorum
936 3752 1395 3851 Imperatoris
1444 3752 1795 3851 Epistola,
1851 3774 1996 3850 qua
2031 3750 2309 3828 Nostris
2343 3774 2462 3829 re-

330 3871 623 3970 spondit
650 3870 968 3960 Litteris,
996 3871 1255 3969 quibus
1283 3868 1736 3969 imperialem
1763 3869 2216 3947 Maiestatem
2244 3870 2464 3947 Suam

328 3993 529 4068 omni
581 3990 819 4067 studio
870 3990 1283 4087 rogavimus
1314 4044 1337 4080 ,
1392 4002 1476 4067 ut
1526 3990 1965 4065 validissimo
2018 4008 2148 4064 suo
2201 3998 2468 4086 patro-

329 4108 519 4183 cinio
571 4109 645 4182 in
698 4103 1081 4181 Parisiensi
1138 4102 1551 4204 congressu
1636 4106 1988 4204 integram
2041 4114 2116 4179 et
2166 4106 2467 4183 inviola-

333 4224 553 4300 bilem
604 4224 1077 4321 temporalem
1130 4222 1465 4301 Nostram
1526 4235 1602 4299 et
1655 4225 1868 4302 huius
1919 4222 2222 4301 Sanctae
2265 4224 2466 4301 Sedis
