3317 5267
2242 483 2386 555 143

264 618 437 671 mus
458 646 487 683 ,
542 596 717 670 item
750 580 1185 669 declarantes
1212 646 1234 683 ,
1290 595 1481 692 ipsos
1533 594 1852 668 omnium
1907 604 1982 669 et
2029 617 2382 693 quorum-

270 735 581 808 cumque
630 710 1182 807 privilegiorum,
1220 711 1627 807 gratiarum,
1669 721 1746 783 et
1779 710 2214 787 indultorum
2243 712 2386 788 sibi

271 852 312 901 a
366 828 613 916 Nobis,
668 852 795 902 seu
844 827 1185 903 Romanis
1227 825 1684 902 Pontificibus
1722 824 2388 905 Praedecessoribus

268 950 573 1037 Nostris,
603 932 1133 1047 quomodolibet
1167 970 1666 1023 concessorum
1695 948 2092 1025 amissionis
2120 972 2386 1047 poenas

272 1088 359 1141 eo
410 1066 565 1162 ipso
597 1064 869 1161 pariter
898 1063 1269 1138 incurrisse
1278 1086 1304 1151 3
1340 1086 1470 1139 nec
1524 1087 1566 1136 a
1614 1065 1930 1138 censuris
1982 1064 2386 1144 huiusmodi

270 1206 315 1255 a
364 1203 753 1279 quoquam,
794 1182 929 1255 nisi
964 1204 1007 1255 a
1041 1180 1284 1269 Nobis,
1340 1204 1466 1256 seu
1522 1180 1848 1258 Romano
1885 1180 2222 1259 Pontifice
2258 1208 2390 1282 pro

278 1311 598 1397 tempore
650 1301 1001 1375 existente
1051 1298 1577 1399 (praeterquam
1632 1300 1706 1374 in
1760 1302 2012 1375 mortis
2065 1302 2386 1390 articulo,

275 1429 353 1491 et
388 1429 558 1493 tunc
594 1440 757 1491 cum
796 1419 1312 1515 reincidentia
1291 1440 1365 1491 m
1396 1419 1688 1493 easdem
1741 1442 2078 1494 censuras
2114 1442 2200 1494 eo
2235 1420 2392 1554 ipso

270 1559 417 1633 quo
469 1534 981 1634 convaluerint)
1034 1512 1305 1609 absolvi
1356 1558 1439 1609 ac
1488 1534 1766 1610 liberari
1819 1558 2059 1631 posse3
2119 1558 2202 1610 ac
2263 1537 2394 1609 in·-

270 1678 487 1752 super
522 1655 865 1730 inhabiles
902 1666 977 1729 et
1010 1657 1379 1752 incapaces
1420 1678 1575 1730 esse
1611 1656 1735 1752 qui
1772 1655 2234 1732 absolutionis
2281 1656 2398 1732 be-

271 1774 604 1848 neficium
656 1786 1179 1871 consequantur
1216 1826 1238 1861 ,
1294 1776 1519 1849 donec
1570 1774 1806 1849 omnia
1856 1774 2390 1871 quomodolibet

272 1905 623 1967 attentata
685 1894 963 1992 publice
1022 1894 1591 1981 retractaverint,
1654 1894 2169 1983 revocaverint,
2236 1918 2396 1970 cas·-

272 2011 614 2098 savcrint,
651 2021 726 2084 et
762 2010 1222 2099 aboleverint,
1263 2033 1347 2084 ac
1396 2010 1636 2085 omnia
1687 2010 1762 2082 in
1815 2011 2202 2106 pristinum
2239 2023 2394 2086 sta-

274 2138 437 2199 tum
470 2127 777 2222 plenarie
806 2138 881 2201 et
905 2150 1069 2202 cum
1095 2125 1350 2201 effectu
1381 2126 2041 2222 redintegraverint,
2073 2128 2188 2203 vel
2219 2128 2390 2202 alias

268 2242 587 2317 debitam
640 2254 715 2318 et
765 2244 1183 2340 condignam
1220 2240 1631 2329 Ecclesiae,‘.
1661 2264 1746 2315 ac
1798 2239 2046 2332 Nobis,
2101 2254 2178 2317 et
2227 2244 2393 2320 huic

270 2361 572 2436 Sanctae
626 2360 791 2435 Sedi
840 2357 1396 2434 satisfactionem
1432 2360 1507 2432 in
1548 2360 1960 2456 praemissis
2014 2364 2394 2458 praestite-

269 2481 441 2553 rint.
498 2478 759 2554 Iccirco
806 2479 965 2553 illos
1018 2501 1292 2566 omnes„
1351 2480 1567 2553 etiam
1622 2480 2136 2576 specialissima
2184 2504 2395 2555 men-

270 2597 468 2671 tione
518 2594 795 2693 dignoS,
846 2619 979 2670 nec
1024 2620 1167 2671 non
1206 2594 1488 2670 illorum
1523 2618 1964 2672 successores
2017 2600 2092 2671 in
2145 2598 2394 2674 officiis

270 2740 314 2788 a
350 2717 877 2805 retractatione,
918 2715 1399 2803 revocatione,
1439 2716 1834 2791 cassatione
1887 2728 1963 2790 et
2015 2717 2398 2794 abolitione

272 2838 597 2913 omnium
633 2846 715 2910 ut
748 2858 961 2933 supra
995 2847 1513 2912 attentatorum
1540 2860 1668 2935 per
1701 2860 1780 2912 se
1817 2838 2008 2935 ipsos
2047 2836 2390 2927 facienda,

270 2955 391 3029 vel
442 2954 611 3028 alias
663 2953 901 3029 debita
952 2966 1028 3029 et
1078 2955 1427 3053 condigna
1462 2953 1848 3043 Ecclesiae,
1904 2978 1986 3030 ac
2039 2954 2282 3045 Nobis,
2323 2967 2400 3030 et

274 3073 513 3149 dictae
566 3072 639 3147 S.
697 3071 863 3145 Sedi
914 3071 1395 3149 satisfactione
1457 3075 1742 3149 realiter
1795 3086 1870 3147 et
1919 3096 2084 3147 cum
2139 3074 2398 3149 effectu

278 3192 353 3265 in
410 3188 674 3263 eisdem
726 3189 1138 3285 praemissis
1192 3190 1589 3265 exhibenda
1628 3243 1649 3278 ,
1705 3192 2188 3288 praesentium
2241 3190 2398 3263 Lit-

285 3318 629 3393 terarum,
680 3326 811 3379 seu
862 3304 998 3380 alio
1032 3328 1481 3402 quocumque
1517 3318 1920 3402 praetextu,
1977 3306 2270 3379 minime
2305 3307 2398 3378 li-

278 3422 495 3497 beros
544 3434 618 3496 et
668 3433 1041 3518 exemptos
1084 3475 1105 3511 ,
1161 3422 1285 3495 sed
1346 3444 1627 3519 semper
1679 3424 1767 3496 ad
1819 3424 1997 3497 haec
2047 3421 2394 3520 obligatos

280 3540 437 3615 fore
488 3552 561 3615 et
596 3563 779 3629 esse,
816 3550 899 3615 ut
934 3538 1395 3615 absolutionis
1430 3538 1852 3615 beneficium
1907 3541 2230 3616 obtinere
2268 3564 2400 3616 va-

276 3659 501 3745 leant,
556 3658 963 3733 earumdem
1019 3669 1263 3733 tenore
1304 3660 1785 3753 praesentium
1839 3658 2286 3734 decernimus
2323 3673 2399 3734 et

280 3776 549 3874 pariter
598 3775 1061 3850 declaramus.
2231 3804 2234 3809 ·

433 3889 621 3967 Dum
674 3902 915 3967 autem
966 3892 1149 3967 hanc
1201 3896 1515 3970 muneris
1567 3892 1808 3999 Nostri
1860 3906 2168 3991 partem,
2207 3896 2397 3970 tristi

270 4011 424 4087 Nos
475 4022 769 4108 ingente
822 4012 1274 4103 necessitate,
1332 3992 1738 4089 m'oerentes
1789 4012 2196 4146 implemus,
2260 4015 2400 4086 mi-

276 4129 475 4202 nime
526 4127 1033 4217 obliviscimur,
1090 4128 1581 4230 Nosmetipsos
1641 4128 1836 4203 Illius
1888 4130 2008 4205 hic
2059 4131 2132 4203 in
2189 4132 2396 4206 terris

262 4246 610 4323 vicariam
663 4268 949 4343 operam
1005 4268 1239 4344 agere,
1294 4250 1415 4347 qui
1469 4272 1613 4330 non
1668 4244 1824 4321 vult
1868 4260 2167 4323 mortem
2213 4274 2396 4349 pec-

1763 4368 1851 4437 10
