3317 5267
833 445 977 520 682

825 561 1015 660 oepit
1063 561 1428 636 eharitatis
1479 564 1830 652 ardorem,
1872 573 1953 638 ut
2003 562 2183 659 ignis
2212 561 2329 636 ille
2350 563 2636 638 divinus
2678 585 2769 638 ex
2806 539 2959 636 eius

824 702 946 754 ore
997 691 1210 776 atque
1261 681 1480 756 oeulis
1531 683 1893 755 emicaret.
1952 679 2114 754 Pari
2166 703 2333 778 erga
2390 681 2807 778 proximum
2846 702 2971 753 ea·-

825 795 1038 868 ritate
1089 796 1374 870 incensa
1411 847 1434 884 ‚
1489 797 1803 892 graviter
1852 795 2133 872 dolebat
2188 798 2523 870 miseram
2578 815 2971 891 puerorum

819 909 1102 985 turbam
1153 911 1300 988 fere
1352 936 1394 986 a
1447 912 1857 1009 parentibus
1906 912 2317 986 derelictam
2382 912 2575 986 vitiis
2652 935 2961 987 sucere-

823 1051 1021 1103 seere
1072 1051 1311 1104 rerum
1345 1043 1434 1104 ad
1459 1031 1765 1104 salutem
1806 1041 2169 1103 aeternam
2210 1029 2724 1124 pertinentium
2762 1031 2973 1125 igna—

823 1167 1002 1234 ram,
1061 1147 1318 1224 ideireo
1371 1171 1492 1223 eos
1545 1150 1902 1243 patienter
1930 1147 2305 1222 erudiebat
2356 1149 2722 1245 mysteriis
2774 1147 2971 1235 fidei,

823 1266 908 1339 ad
965 1266 1301 1342 virtutem
1355 1267 1782 1343 informabat
1810 1319 1831 1355 ,
1888 1277 1963 1341 et
2016 1289 2183 1340 vero
2236 1267 2453 1339 etiam
2510 1287 2659 1340 non
2714 1266 2965 1341 modi·-

825 1404 982 1457 eam
1021 1375 1424 1480 'quotidiani
1475 1383 1752 1458 cibatus
1796 1397 2075 1480 partem
2112 1383 2381 1456 eisdem
2410 1381 2683 1456 alendis
2720 1381 2971 1454 detra-

823 1499 992 1574 here
1043 1500 1176 1574 sibi
1227 1511 1717 1576 consueverat.
1777 1498 2022 1591 Quum
2076 1499 2461 1574 caelestem
2514 1499 2651 1574 sibi
2714 1499 2967 1595 Spon—

823 1635 983 1689 sum
1038 1617 1414 1714 delegisset
1441 1669 1464 1704 ,
1519 1617 1876 1692 exhibitas
1926 1639 1971 1690 a
2022 1628 2253 1690 matre
2304 1616 2599 1712 nuptias
2652 1615 2821 1689 lieet
2872 1637 2965 1688 o·-

781 1829 788 1836 .
829 1733 1154 1830 polentas
1205 1745 1420 1829 atque
1471 1734 1780 1810 illustres
1832 1746 2241 1810 constanter
2288 1735 2669 1820 recusavit,
2702 1743 2782 1805 et
2818 1755 2967 1828 quo

823 1849 1066 1923 datam
1117 1851 1410 1925 caelesti
1467 1830 1697 1925 eidem
1726 1851 2003 1947 sponso
2053 1851 2265 1924 fidem
2317 1861 2723 1947 praestaret
2768 1873 2973 1922 seeu-

823 1967 997 2055 riu8‚
1052 1968 1141 2042 de
1195 1969 1652 2065 ingrediendo
1702 1991 2063 2044 sacrarum
2120 1969 2474 2066 virginum
2512 1968 2829 2042 elaustro
2852 1991 2973 2041 eo-

827 2086 1103 2181 gitavit.
1195 2083 1349 2175 Qua
1425 2083 1516 2161 de
1593 2111 1671 2161 re
1753 2100 2221 2185 posteaquam
2312 2087 2437 2162 diu
2514 2087 2969 2183 multumque

828 2223 1072 2277 seeum
1121 2202 1604 2290 deliberasset,
1662 2203 1977 2302 fusisque
2029 2203 2359 2300 precibus
2412 2203 2725 2278 divinam
2780 2226 2971 2278 eon-—

823 2319 1158 2394 suluisset
1211 2320 1652 2395 voluntatem
1706 2343 1973 2395 annum
2046 2343 2265 2417 agens
2320 2322 2575 2394 aetatis
2626 2343 2803 2394 suae
2856 2321 2971 2394 vi-

827 2437 1170 2510 cesimum
1225 2439 1516 2511 tertium
1571 2441 1642 2510 in
1696 2439 1985 2512 civitate
2020 2489 2041 2525 ‚
2122 2439 2235 2512 eui
2288 2459 2561 2514 nomen
2614 2433 2843 2532 Paray
2888 2433 2957 2508 le

825 2549 1108 2639 Monial,
1165 2551 1352 2625 intra
1387 2553 1561 2626 fines
1591 2554 2249 2650 Augustodunensis
2284 2551 2643 2629 Dioeoesis
2682 2551 2959 2649 religio-

824 2671 924 2744 sis
974 2668 1330 2742 sororibus
1405 2691 1496 2742 ex
1547 2669 1809 2744 Ordine
1867 2670 2307 2746 visitationis
2360 2671 2623 2744 Beatae
2698 2668 2951 2745 uariae

836 2786 1135 2883 Virginis
1187 2786 1456 2862 adscita
1525 2798 1661 2862 est.
1736 2787 1816 2862 ln
1895 2773 2235 2888 tyrocinio
2300 2809 2523 2886 quum
2591 2810 2673 2862 se
2745 2785 2963 2860 talem

825 2903 1196 3003 probasset
1232 2957 1253 2993 ,
1340 2906 1622 3003 qualem
1702 2918 1780 2981 et
1854 2909 2131 3005 egregia
2192 2909 2280 2982 ad
2362 2908 2703 2980 virtutem
2754 2905 2965 2980 indo—

824 3025 928 3100 les
952 3072 975 3109 ,
1041 3035 1116 3098 et
1195 3026 1606 3100 innocenter
1682 3037 1843 3100 aeta
1922 3027 2067 3098 vita
2132 3024 2591 3122 portenderat
2618 3075 2641 3111 ,
2696 3024 2787 3098 ad
2840 3047 2967 3098 so-

823 3141 1086 3216 lemnia
1161 3143 1626 3240 nuncupanda
1684 3156 1847 3218 vota
1898 3143 2184 3217 admitti
2266 3141 2681 3239 promeruit.
2766 3138 2961 3230 Qui-

824 3262 960 3337 bus
1037 3265 1322 3361 quidem
1401 3265 1850 3360 nuncupatis,
1910 3265 2127 3338 videri
2196 3265 2433 3360 eoepit
2505 3263 2591 3338 ad
2662 3261 2965 3359 religio-

828 3403 950 3456 sae
1017 3380 1426 3478 disciplinae
1487 3381 1993 3477 perfectionem
2066 3383 2421 3458 eoneitato
2500 3403 2715 3454 eursu
2786 3403 2963 3453 eon-

833 3497 1122 3572 tendere
1159 3521 1185 3585 3
1233 3499 1408 3572 adeo
1459 3497 1813 3572 sodalibus
1864 3499 2010 3572 suis
2062 3496 2213 3573 Deo
2274 3497 2531 3571 dicatis
2612 3497 2963 3569 virtutum

825 3613 1144 3688 omnium
1197 3614 1565 3710 exemplar
1615 3613 1897 3687 enituit.
1993 3613 2169 3686 Mira
2222 3613 2485 3710 quippe
2542 3613 2617 3684 in
2670 3612 2823 3706 ipsa
2874 3635 2957 3684 e-

826 3729 1107 3806 lueebat
1155 3730 1544 3817 humilitas,
1601 3729 1973 3827 singularis
2026 3741 2101 3804 et
2152 3731 2225 3802 in
2270 3727 2841 3827 obtemperando
2878 3751 2959 3800 a·—

823 3848 1110 3924 laeritas
1153 3899 1174 3937 ,
1229 3858 1305 3922 et
1355 3848 1426 3920 in
1481 3846 1849 3945 quibusvis
1928 3846 2273 3922 molestiis
2324 3845 2765 3944 perferendis
2826 3867 2957 3941 pa-

825 3966 1100 4053 tientia,
1155 3965 1681 4039 accuratissima
1733 3964 1971 4062 legum
2026 3964 2137 4038 vel
2190 3965 2649 4040 minimarum
2710 3962 2957 4038 obser-

825 4083 1090 4169 vantia,
1117 4083 1190 4156 in
1227 4081 1623 4157 afflictando
1650 4103 1941 4176 corpore
1981 4079 2259 4155 assidua
2292 4083 2697 4166 austeritas,
2738 4099 2953 4154 num·-

825 4223 1038 4298 quam
1093 4201 1576 4280 intermissum
1627 4201 2051 4300 precationis
2102 4201 2443 4296 studium,
2470 4201 2585 4276 cui
2632 4199 2783 4276 dies
2818 4221 2947 4273 no-
