3317 5267
912 454 1055 524 5⁷4

896 587 1199 664 caragua
1253 556 1688 636 Administro
1713 577 1879 634 cum
1941 553 2176 634 liberis
2213 557 2570 639 mandatis
2606 557 3006 636 huiusmodi

897 683 1393 783 gravissimum
1429 697 1599 750 sane
1634 677 1999 772 negotium
2025 677 2222 750 omni
2272 675 2636 774 diligentia
2691 689 3006 751 tractan-

896 806 1068 879 dum
1124 811 1198 874 et
1248 795 1757 872 conficiendum
1819 808 2122 868 curaret.
2180 792 2279 869 Ac
2357 805 2526 891 post
2599 807 3009 871 accuratam

894 919 1510 1002 consultationem,
1564 913 2164 1011 quemadmodum
2216 915 2320 990 rei
2369 915 2680 1012 gravitas
2715 914 3010 990 omnino

896 1037 1329 1141 postulabat,
1384 1031 1776 1128 Conventio
1825 1032 1979 1130 ipsa
2027 1033 2346 1131 pluribus
2401 1033 2716 1108 articulis
2751 1032 3014 1108 distin-

891 1169 1035 1244 cta,
1091 1166 1167 1231 et
1214 1175 1256 1226 a
1306 1148 1460 1224 VV.
1500 1147 1641 1226 FF.
1697 1148 1846 1226 NN.
1903 1149 1978 1224 S.
2035 1149 2126 1224 Β.
2163 1148 2254 1224 Ε.
2295 1147 2782 1226 cardinalibus
2809 1147 3009 1225 Con-

895 1268 1321 1374 gregationis
1356 1265 1655 1363 negotiis
1681 1266 2174 1342 ecclesiasticis
2197 1268 2768 1343 extraordinariis
2795 1289 3010 1366 prae·

810 1435 815 1442 -
894 1390 1167 1489 positae
1216 1382 1644 1472 examinata,
1681 1403 1846 1457 cum
1889 1385 2140 1460 eodem
2175 1382 2502 1461 Praeside
2539 1384 2999 1483 Reipublicae

894 1503 1428 1602 Nicaraguensis
1478 1501 1615 1576 fuit
1648 1501 1850 1590 inita,
1905 1515 1982 1577 et
2040 1505 2126 1578 ad
2165 1514 2492 1601 optatum
2528 1505 2808 1579 exitum
2841 1525 3012 1600 per-
3127 1531 3134 1536 ·

894 1627 1129 1702 ducta.
1186 1620 1311 1696 Et.
1334 1619 1670 1716 quoniam
1731 1619 2048 1696 eiusdem
2125 1617 2632 1702 Conventionis
2711 1617 3012 1696 Articuli

893 1753 1069 1820 tum
1100 1764 1145 1814 a
1192 1739 1479 1826 Nostro,
1538 1749 1694 1812 tum
1745 1759 1788 1810 a
1837 1741 2376 1816 commemorati
2435 1738 2786 1817 Praesidis
2837 1737 3006 1814 Ple·

890 1858 1393 1961 nipotentiario
1440 1857 1555 1932 die
1592 1859 1637 1928 2
1665 1855 1932 1931 mensis
1967 1855 2384 1936 Novembris
2469 1859 2653 1934 186¹
2741 1857 3012 1934 fuerint

902 1975 1284 2074 subscripti
1341 1983 1419 2050 et
1476 1995 1521 2046 a
1570 1972 1788 2048 Nobis
1839 1971 2010 2070 ipsis
2059 1973 2596 2071 diligentissime
2646 1974 3008 2072 perpensi,

891 2097 1145 2174 iccirco
1196 2091 1521 2168 eamdem
1559 2087 2122 2167 Conventionem
2173 2110 2504 2188 suprema
2555 2089 2814 2166 Nostra
2863 2111 3002 2168 au-

890 2212 1217 2292 ctoritate
1242 2207 1796 2285 confirmandam
1831 2229 2025 2285 esse
2057 2209 2488 2296 censuimus,
2537 2229 2624 2284 ea
2676 2205 2998 2304 profecto

898 2354 1026 2430 spe
1078 2329 1243 2404 freti
1294 2327 1471 2414 fore,
1510 2331 1599 2400 ut‘
1642 2324 1800 2420 ipsa
1833 2321 2259 2416 Conventio,
2292 2324 2444 2404 Deo
2471 2323 2892 2413 auxiliante,
2931 2325 3008 2398 in

892 2449 1290 2524 maximum
1334 2442 1720 2520 catholicae
1749 2441 2151 2532 Ecclesiae,
2191 2455 2267 2518 et
2315 2443 2714 2522 animarum
2735 2441 3012 2518 bonum

890 2567 1119 2642 cedat.
1172 2558 1591 2643 Huiusmodi
1634 2569 1879 2636 autem
1931 2558 2438 2640 conventionis
2463 2571 2670 2636 tenor
2701 2570 2844 2648 cst,
2871 2557 2998 2656 qui

890 2681 1237 2781 sequitur,
1289 2676 1649 2817 videlieet.

770 2991 779 3000 .
942 2916 1039 2992 ΙΝ
1085 2911 1439 2994 NOMINE
1492 2909 2150 2992 SANCTISSIMAE
2203 2915 2328 2994 ET
2381 2908 2926 2992 levvaE

1674 3031 2203 3112 TRlNITATlS

896 3289 1305 3456 Sanctitas
1350 3375 1493 3452 Sua
1545 3374 1886 3452 Summus
1936 3376 2270 3456 Pontifex
2319 3377 2488 3454 Pius
2521 3372 2622 3450 lX
2675 3383 2752 3452 et
2785 3371 3014 3453 Prae-

892 3515 1011 3571 ses
1063 3491 1516 3588 Reipublicae
1601 3493 1690 3570 de
1763 3493 2150 3594 Nicaragua
2197 3497 2274 3570 iu
2349 3517 2514 3572 suos
2601 3493 3006 3598 respective

891 3609 1546 3709 plenipotentiarios
1596 3611 2078 3688 nominarunt.

1000 3727 1357 3804 Sanctitas
1385 3728 1531 3807 Sua
1553 3728 1816 3804 Effium
1841 3729 1927 3806 Ι).
1953 3731 2300 3810 Jacobum
2327 3727 2683 3808 Antonelli
2715 3727 2794 3802 S.
2811 3657 2904 3801 Β.
2917 3723 3010 3802 Ε.

890 3843 1333 3920 Cat-dinalem
1360 3843 1750 3922 Diaconum
1776 3847 2076 3925 Sanctae
2105 3849 2422 3947 Agathae
2447 3849 2540 3924 ad
2573 3846 3005 3936 Saburram,

890 3963 1115 4038 Suum
1167 3961 1575 4038 Ministrum
1628 3987 1670 4038 a
1695 3963 2022 4068 ‘publicis
2069 3967 2401 4066 negotiis.

994 4076 1093 4156 Et
1119 4079 1573 4179 Reipublicae
1600 4079 2599 4164 haesesExceuentisoimum
2619 4081 3014 4165 Dominum
