3317 5267
847 427 994 501 312

1003 542 1218 619 Porro
1271 546 1646 642 unicuique
1699 530 2075 645 Cayesensi
2117 550 2435 627 Antistiti
2472 552 2623 648 pari
2664 548 2981 647 Aposto-

842 658 972 731 lica
1011 664 1428 737 auctoritate
1466 664 1826 761 largimur,
1869 677 1949 739 ut
1984 667 2044 741 is
2082 690 2372 755 nomen,
2409 668 2723 751 titulum,
2762 688 2979 763 prae-

847 780 1336 870 eminentiam,
1367 795 1442 857 et
1467 786 1883 880 dignitatem
1911 785 2405 883 Episcopelem
2432 784 2867 881 praeseferat
2890 808 2977 857 ac

849 896 932 967 iis
981 898 1309 972 omnihus
1351 913 1426 973 et
1475 902 1795 998 singulis,
1836 926 2019 1000 quae
2054 906 2405 979 ordinarie
2456 886 2975 1000 Episcoporum

849 1016 1128 1108 propria
1165 1031 1360 1101 sunt,
1411 1016 1689 1093 fruatur
1721 1034 1795 1092 et
1828 1020 2279 1117 defungatur3
2318 1024 2631 1117 itemque
2670 1018 2975 1116 Episco-

849 1130 986 1225 pali
1017 1154 1176 1204 eum
1209 1135 1723 1228 jurisdictione,
1754 1138 2227 1232 praesidentia
2262 1151 2337 1212 et
2372 1140 2793 1212 auctoritate
2822 1150 2977 1209 tam

849 1270 1063 1349 super
1115 1272 1198 1321 ea
1251 1248 1628 1356 Cayesensi
1686 1252 2085 1327 Cathedrali
2138 1254 2455 1329 Ecclesia
2518 1266 2595 1329 ct
2655 1252 2975 1329 Dioecesi

847 1387 1062 1461 quam
1113 1390 1330 1461 super
1365 1370 1711 1445 universis
1748 1372 2115 1467 utriusque
2150 1396 2367 1447 sexus
2402 1372 2649 1446 incolis
2678 1368 2825 1467 (qui
2856 1382 2975 1443 ta·-

849 1508 1012 1557 men
1055 1486 1382 1579 peculiari
1421 1490 1895 1585 exemptionis
1920 1492 2291 1589 privilegio
2317 1515 2459 1567 non
2488 1488 2811 1588 utantur)
2842 1512 2977 1564 va-

845 1602 1014 1688 leat,
1045 1602 1442 1701 debeatque
1495 1606 1612 1679 illa
1648 1631 2135 1705 quaecumque
2174 1611 2325 1683 sive
2364 1608 2785 1705 personalia,
2822 1608 2979 1681 sive

847 1718 1086 1805 realia,
1115 1720 1266 1795 sive
1297 1723 1522 1795 mixta
1542 1724 1731 1819 jura,
1759 1726 2029 1811 munia,
2060 1726 2391 1812 honores,
2414 1723 2817 1809 facultates,
2838 1726 2977 1820 pri·

853 1836 1128 1933 vilegia,
1159 1849 1235 1911 et
1259 1842 1552 1935 quaevis
1578 1841 1713 1914 alia
1748 1864 1929 1939 quae
1966 1843 2052 1916 ad
2090 1864 2457 1916 sacrorum
2496 1838 2869 1917 Canonum
2898 1852 2973 1912 et

857 1952 1416 2049 Apostolicarum
1435 1960 2023 2034 constitutionum
2044 1982 2367 2034 normam
2388 1958 2715 2033 obtinent
2740 1958 2967 2057 iisque

847 2074 1157 2168 gaudent
1193 2098 1272 2149 ac
1301 2076 1781 2173 defunguntur
1820 2078 2092 2151 illarum
2132 2079 2441 2174 partium
2470 2076 2811 2173 Episcopi
2848 2098 2969 2149 ae-

847 2213 988 2286 que
1039 2192 1326 2280 habere,
1385 2195 1564 2269 tueri
1599 2207 1675 2267 et
1708 2216 2061 2281 exercere,
2092 2218 2173 2267 ac
2214 2196 2501 2290 proprio
2536 2195 2775 2289 itaque
2812 2193 2969 2289 jure

849 2309 1204 2409 libereque
1231 2327 1448 2409 queat
1471 2338 1554 2388 ea
1579 2326 1831 2387 cuncta
1860 2336 2073 2408 super
2126 2314 2209 2385 iis
2246 2310 2575 2386 omnibus
2612 2322 2691 2385 et
2724 2312 2970 2406 singu-

849 2427 935 2501 lis
971 2427 1227 2518 facere,
1271 2454 1536 2527 gerere,
1576 2433 2095 2539 administrare,
2138 2431 2517 2527 inquirere,
2556 2429 2967 2513 decernere,

849 2564 932 2615 ac
959 2545 1244 2619 demum
1275 2549 1731 2645 exequutioni
1760 2550 2315 2645 mandare,quae
2339 2545 2737 2643 Episcopis,
2762 2545 2971 2641 juxta

847 2660 1098 2736 Sacros
1125 2662 1474 2749 Canones,
1507 2666 1574 2737 in
1603 2666 1923 2761 proprias
1959 2662 2335 2751 Ecclesiae,
2370 2662 2741 2739 Dioecescs
2772 2660 2975 2735 etin·

851 2782 1040 2855 colas
1077 2786 1474 2859 concredita
1511 2785 1853 2861 attributa
1888 2799 1963 2860 et
1994 2786 2377 2860 commissa
2408 2784 2968 2880 comperiuntur3

849 2918 1060 2980 cauto
1118 2918 1606 2979 verumtamen
1662 2929 1751 2979 ne
1804 2908 1963 3004 quis
2010 2928 2239 2980 novus
2290 2902 2709 3001 Cayesensis
2764 2900 2973 2975 Anti-

853 3032 1000 3095 stes
1029 3035 1193 3096 ante
1221 3046 1390 3097 suae
1417 3023 1963 3098 consecrationis
1980 3020 2420 3120 Episcopalis
2444 3020 2967 3115 susceptionem

855 3143 1082 3237 possit
1115 3166 1330 3241 super
1366 3145 1801 3242 propositam
1841 3144 1973 3218 sibi
2009 3142 2394 3217 Ecclesiam
2450 3152 2527 3213 et
2577 3137 2973 3215 Dioccesim

855 3258 1202 3335 ullatenus
1239 3284 1713 3357 praesumere,
1755 3262 2121 3360 multoque
2158 3260 2393 3333 minus
2430 3280 2757 3331 exercere
2792 3256 2975 3330 ordi·

855 3379 1126 3452 nariam
1205 3376 1793 3473 jurisdictionem.
1860 3376 2084 3467 Quam
2156 3376 2447 3473 quidem
2508 3386 2585 3448 et
2652 3372 2973 3447 admini-

851 3498 1270 3571 strationem
1323 3498 1606 3593 penitus
1655 3496 1875 3581 obire,
1934 3518 2014 3567 ac
2066 3494 2429 3591 Synodum
2484 3492 2703 3567 etiam
2756 3488 2971 3564 Dice-

851 3635 1180 3687 cesanam
1219 3612 1590 3709 aliquando
1651 3634 2039 3686 convocare
2074 3622 2149 3684 et
2186 3630 2518 3706 peragere
2572 3608 2787 3683 libere
2842 3630 2971 3681 va·-

851 3732 994 3805 leat
1027 3741 1406 3827 postquam
1461 3731 1590 3801 rite
1645 3731 2044 3814 institutus,
2100 3739 2175 3799 et
2226 3737 2679 3801 consecratus
2730 3724 2967 3807 fuerit,

847 3860 1062 3946 atq-ue
1155 3848 1330 3922 adeo
1426 3848 1787 3921 commissi
1881 3844 2349 3942 Episcopatus
2448 3844 2965 3942 possessionem

853 3968 1175 4043 adiverit.

1003 4086 1152 4159 lam
1211 4109 1374 4162 vero
1425 4088 1516 4160 ad
1567 4106 1827 4160 novam
1878 4085 2109 4160 dictae
2162 4082 2517 4159 Ecclesiae
2556 4080 2969 4179 Cayesensis

849 4204 1274 4275 erectionem
1311 4216 1386 4275 et
1421 4206 1937 4277 incrementum
1974 4214 2163 4275 ratas
2200 4213 2277 4275 et
2310 4224 2537 4300 quam⁸
2554 4200 2829 4295 plenius
2858 4220 2975 4269 ac-
