3317 5267
359 544 644 632 partem
695 542 986 609 vocatos
1036 544 1485 629 peramanter
1516 532 1969 633 alloquimur,
2029 534 2479 612 venerabiles

363 648 682 737 Fratres,
733 660 818 723 ut
863 646 1104 725 fideles
1144 662 1422 725 vestrae
1458 652 1860 749 vigilantiae
1895 654 2315 729 commissos
2350 676 2481 750 pro

366 767 630 840 eximia
663 778 916 843 ‘vestra
967 768 1230 862 pietate
1283 770 1480 843 omni
1527 792 1695 843 cura
1746 771 2121 868 studioque
2156 770 2479 845 excitetis

363 884 456 957 ad
506 908 751 981 preces
805 882 951 959 Deo
1001 883 1292 982 Optimo
1341 885 1652 963 Maximo
1704 888 2161 978 adhibendaS,
2214 912 2359 987 quo
2410 912 2483 963 o-

356 1000 648 1075 mnibus
700 1002 1220 1098 optatissimam
1297 1026 1499 1077 suam
1577 1026 1827 1101 pacem
1892 1006 2248 1104 largiatur.
2334 1004 2481 1079 Hac

359 1142 538 1194 sane
574 1122 664 1195 de
697 1144 910 1195 causa
946 1120 1090 1197 Nos
1123 1145 1254 1218 pro
1285 1105 1620 1219 pastorali
1653 1122 1915 1201 Nostro
1946 1148 2239 1201 munere
2276 1148 2483 1221 prae-

363 1239 604 1336 cipere
630 1240 816 1317 haud
843 1241 1240 1330 omisimus,
1271 1243 1448 1317 utin
1485 1243 1816 1319 universa
1842 1242 2205 1319 Pontificia
2226 1242 2483 1319 Nostra

367 1355 634 1432 ditione
669 1357 988 1455 publicae
1025 1358 1585 1435 clementissimo
1619 1360 2257 1435 misericordiarum
2292 1358 2485 1433 Patri

363 1471 754 1549 offerantur
803 1474 1272 1570 precationes.
1314 1472 1620 1549 Illustria
1655 1499 1825 1551 vero
1858 1475 2484 1553 Praedecessorum

366 1587 788 1684 Noetrorum
837 1590 1164 1687 exempla
1216 1603 1572 1668 sectantes
1623 1593 1713 1667 ad
1768 1609 2069 1680 vestras,
2122 1618 2207 1669 ac
2267 1596 2487 1669 totius

371 1706 728 1783 Ecclesiae
761 1730 1004 1805 preces
1039 1706 1416 1806 confugere
1449 1710 1974 1785 constituimus.
2015 1710 2261 1808 ltaque
2294 1710 2487 1785 hisce

367 1823 658 1901 Litteris
706 1848 753 1899 a
806 1823 1048 1912 Vobis,
1106 1824 1556 1903 venerabiles
1609 1826 1897 1901 Fratres
1910 1880 1931 1915 ,
1986 1829 2437 1925 exposcimus
2466 1881 2487 1916 ‚

369 1954 455 2017 ut
503 1966 632 2041 pro
681 1944 962 2040 egregia
1015 1954 1252 2019 vestra
1304 1946 1642 2042 religione
1722 1944 2039 2042 publicas
2092 1947 2165 2019 in
2240 1947 2495 2021 vestris

371 2056 826 2135 Dioecesibus
875 2084 1124 2158 preces
1177 2062 1484 2135 indicere
1537 2084 1753 2158 quam
1806 2063 2119 2157 primum
2196 2062 2429 2137 velitis
2470 2114 2493 2148 ,

363 2177 628 2275 quibus
679 2178 918 2253 fideles
971 2178 1192 2255 Vobis
1241 2179 1652 2265 concrediti,
1694 2179 2193 2275 potentissimo
2232 2178 2501 2253 Imma-

363 2295 644 2369 culatae
679 2294 1322 2393 Sanctissimaeque
1359 2292 1704 2393 Deiparae
1749 2292 2051 2392 Virginis
2076 2294 2339 2371 Mariae
2373 2318 2503 2393 pa-

369 2412 670 2489 trocinio
721 2413 1098 2509 implorato
1136 2466 1160 2501 ,
1239 2414 1540 2489 divitem
1591 2414 1665 2487 in
1720 2414 2197 2491 misericordia
2274 2412 2503 2487 Deum

361 2533 578 2607 enixe
629 2544 836 2607 orent
857 2546 934 2607 et
961 2533 1368 2620 obsecrent,
1401 2546 1482 2608 ut
1508 2558 1636 2629 per
1663 2535 1919 2609 merita
1956 2533 2314 2632 Vnigeniti
2343 2535 2501 2609 Filii

365 2652 484 2727 sui
537 2650 820 2726 Domini
870 2651 1112 2727 Nostri
1163 2651 1322 2727 Ioeu
1373 2649 1640 2725 Christi
1704 2664 2032 2727 avertens
2076 2653 2505 2751 indignatio-

373 2796 546 2847 nem
596 2794 801 2845 suam
847 2796 894 2845 a
941 2772 1148 2847 nobis
1187 2822 1210 2859 ,
1265 2781 1341 2845 et
1393 2768 1717 2845 auferens
1768 2770 1953 2845 bella
2004 2794 2229 2868 usque
2278 2773 2367 2847 ad
2416 2770 2507 2843 fi-

373 2912 545 2965 nem
596 2901 824 2965 terrae
861 2940 884 2977 ‚
939 2890 1178 2963 divina
1233 2910 1364 2962 sua
1417 2887 1644 2983 gratia
1696 2888 2017 2962 omnium
2078 2900 2359 2963 mentes
2418 2888 2508 2963 il·-

373 3006 634 3081 lustret
661 3058 682 3091 ‚
737 3006 1200 3103 omniumque
1253 3004 1462 3081 cerda
1519 2990 1951 3079 christianae
2006 3006 2197 3101 pacis
2264 3026 2511 3091 amore,

375 3123 794 3211 inflammet,
849 3134 1063 3220 atque
1116 3124 1587 3221 omnipotenti
1641 3146 1771 3197 sua
1808 3122 2067 3197 virtute
2104 3122 2384 3209 efficiat,
2425 3132 2507 3195 ut

375 3262 632 3317 omnes
683 3242 756 3315 in
807 3240 944 3315 fide
995 3252 1072 3315 et
1145 3241 1443 3315 caritate
1503 3240 1850 3326 radicati,
1905 3239 2209 3327 fundati,
2264 3248 2509 3313 sancta

377 3356 556 3432 Eius
607 3358 942 3431 mandata
1021 3358 1559 3454 diligentissime
1613 3367 1903 3431 servent
1943 3408 1963 3442 ,
2020 3380 2103 3429 ac
2163 3366 2505 3452 peccato—

371 3496 538 3547 rum
591 3474 872 3549 veniam
924 3473 1174 3549 humili
1228 3474 1677 3569 contritoque
1712 3472 1923 3547 corde
1960 3472 2379 3571 efflagitent,
2436 3484 2511 3547 et

375 3592 816 3669 declinantes
867 3617 910 3667 a
961 3594 1153 3667 malo
1180 3646 1204 3679 ,
1257 3604 1334 3667 et
1383 3592 1723 3667 facientes
1777 3590 2045 3667 honum
2100 3616 2232 3690 per
2291 3592 2509 3669 iusti-

383 3710 528 3785 tiae
571 3711 866 3785 semitas
897 3710 1294 3799 ambulent,
1326 3720 1402 3783 ct
1437 3721 1764 3783 mutuam
1804 3708 1989 3783 inter
2023 3734 2101 3785 se
2137 3711 2510 3787 caritatem

380 3827 796 3900 continuam
847 3824 1156 3899 habeant
1185 3878 1208 3914 ,
1265 3835 1644 3899 exerceant
1664 3876 1687 3912 ,
1718 3835 1933 3922 atque
1987 3826 2086 3897 ita
2120 3847 2287 3900 cum
2326 3824 2505 3911 Dec,
2571 3851 2583 3865 ·

384 3966 552 4019 cum
604 3946 1008 4042 semetipsis
1048 3998 1068 4033 ‚
1125 3957 1200 4019 et
1251 3966 1414 4019 cum
1469 3944 1801 4018 omnibus
1851 3943 2262 4019 hominibus
2316 3943 2509 4017 salu-

387 4074 616 4135 tarem
669 4073 1194 4160 consequantur
1245 4084 1520 4158 pacem.
1564 4061 1753 4135 Nihil
1791 4061 2229 4151 dubitamus,
2272 4058 2508 4134 Vene-
2634 4138 2639 4143 ,

386 4178 644 4253 rabiles
699 4179 1006 4266 Fratres,
1063 4179 1232 4275 quin
1289 4202 1417 4274 pro
1454 4192 1829 4274 perspecta
1887 4192 2119 4253 vestra
2157 4202 2323 4275 erga
2358 4177 2503 4253 Nos
