3317 5267
898 444 1039 517 138

1049 556 1279 633 Facile
1316 567 1559 630 autem
1598 554 2017 652 intelligitur
2051 554 2656 651 quemadmodum
2709 558 3036 636 eiusmo-

888 679 960 752 di
1014 676 1378 751 Romanae
1428 673 1790 749 Ecclesiae
1845 672 2319 770 Principatus‚
2373 672 2541 750 licet
2589 686 2848 773 suapte
2891 700 3030 751 na·-

892 808 1051 869 tura
1104 792 1569 890 temporalem
1620 814 1775 867 rem
1829 792 2084 889 sapiat,
2139 792 2583 888 spiritualem
2620 804 2866 869 tamen
2927 798 3034 869 in«

888 910 1063 988 duat
1112 910 1423 985 indolem
1476 908 1548 983 vi
1598 932 1866 999 sacrae,
1919 930 2138 1006 quam
2189 906 2434 999 habet,
2489 909 3026 999 destinationis,

889 1042 965 1104 et
1014 1028 1389 1103 arctissimi
1440 1028 1627 1104 illius
1681 1026 1940 1103 vinculi
1992 1049 2136 1124 quo
2213 1048 2380 1102 cum
2469 1027 2806 1103 maximis
2891 1029 3028 1104 Rei

888 1144 1333 1222 Christianae
1384 1144 1776 1223 rationibus
1831 1145 2306 1242 coniungitur.
2363 1144 2570 1236 Quod
2624 1158 2870 1221 tamen
2925 1148 3026 1223 nil

882 1265 1189 1364 impedit
1238 1264 1621 1363 quominus
1671 1286 1758 1339 ea
1807 1264 2046 1339 omnia
2074 1315 2097 1352 ,
2151 1284 2337 1360 quae
2391 1265 2478 1338 ad
2547 1265 3024 1363 temporalem

888 1384 1171 1481 quoque
1246 1382 1674 1482 populorum
1751 1380 2168 1457 felicitatem
2245 1380 2651 1455 conducunt
2678 1432 2700 1470 ‚
2783 1382 3030 1479 perfici

888 1512 1157 1598 queant
1195 1552 1218 1589 ,
1272 1499 1874 1597 quemadmodum
1923 1498 2109 1597 gesti
2159 1520 2203 1570 a
2255 1498 2601 1573 Romanis
2635 1496 3034 1575 »Pontifici-

884 1616 1021 1691 bus
1068 1618 1197 1714 per
1247 1627 1360 1692 tot
1420 1616 1702 1692 saecula
1751 1614 1980 1691 civilis
2031 1615 2406 1713 regiminis
2460 1615 2760 1692 historia
2821 1616 3032 1693 lucu-

889 1733 1285 1809 lentissime
1338 1744 1674 1808 testatur.

1043 1850 1227 1927 Cum
1278 1876 1491 1949 porro
1542 1851 1631 1925 ad
1668 1848 2026 1927 Ecclesiae
2059 1848 2330 1927 bonum
2365 1862 2444 1925 et
2476 1850 2868 1927 utilitatem
2925 1874 3034 1928 re-

884 1968 1141 2066 spiciat
1217 1966 1666 2065 Principatus
1722 1967 1814 2042 de
1847 1989 1992 2065 quo
2052 1966 2412 2065 loquimur
2441 2018 2463 2055 ,
2539 1968 2804 2043 mirum
2887 1992 3035 2045 non

886 2098 1001 2161 est
1050 2086 1243 2184 quod
1290 2084 1651 2161 Ecclesiae
1687 2084 1910 2181 ipsius
1945 2082 2192 2159 hostes
2227 2104 2576 2181 persaepe
2613 2084 2816 2160 illum
2853 2110 3036 2163 con-

890 2202 1149 2278 vellere
1198 2214 1273 2277 et
1322 2201 1750 2277 labefactare
1803 2199 2178 2298 multiplici
2227 2201 2650 2278 insidiarum
2687 2214 2766 2277 et
2809 2226 3036 2281 cona·-

893 2334 1099 2397 tuum
1150 2344 1407 2420 genere
1440 2320 1938 2397 contenderint
1975 2344 1995 2393 z
2053 2320 2128 2394 in
2165 2344 2310 2419 quo
2345 2331 2594 2397 tamen
2633 2318 2910 2395 nefaria
2947 2320 3042 2395 il-

890 2440 1120 2514 lorum
1174 2438 1567 2527 molimina,
1622 2436 1774 2513 Deo
1823 2434 2216 2513 Ecclesiam
2269 2460 2476 2513 suam
2509 2438 2768 2536 iugiter
2819 2437 3042 2513 mliu-

888 2566 1132 2645 vante‚
1188 2556 1261 2629 in
1314 2556 1597 2630 irritum
1646 2554 1876 2631 serius
1911 2553 2110 2630 ocius
2159 2553 2596 2631 ceciderunt·
2651 2554 2806 2629 Iam
2861 2578 3038 2631 vero

890 2673 1096 2749 novit
1146 2673 1522 2749 universus
1578 2672 1770 2748 orbis
1825 2671 2184 2769 quomodo
2234 2672 2578 2749 luctuosis
2615 2672 2818 2749 hisce
2855 2683 3044 2747 tem-

888 2789 1181 2889 poribus
1231 2790 1676 2866 infestissimi
1757 2787 2158 2866 Catholicae
2233 2787 2596 2865 Ecclesiae
2667 2800 2744 2865 et
2819 2789 3039 2865 huius

898 2910 1343 3008 Apostolicae
1406 2910 1609 2985 Sedis
1665 2932 1908 2985 osores
1959 2906 2472 2983 abominabiles
2524 2907 2699 3007 facti
2750 2910 2836 2983 in
2889 2922 3042 2983 sm-

892 3027 1037 3102 diis
1087 3028 1267 3118 suis,
1304 3052 1389 3101 ac
1424 3026 1788 3129 loquentes
1825 3027 1906 3100 in
1945 3027 2308 3128 hypocrisi
2347 3026 2814 3102 mendacium
2851 3026 3044 3103 hanc

894 3152 1127 3248 ipsam
1170 3149 1429 3225 Sedem
1464 3147 1890 3247 proculcatis
1922 3148 2184 3223 divinis
2220 3149 2698 3246 humanisque
2731 3146 3040 3235 iuribus,

900 3268 1117 3359 civili,
1171 3290 1315 3366 quo
1365 3267 1666 3366 potitur,
1719 3263 2132 3363 Principatu
2181 3264 2488 3365 spoliare
2521 3265 2856 3363 nequiter
2891 3264 3042 3339 ad·-

757 3415 766 3424 ·
897 3386 1219 3459 nitantur
1244 3437 1267 3473 ,
1346 3384 1559 3483 idque
1634 3384 1922 3481 assequi
1997 3382 2336 3457 studeant
2415 3402 2562 3457 non
2645 3378 3056 3455 manifesta-

896 3502 1212 3598 quidem,
1268 3500 1375 3575 uti
1418 3500 1617 3586 alias,
1672 3499 2151 3597 aggressione,
2190 3519 2697 3596 armorumque
2741 3496 2866 3585 vi,
2905 3495 3036 3571 sed

895 3618 1091 3693 falsis
1141 3640 1365 3715 aeque
1416 3640 1503 3692 ac
1550 3617 1964 3713 perniciosis
1986 3612 1994 3621 ’
2013 3616 2378 3713 principiis
2465 3614 2716 3691 callide
2799 3614 3040 3689 indu-

892 3736 1027 3809 ctis
1055 3787 1078 3823 ‚
1122 3756 1206 3809 ac
1240 3732 1698 3831 popularibus
1723 3732 2038 3810 motibus
2075 3731 2428 3807 malitiose
2461 3730 2825 3806 excitatis.
2867 3727 3030 3804 Ne-

896 3876 1035 3949 que
1088 3854 1279 3928 enim
1332 3852 1764 3927 erubescunt
1813 3849 2195 3926 nefandam
2251 3849 2534 3948 populis
2573 3848 2874 3923 suadere
2911 3868 3036 3919 re·-

898 3966 1280 4045 bellionem
1330 3979 1579 4043 contra
1630 3968 1988 4063 legitimos
2046 3966 2430 4064 principes,
2485 3988 2670 4063 quae
2706 3963 2798 4037 ab
2835 3960 3038 4060 Apo-

810 4084 839 4093 ‘
900 4086 1085 4160 stolo
1136 4086 1323 4159 clare
1374 4096 1764 4185 aperteque
1813 4086 2191 4163 damnatur
2243 4085 2344 4159 ita
2396 4085 2723 4161 docente:
2771 4078 3034 4157 Omnis
