3317 5267
1449 289 1464 341 i

895 427 1044 498 468

893 565 1194 640 persona
1249 542 1604 621 Timothei
1654 525 1979 642 discipuli
2032 541 2141 619 sui
2196 551 2565 638 tantopere
2622 541 2841 618 Vobis
2902 544 3021 616 in-

897 659 1128 744 culcat
1183 658 1560 756 Apostolus
1615 657 1902 748 Paulus,
1959 661 2219 738 instate
2271 670 2695 755 opportune,
2749 659 3025 754 impor-

899 791 1096 866 tune,
1151 777 1448 874 arguite,
1503 778 1897 866 obsecrate,
1938 780 2299 873 increpate
2336 778 2407 852 in
2444 778 2649 853 omni
2678 778 3025 874 patientia

896 909 972 970 et
1006 895 1348 974 doctrina.
1390 893 1634 992 Neque
1673 893 1816 970 Vos
1856 895 2241 991 quidquam
2278 915 2593 991 unquam
2630 896 3017 980 deterreat,

895 1013 1276 1109 quominus
1330 1035 1458 1109 pro
1511 1010 1640 1090 Dei
1693 1014 1939 1110 gloria,
1996 1036 2127 1109 pro
2174 1011 2531 1090 Ecclesiae
2585 1013 2836 1097 tutela,
2892 1037 3027 1109 pro

897 1132 1294 1208 animarum
1362 1127 1576 1208 Vobis
1639 1131 2185 1206 commissarum
2246 1129 2475 1204 salute
2529 1128 3025 1224 vosmetipsos

895 1248 969 1319 in
1021 1269 1270 1323 omnes
1329 1245 1679 1326 obiiciatis
1740 1235 2296 1324 dimicationes(
2327 1246 2741 1343 Recogitate
2799 1246 3023 1332 Eum,

895 1365 1018 1462 qui
1069 1365 1284 1442 talem
1337 1367 1676 1444 sustinuit
1728 1391 1770 1440 a
1832 1367 2321 1464 peccatoribus
2382 1366 2721 1448 adversus
2780 1388 3027 1440 seme-

897 1485 1162 1580 tipsum
1217 1484 1875 1566 contradictionem.
1934 1483 2137 1574 Quod
2192 1486 2249 1558 si
2288 1484 2889 1580 nequissimorum
2932 1483 3031 1556 ti-

899 1601 1156 1676 meatis
1227 1601 1596 1676 audaciam
1670 1612 1910 1677 actum
1979 1601 2121 1674 iam
2194 1613 2307 1674 est
2340 1585 2343 1588 ⁴
2376 1600 2465 1678 de
2552 1599 3033 1696 Episcopatus

897 1722 1166 1815 vigore,
1219 1733 1296 1796 et
1347 1719 1788 1808 fortitudine,
1844 1745 1927 1795 ac
1978 1721 2065 1794 de
2120 1719 2429 1808 sublimi,
2484 1732 2561 1793 et
2608 1719 2847 1794 divina
2880 1716 3029 1790 Ec-

897 1837 1150 1914 clesiae
1201 1837 1695 1935 gubernandae
1746 1849 2129 1934 potestate.
2188 1838 2333 1910 lam
2390 1861 2559 1912 vero
2618 1836 2753 1910 hac
2812 1859 3029 1910 occa-

895 1956 1092 2030 sione
1143 1956 1590 2032 dissimulare
1641 1981 1781 2031 non
1820 1978 2227 2053 possumus,
2265 1953 2535 2030 Dilecte
2588 1947 2718 2029 Fili
2766 1955 3029 2028 Noster

896 2095 978 2148 ac
1044 2071 1492 2148 venerabiles
1557 2073 1869 2162 Fratres,
1934 2098 2075 2148 non
2150 2095 2399 2170 parum
2472 2073 2615 2150 Nos
2683 2072 3023 2156 doluisse,

899 2191 1465 2285 proptereaquod
1517 2191 1881 2272 neminem
1935 2189 2269 2264 Vestrum
2308 2190 2545 2264 videre
2579 2189 3027 2287 potuerimus

899 2306 970 2378 in
1025 2305 1325 2380 solemni
1377 2305 1681 2401 plurium
1738 2307 2161 2388 Sanctorum
2214 2304 2759 2382 canonizatione
2796 2329 2837 2376 a
2876 2303 3025 2378 No-

899 2420 1010 2495 bis
1065 2419 1158 2493 Vl
1198 2420 1360 2496 ldus
1399 2423 1705 2518 proximi
1744 2425 2007 2498 mensis
2044 2421 2223 2496 lunii
2259 2423 2635 2508 celebrata,
2672 2424 2757 2496 ad
2797 2445 3017 2518 quam

899 2549 1010 2612 tot
1060 2538 1366 2613 universi
1421 2539 1747 2612 catholici
1798 2539 1987 2614 orbis
2050 2539 2425 2614 Sacrorum
2490 2540 2865 2613 Antis-‚titos
2928 2562 3019 2612 ex

895 2653 1463 2729 disiunctissimis
1515 2655 1735 2729 etiam
1788 2654 2187 2751 regionibus
2236 2677 2401 2730 cum
2450 2678 2734 2730 summo
2796 2654 3013 2728 animi

898 2767 1137 2845 Nostri
1189 2770 1444 2866 gaudio
1495 2768 1849 2848 confluere
1901 2771 2178 2869 gloriati
2230 2784 2425 2846 sunt.
2482 2771 2713 2868 Atque
2738 2771 3023 2851 etiamsi

899 2886 1174 2984 aliquae
1227 2887 1598 2962 extiterint
1645 2888 2123 2976 difficultates,
2178 2888 2269 2966 ob
2321 2910 2498 2986 quas
2548 2887 2637 2965 ad
2684 2885 2831 2960 Nos
2900 2909 3023 2960 ve·-

895 3013 1048 3084 nire
1105 3011 1394 3086 minime
1448 3011 1851 3106 potueritis,
1912 3025 2147 3085 tamen
2198 3035 2409 3086 nemo
2472 3011 2809 3107 impedire
2876 3010 3019 3085 vos

897 3129 1156 3224 potuit,
1212 3129 1596 3224 quominus
1649 3141 1925 3202 vestras
1976 3131 2063 3202 ad
2116 3129 2259 3204 Nos
2294 3127 2691 3203 scriberetis
2718 3126 3023 3202 Litteras

895 3247 1152 3344 quibus
1205 3261 1520 3320 vestram
1573 3270 1739 3343 erga
1792 3246 1963 3335 Nos,
2018 3262 2093 3322 et
2144 3249 2325 3322 hanc
2362 3247 2553 3320 Petri
2586 3245 3017 3321 Cathedram

895 3357 1282 3438 catholicae
1333 3364 1626 3437 unitatis
1684 3377 2011 3438 centrum
2062 3365 2303 3453 fidem,
2361 3367 2701 3460 pietatem
2753 3375 2829 3437 et
2886 3365 3021 3438 ob-

893 3482 1328 3556 servantiam
1379 3482 1856 3570 declararetis,
1898 3485 2497 3581 quemadmodum
2535 3505 2699 3557 cum
2734 3505 3017 3557 summa

895 3599 1008 3673 sui
1059 3599 1366 3673 nominis
1419 3598 1649 3684 laude,
1710 3611 1787 3673 et
1836 3599 2095 3674 Nostra
2158 3598 2635 3676 consolatione
2697 3599 3019 3674 fecerunt

896 3730 1054 3794 tum
1105 3717 1372 3804 ltaliae,
1429 3729 1584 3792 tum
1619 3720 1917 3793 aliarum
1952 3719 2430 3795 Ecclesiarum
2471 3720 2843 3794 Sacrorum
2886 3720 3025 3793 An-

895 3839 1186 3926 tistites,
1251 3837 1508 3936 quibus
1569 3861 1945 3913 romanum
2010 3843 2147 3913 iter
2208 3841 2567 3936 suscipere
2600 3841 2897 3914 minime
2932 3842 3020 3914 li-

895 3959 1067 4032 cuit.
1131 3956 1238 4032 Ea
1297 3979 1508 4054 porro
1567 3979 1695 4052 spe
1756 3969 2243 4032 sustentamur
2303 3957 2479 4047 fore,
2546 3955 2815 4032 Dilecta
2888 3957 3017 4030 Fili

895 4073 1152 4148 Noster
1199 4098 1280 4148 ac
1332 4072 1784 4149 venerabiles
1850 4075 2129 4152 Fratres
2168 4129 2190 4165 ‚
2258 4089 2339 4151 ut
2400 4075 2541 4151 Vos
2601 4077 2785 4149 serio
2844 4099 3021 4148 con-

896 4190 1298 4266 siderantes.
1339 4191 1408 4264 in
1463 4205 1852 4288 conspectu
1888 4192 2171 4271 Domini
2210 4195 2625 4294 gravissima
2661 4191 2865 4268 officii
2900 4214 3025 4264 ve-
