3317 5267
2262 478 2290 545 1
2312 477 2426 549 63·

284 586 543 674 tinere,
575 598 787 684 atque
823 584 913 658 ab
949 583 1303 674 omnibus,
1345 586 1433 661 ad
1471 610 1645 683 quos
1685 596 1986 682 spectat,
2025 586 2393 673 inviolabi-

279 703 449 779 liter
500 703 884 791 observari,
924 703 1190 801 sicque,
1231 716 1307 776 et
1340 727 1484 779 non
1522 702 1718 792 alias,
1755 726 1882 800 per
1916 728 2400 804 quoscumque

283 817 571 893 Iudices
622 816 1051 906 ordinarios,
1082 818 1195 892 vel
1236 816 1639 916 Delegatos,
1680 820 1928 917 quavis
1981 824 2402 895 auctoritate

269 932 676 1033 fungenteS,
732 938 953 1010 etiam
1002 958 1371 1010 causarum
1427 935 1678 1010 Palatii
1733 938 2114 1033 Apostolici
2179 938 2394 1015 Audi-

274 1064 470 1128 tores
508 1054 811 1129 Sanctae
848 1052 1209 1129 Romanae
1246 1054 1603 1129 Ecclesiae
1640 1052 2042 1130 Cardinales
2079 1058 2296 1131 etiam
2323 1060 2410 1133 de

274 1168 528 1245 Latere
555 1170 1064 1271 Legatos,Vice
1094 1170 1421 1269 LegatoS,
1450 1172 1822 1270 dictaeque
1861 1173 2060 1247 Sedis
2091 1174 2398 1251 Nuncios

272 1289 567 1362 iudicari
620 1300 695 1363 et
746 1290 1021 1363 definiri
1073 1289 1354 1377 debere,
1410 1300 1485 1362 et
1536 1290 1599 1363 si
1650 1312 1857 1364 secus
1897 1313 2110 1386 super
2157 1291 2298 1379 his,
2356 1314 2397 1363 a

272 1428 659 1503 quoquam,
698 1407 945 1502 quavis
997 1408 1418 1481 auctoritate
1460 1407 1790 1497 scienter,
1831 1408 1944 1485 vel
1989 1409 2406 1504 ignoranter

270 1523 647 1619 contigerit
697 1525 1061 1613 attentari,
1100 1523 1377 1597 irritum
1431 1534 1505 1596 et
1556 1524 1765 1598 inane
1815 1525 2144 1601 volumus
2181 1537 2396 1621 atque

276 1636 752 1712 decernimus.

422 1756 577 1830 Non
630 1754 1105 1847 obstantibuS,
1162 1770 1515 1856 quatenus
1568 1783 1750 1857 opus
1803 1760 1922 1847 sit,
1979 1758 2281 1850 Nostris,
2319 1770 2396 1833 et

274 1871 743 1949 Cancellariae
816 1874 1253 1971 Apostolicae
1326 1878 1585 1975 regulis
1683 1879 1770 1952 de
1837 1877 1996 1974 jure
2069 1878 2390 1975 quaesito

271 2014 417 2065 non
453 1990 783 2080 tollend0,
816 2005 889 2065 et
922 1994 1009 2067 de
1044 1994 1288 2089 gratiis
1328 2018 1471 2068 non
1507 1995 1972 2069 concedendis
2010 1995 2096 2067 ad
2137 1996 2386 2080 instar,

268 2130 355 2181 ac
425 2106 913 2183 Lateranensis
1000 2106 1292 2184 Concilii
1400 2111 1788 2185 novissime
1859 2110 2189 2184 celebrati
2241 2111 2390 2185 dis-
2445 2112 2456 2123 “

268 2224 823 2301 membrationes
858 2238 1263 2323 perpetuas,
1311 2229 1448 2301 nisi
1500 2229 1573 2301 in
1627 2228 1906 2302 casibus
1944 2252 1986 2300 a
2019 2228 2178 2325 jure
2229 2251 2395 2324 per-
2527 2246 2534 2255 ·

267 2343 509 2417 missis
533 2342 683 2417 fieri
711 2342 1153 2440 prohibentis
1188 2346 1507 2441 aliisque·
1533 2347 1752 2419 etiam
1781 2346 1854 2419 in
1891 2345 2386 2444 SynodalibuS,

270 2456 852 2551 Provincialibus,
918 2460 1406 2551 GeneralibuS,
1471 2462 2146 2561 Universalibusque
2199 2462 2393 2539 Con-

269 2580 449 2654 ciliis
545 2582 753 2656 editis
840 2582 1259 2678 specialibus
1312 2585 1425 2657 vel
1472 2584 1934 2682 ⁴generalibus
1997 2582 2376 2664 Constitu—-

267 2700 607 2788 tionibus,
662 2712 737 2775 et
762 2698 1337 2777 ordinationibus
1392 2702 1842 2799 ApostoliciS,
1896 2704 2382 2800 dicturumque

264 2815 967 2913 Metropolitanarum
1058 2818 1438 2892 Tranensis
1526 2830 1602 2892 et
1697 2819 1996 2893 Sanctae
2101 2818 2360 2893 Mariae

265 2932 551 3030 Maioris
612 2933 1094 3010 Ecclesiarum
1153 2936 1370 3010 etiam
1417 2934 1848 3031 juramento,
1905 2936 2384 3011 confirmatio-

260 3076 359 3127 ne
444 3052 845 3150 Apostolica
926 3053 1041 3127 vel
1140 3056 1391 3152 quavis
1462 3054 1798 3129 firmitate
1876 3055 2010 3128 alia
2095 3053 2385 3129 robora-

264 3170 387 3256 tis,
441 3164 753 3259 statutis,
784 3182 861 3243 et
894 3171 1546 3258 consuetudinibuS,
1577 3172 1970 3268 privilegiis
2024 3184 2098 3245 et
2151 3173 2385 3245 indul-

262 3288 387 3361 tis.
446 3284 716 3377 Quibus
771 3288 1101 3363 omnibus
1156 3300 1231 3362 et
1284 3287 1579 3384 singulis
1609 3339 1630 3375 ,
1693 3288 1971 3361 etiamsi
2046 3310 2174 3383 pro
2229 3288 2388 3362 illo-

258 3426 421 3479 rum
458 3405 833 3480 sufficienti
870 3405 1325 3502 derogatione
1355 3407 1441 3478 de
1474 3405 1611 3479 illis
1648 3426 2040 3501 eorumque
2071 3404 2244 3479 totis
2271 3418 2384 3479 te·-

259 3520 553 3597 noribus
580 3522 929 3617 specialis,
966 3522 1315 3618 specifica,
1348 3545 1690 3619 expressa
1721 3533 1794 3597 et
1825 3523 2209 3612 individua,
2239 3547 2382 3599 non

262 3650 507 3713 autem
535 3662 665 3736 per
688 3640 1033 3716 clausulas
1058 3640 1421 3737 generales
1458 3640 1645 3715 idem
1676 3642 2146 3737 importantes
2173 3665 2382 3715 men-

261 3758 371 3833 tio
420 3756 742 3833 habenda
819 3756 1005 3833 foret
1036 3812 1057 3847 ,
1114 3761 1381 3835 eisdem
1434 3759 1928 3856 praesentibus
1982 3781 2112 3855 pro
2176 3760 2382 3856 plene

256 3885 335 3949 et
384 3874 809 3950 sufficienter
860 3880 1213 3973 expressis
1266 3878 1638 3964 habentes,
1695 3876 1832 3951 illis
1890 3876 2060 3949 alias
2114 3878 2186 3948 in
2250 3899 2380 3950 suo

254 3990 510 4067 robore
559 3994 1065 4089 permansuris,
1120 3994 1463 4069 latissime
1510 4005 1585 4067 et
1636 3992 2075 4089 plenissime,
2106 3994 2380 4090 specia-

252 4108 446 4198 liter,
474 4120 551 4185 et
576 4132 933 4207 expresse,
966 4134 1095 4207 pro
1118 4110 1253 4185 hac
1282 4112 1433 4186 vice
1462 4112 1865 4199 dumtaxat,
1909 4110 2159 4186 harum
2197 4133 2380 4209 quo-

253 4248 397 4323 que
448 4226 655 4312 serie,
684 4227 1107 4325 derogamus
1158 4228 1552 4325 ceterisque
1588 4227 1804 4300 etiam
1832 4228 2116 4324 speciali
2169 4250 2380 4303 men-

256 4342 453 4417 tione
501 4341 733 4440 dignis
785 4343 1155 4420 contrariis
1216 4342 1804 4441 quibuscumque.
