3317 5267
887 417 1037 492 618

882 533 1093 607 fidem
1148 525 1700 629 religionemque
1754 531 2092 609 radicitus
2121 531 2478 626 extirpare
2513 529 3000 604 connituntur.

884 648 1131 746 ltaque
1183 646 1356 721 nihil
1404 646 1841 733 dubitamus,
1897 648 2067 744 quin
2123 645 2294 733 Vos,
2347 642 2606 720 Dilecti
2657 644 2818 718 Filii
2869 645 3012 720 No-

886 763 1017 838 stri
1070 783 1153 838 ac
1206 760 1658 837 venerabiles
1715 762 2025 850 Fratres,
2081 761 2466 837 confortati
2502 762 2574 834 in
2613 764 2844 858 gratia
2872 759 3018 837 Do—

887 881 1063 955 mini
1114 879 1361 954 Nostri
1414 878 1575 953 Iesu
1628 876 1895 952 Christi
1947 903 2078 976 pro
2129 879 2414 976 egregio
2465 889 2704 954 vestro
2741 880 3022 976 episco-

888 997 1032 1095 pali
1084 998 1235 1072 zelo
1288 996 1601 1093 pergatis
1639 1046 1661 1083 ,
1743 1007 1827 1070 nt
1878 996 2108 1070 adhuc
2159 1017 2325 1071 cum
2401 997 2719 1070 maxima
2799 995 3026 1070 vestri

888 1112 1201 1186 nominis
1254 1111 1459 1186 laude
1511 1109 1805 1196 fecistis,
1861 1111 2432 1186 concordissimis
2483 1111 2741 1204 animis
2793 1122 2873 1185 et
2925 1120 3026 1184 in-

888 1231 1271 1328 geminatis
1322 1230 1573 1304 studiis
1624 1237 2038 1307 constanter
2087 1253 2446 1327 opponere
2527 1251 2834 1305 murum·
2893 1253 3024 1327 po

892 1347 1125 1424 Domo
1178 1348 1425 1436 lsrael,
1482 1361 1559 1422 et
1610 1360 1882 1422 certare
1935 1345 2210 1424 honum
2263 1361 2628 1424 certamen
2673 1347 2896 1436 fidei,
2951 1360 3024 1422 et

890 1466 983 1540 ab
1036 1467 1123 1542 ad
1131 1468 1600 1543 versariorum
1656 1466 1925 1542 insidiis
1976 1466 2220 1542 fideles
2271 1487 2480 1542 curae
2511 1477 2798 1541 vestrae
2819 1487 3025 1543 com-

889 1587 1148 1661 missos
1199 1583 1601 1672 defendere,
1640 1585 1940 1682 illosque
1979 1584 2261 1659 assidue
2297 1605 2616 1672 monere,
2655 1595 2736 1658 et
2759 1585 3025 1675 exhor-.-

890 1702 1028 1775 tari
1064 1745 1086 1788 ,
1143 1710 1225 1775 ut
1272 1701 1794 1776 sanctissimam
1845 1701 2064 1776 fidem
2107 1754 2132 1789 ,
2183 1701 2344 1776 sine
2393 1723 2534 1798 qua
2566 1699 3028 1797 :impossibile

892 1831 1007 1895 est
1055 1820 1329 1917 placere
1380 1819 1531 1895 Deo
1568 1873 1593 1910 ,
1675 1831 1752 1894 et
1797 1843 2014 1917 quam
2067 1843 2112 1892 a
2161 1817 2450 1894 Christo
2525 1817 2834 1895 Domino
2903 1842 3030 1916 pet

900 1936 1277 2035 Apostolos
1332 1948 1533 2011 tenet
1585 1948 1668 2011 ac
1701 1937 1912 2012 docet
1934 1935 2282 2012 catholica
2318 1936 2658 2026 Ecclesia,
2687 1944 3026 2013 constati-

898 2059 1171 2133 tissimc
1224 2067 1517 2133 teneant
1543 2109 1566 2144 ,
1621 2079 1704 2132 ac
1753 2057 2044 2134 stabiles
2097 2067 2172 2132 et
2221 2059 2506 2134 immoti
2559 2061 3028 2156 permancant

898 2177 971 2251 in
1022 2179 1262 2254 divina
1312 2189 1557 2254 nostra
1608 2177 1969 2275 religione,
2025 2201 2210 2277 quae
2259 2201 2400 2253 nna
2431 2191 2544 2253 est
2569 2201 2766 2267 vera,
2797 2177 3032 2254 aeter·-

896 2317 1205 2394 namque
1254 2309 1461 2394 parat
1510 2296 1844 2383 salutem,
1899 2319 1982 2369 ac
2031 2294 2309 2369 civilem
2363 2293 2584 2368 etiam
2605 2296 3024 2377 societatem

896 2415 1011 2491 vel
1066 2413 1377 2489 maxime
1398 2501 1403 2504 ,
1428 2416 1734 2511 sospitat
1783 2425 2002 2512 atque
2051 2411 2399 2488 fortunat.
2438 2409 2908 2512 Quapropter·
2936 2437 3026 2488 no

894 2532 1235 2608 desinatis
1284 2554 1411 2627 per
1460 2528 1806 2628 parochos
1859 2530 2286 2626 praesertim
2316 2581 2341 2617 ,
2419 2529 2736 2627 aliosque
2781 2529 3029 2604 eccle-

897 2647 1221 2724 siasticos
1272 2649 1460 2723 viros
1514 2650 1701 2724 vitae
1738 2649 2172 2745 integritate,
2219 2669 2504 2722 morum
2539 2647 2923 2743 gmviute,
2947 2671 3030 2721 ae

898 2789 1072 2840 sana
1122 2765 1483 2864 solidaque
1530 2767 1852 2842 doctrina
1899 2777 2262 2864 spectatos
2299 2776 2476 2838 ctum
2505 2796 2534 2831 ·.
2557 2765 2782 2838 divini
2835 2759 3028 2839 verbi

900 2883 1451 2982 praedicatione,
1509 2895 1662 2958 tum
1715 2883 2070 2958 catechesi
2125 2881 2427 2979 populos
2481 2883 2693 2956 curae
2745 2895 3026 2956 vestrae

898 2999 1197 3078 traditos
1252 3001 1645 3076 veneranda
1696 3013 2040 3099 augustae
2093 3011 2403 3076 nostrae.
2457 3000 2824 3099 religionis
2865 3023 3030 3098 my·

902 3119 1144 3206 steria,
1198 3117 1617 3204 doctrinam,
1677 3127 2076 3216 praecepta,
2131 3116 2582 3215 disciplinam
2649 3120 3024 3195 continen-

903 3248 1019 3310 ter
1068 3247 1143 3308 et
1193 3247 1520 3310 accurate
1566 3236 1842 3312 docere.
1897 3233 2187 3308 Etenim
2241 3235 2564 3331 apprime
2623 3235 2868 3323 scitis,
2905 3235 3030 3308 in·-

902 3363 1193 3449 gentem
1240 3351 1589 3426 malorum
1642 3362 1920 3448 partem
1967 3373 2058 3425 ex
2111 3349 2514 3426 divinarum
2549 3371 2818 3440 rerum,
2843 3373 3024 3487 quae

905 3469 999 3543 ad
1046 3467 1351 3542 salutem
1374 3469 1810 3544 necessariae
1839 3477 2037 3556 sunt,
2071 3466 2350 3542 inscitia
2386 3468 2815 3568 plerumque
2830 3469 3022 3556 ofin,

902 3606 1011 3663 ac
1038 3596 1412 3683 pmpteoea
1448 3585 1682 3683 probe
1733 3585 2123 3683 intelligitis
2157 3637 2178 3675 ‚
2235 3607 2522 3662 onmem
2577 3609 2852 3663 curam
2861 3588 3028 3660 iu—

902 3702 1389 3802 dum-iamque
1439 3727 1603 3780 esse
1656 3705 2156 3796 adhibendam,
2194 3715 2280 3781 ut
2327 3705 2730 3784 huiusmodi
2740 3705 3022 3781 malum

904 3849 971 3898 a
998 3821 1278 3921 populis
1326 3823 1748 3920 depellatur
2149 3868 2154 3877 ·
2773 3858 2808 3892 ι.

1060 3943 1461 4039 Antequam
1516 3964 1680 4018 vero
1729 3943 1896 4019 huic
1943 3939 2244 4019 Nostrae
2268 3939 2628 4040 Epistolac
2651 3943 2870 4017 finem
2917 3941 3028 4016 fa*

908 4060 1203 4146 ciamus,
1259 4057 1475 4135 Nobis
1528 4072 1924 4157 temperare
1975 4083 2118 4136 non
2152 4083 2575 4158 possumus,
2647 4059 2818 4159 quin
2873 4081 3028 4133 me—

906 4174 1079 4250 ritas
1128 4173 1369 4251 ltaliae
1422 4173 1624 4252 Clero
1678 4177 1922 4268 laudes
1977 4175 2372 4270 tipibuamus
2401 4232 2426 4268 ,
2504 4179 2626 4276 qui
2667 4201 2768 4266 ‚ex
2819 4187 3026 4274 parte
