3317 5267
2286 447 2418 518 501

905 671 1160 765 1³le
1219 671 1831 767 EPISGOPVS

993 1165 1214 1212 snmus
1253 1163 1564 1212 snvonvu
1607 1165 1707 1212 1181

876 1425 954 1471 Ab
997 1425 1328 1471 rurum!
1369 1426 1463 1471 ul
1493 1423 1823 1471 ΙΒΗΟΙΙΑΙ.

314 1853 382 1949 3.
450 1856 514 1924 1.
573 1765 942 1932 Societas
997 1851 1166 1926 Jesu
1219 1850 1446 1948 qualis
1497 1849 1899 1924 labentibus
1953 1850 2251 1926 saeculis
2320 1852 2435 1928 su-

315 1983 476 2046 tura
527 1983 716 2046 esset
771 1971 880 2045 vel
935 1995 976 2044 a
1027 1972 1256 2067 prima
1308 1991 1436 2044 sua
1489 1969 1937 2046 institutione
1990 1973 2435 2068 apertissime

311 2088 854 2164 demonstravit.
931 2088 1268 2184 Majorem
1339 2088 1530 2165 enim
1607 2085 1735 2162 Dei
1808 2089 2127 2186 gloriam,
2217 2114 2435 2188 quam

314 2212 628 2309 ignatius
680 2224 1043 2309 tamquam
1097 2209 1379 2285 Ordinis
1429 2211 1539 2286 sui
1593 2223 1937 2286 tesseram
1990 2237 2145 2288 esse
2201 2215 2436 2310 jusse-

309 2341 448 2418 rat,
505 2353 644 2406 non
709 2331 918 2404 modo
981 2331 1132 2425 ipse
1193 2330 1364 2404 totis
1428 2327 1721 2414 viribus,
1786 2330 1911 2404 sed
1974 2353 2223 2406 omnes
2282 2335 2438 2430 eJ‘us

309 2449 430 2522 filii
485 2471 770 2546 semper
819 2458 895 2522 et
947 2447 1208 2545 ubique
1270 2459 1620 2521 terrarum
1682 2437 1889 2521 enixe
1952 2452 2431 2548 quaesierunt.
2491 2537 2501 2544 .

311 2563 492 2642 Hinc
543 2567 866 2641 ethnicae
917 2565 1402 2662 superstitioni
1451 2563 1717 2640 bellum
1753 2579 2181 2664 perpetuum
2218 2581 2434 2668 atque

313 2689 582 2764 haeresi
637 2688 972 2774 indicere,
1026 2686 1312 2783 collegia
1365 2685 1454 2759 ad
1507 2709 1763 2782 pueros
1815 2689 2079 2784 pietate
2145 2690 2447 2764 litteris-

315 2829 454 2904 que
503 2804 986 2880 informandos
1039 2803 1434 2888 instituere,
1491 2803 1885 2878 academias
1924 2806 2178 2894 colere,
2218 2805 2434 2882 libros

313 2923 548 3010 edere,
599 2919 1082 3019 spiritualibus
1135 2919 1492 2992 exercitiis
1542 2930 1620 2993 et
1670 2921 2127 2996 concionibus
2184 2925 2272 2996 ad
2324 2947 2443 2998 sa·—

311 3053 836 3118 cramentorum
901 3039 1378 3138 frequentiam
1453 3061 1536 3113 ac
1606 3040 1945 3114 virtutem
2016 3041 2439 3118 christianos

309 3161 644 3247 excitare,
699 3159 976 3256 aliaque
1027 3155 1316 3254 pietatis
1369 3177 1588 3252 opera
1641 3157 1897 3230 animis
1950 3153 2100 3235 Deo
2160 3159 2441 3233 lucran-

311 3279 422 3353 dis
483 3299 836 3353 cxercere.
904 3275 1276 3350 Neminem
1341 3297 1507 3349 vero
1568 3275 1745 3349 latet
1804 3275 2017 3372 hujus
2069 3276 2443 3352 Societatis

311 3396 666 3493 professos
715 3398 804 3471 ad
861 3397 994 3470 tria
1049 3393 1392 3470 solemnia
1447 3407 1614 3470 vota
1670 3395 1927 3468 ceteris
1976 3396 2197 3470 sacris
2230 3394 2445 3470 farni-

312 3515 422 3590 liis
475 3515 622 3592 Deo
673 3516 926 3591 dicatis
989 3518 1416 3604 communia,
1483 3525 1819 3613 quartum
1884 3513 2053 3590 illud
2114 3517 2445 3592 nomina-

313 3635 448 3706 tim
511 3634 918 3732 adjungere,
985 3655 1064 3709 se
1125 3635 1212 3709 ad
1273 3633 1586 3708 fidelium
1649 3633 1763 3707 vel
1826 3631 2211 3708 infidelium
2278 3635 2479 3708 dis—·

310 3751 795 3848 junctissimus
855 3753 1074 3827 etiam
1137 3751 1328 3826 orbis
1399 3763 1640 3848 partes
1710 3749 1958 3824 libenti
2028 3753 2294 3838 animo,
2368 3761 2445 3825 et

313 3872 738 3947 christianae
791 3875 890 3947 rei
943 3895 1154 3948 causa
1211 3875 1458 3960 ituroS,
1513 3873 1903 3946 dummodo
1940 3869 2259 3947 Pontifici
2290 3869 2445 3945 Ma-

315 3992 510 4066 ximo
569 3990 868 4088 placcat,
931 3992 1121 4066 nulla
1183 3991 1394 4066 modo
1461 3990 1815 4077 mercede,
1876 3990 2000 4063 sed
2064 4011 2153 4064 ne
2220 3989 2443 4086 ipsius

315 4107 550 4183 viatici
627 4108 971 4205 petitione
1035 4110 1333 4206 adjecta.
1403 4105 1514 4182 Ex
1585 4131 1731 4204 quo
1802 4105 2067 4184 factum
2150 4121 2287 4194 est,
2360 4118 2447 4181 ut
