3317 5267
2088 462 2239 539 307

237 594 504 649 esensem
551 575 766 649 etiam
820 566 1328 670 Episcopatutn
1363 583 1682 649 actutum
1726 570 2077 673 erigamus
2116 582 2235 653 in·-

235 714 284 761 ir
325 690 470 765 alios
513 692 580 763 in
633 690 750 763 illa
799 688 1096 762 Haitana
1165 687 1550 783 Republica
1609 688 2108 780 instituendoS,
2148 706 2233 770 ut

235 806 693 880 hristifidelium
745 805 886 880 illic
935 804 1114 878 adeo
1155 804 1823 879 increbrescentium
1885 810 2231 903 spirituali

235 944 340 996 >no
385 936 450 998 et
481 924 844 998 commodo
877 923 1250 1020 aliquando
1286 922 1675 998 consultius
1710 926 2063 1020 provideri
2098 948 2229 1000 va·-

235 1050 317 1110 at.

302 1152 388 1227 Et
417 1174 646 1229 revera
682 1152 770 1228 ad
805 1152 1207 1229 huiusmodi
1244 1154 1727 1229 institutiones
1762 1156 2225 1232 conficiendas

235 1272 422 1344 ovida
466 1286 534 1346 et
581 1273 912 1346 salutaria
957 1274 1108 1369 jam
1161 1270 1444 1347 fuerant
1489 1274 1742 1347 collata
1780 1274 2067 1348 consilia
2103 1296 2227 1348 ca*

236 1390 348 1461 *ndi
393 1391 982 1487 prospiciendique
1019 1392 1242 1487 gratia
1279 1392 1390 1479 iis,
1430 1414 1610 1488 quae
1648 1372 2101 1487 potissimum
2136 1394 2227 1467 ad

235 1508 434 1602 tgulas
457 1508 658 1582 huius
693 1509 926 1603 operis
962 1512 1392 1583 necessarias
1427 1510 1828 1584 dotationes
1865 1523 2219 1606 oportere,

235 1648 270 1695 c
327 1644 457 1698 non
516 1626 598 1697 iis
659 1624 814 1698 aliis
875 1644 1056 1721 quae
1121 1626 1208 1698 ad
1267 1638 1534 1699 rectam
1595 1627 1819 1701 totius
1880 1626 2229 1723 quusque

235 1744 460 1817 ›ecesis
507 1741 1182 1816 administrationem
1237 1754 1312 1816 et
1361 1744 1675 1839 regimen
1728 1744 2072 1817 interesse
2138 1766 2219 1819 ac

235 1859 360 1953 igis
433 1858 764 1953 expedire
837 1858 1094 1932 debere
1170 1859 1663 1933 censebantur.
1722 1858 1905 1933 Hinc
1982 1860 2227 1955 auspi-

235 1998 286 2047 >o
335 1974 622 2070 contigit
675 1986 754 2046 ut
799 1974 886 2047 ad
939 1974 1114 2048 haee
1165 1974 1482 2070 profecto
1535 1976 1723 2047 inter
1755 1974 1939 2047 hane
1972 1974 2048 2047 S.
2088 1972 2225 2048 Se-

235 2112 282 2159 n
337 2088 830 2185 Apostolicam‚
886 2102 960 2163 et
995 2090 1316 2187 ejusdem
1351 2090 1693 2163 Haitauae
1765 2089 2223 2186 Reipublicae

236 2204 574 2292 bernium,
629 2206 744 2279 die
799 2206 1138 2301 vigesima
1175 2218 1428 2281 octava
1464 2206 1729 2279 mensis
1766 2206 2003 2278 martii
2048 2228 2221 2302 pro·-

235 2348 304 2397 1e
355 2326 742 2419 praeteriti,
773 2318 1291 2421 ⁸anni-Domini
1356 2322 1712 2397 millesimi
1773 2325 2223 2419 octingente-

235 2442 272 2512 ιὶ
327 2442 746 2537 sexagesimi
801 2441 974 2513 inita
1014 2492 1035 2527 ,
1085 2442 1198 2513 die
1259 2452 1502 2513 autem
1565 2440 1905 2536 vigesima
1967 2441 2217 2538 quinta

237 2558 600 2653 sequentis
637 2556 1062 2653 septembris
1097 2569 1250 2629 rata
1289 2556 1618 2653 utrinque
1676 2555 1889 2630 fuerit
1922 2556 2217 2651 provida

237 2678 498 2749 iventio
533 2674 1078 2772 solemniterque
1105 2676 1402 2765 sancita,
1430 2690 1598 2772 qua,
1626 2678 1837 2750 sartis
1866 2677 2221 2771 tectisque

237 2796 468 2867 [aratis
519 2818 646 2890 pro
709 2794 1341 2869 ecclesiasticarum
1377 2816 1614 2869 rerum
1649 2794 2217 2869 administratio·-

237 2921 288 2979 >t
315 2910 671 3005 regimine
697 2910 766 2982 in
793 2904 1390 2983 Haitana'Ditione
1413 2910 1753 2984 contiuuo
1782 2910 2214 3006 agendarum

239 3024 730 3099 ortunioribus
755 3022 1250 3121 providentiis,
1281 3038 1640 3121 acceptae,
1682 3035 2019 3121 certoque
2070 3046 2221 3095 cer·

281 3142 752 3217 confirmatae
803 3141 1092 3215 fuerunt
1141 3143 1558 3238 sponsiones
1611 3141 1705 3214 ab
1753 3140 2006 3215 eodem
2062 3138 2214 3215 Gu-

239 3264 332 3337 nio
371 3286 467 3336 ex
507 3263 830 3359 impensa
867 3262 992 3335 sua
1033 3260 1539 3348 munificentia,
1579 3260 2047 3358 religiosaque
2074 3258 2213 3333 fide

239 3390 434 3465 atae,
479 3392 566 3451 ut
607 3389 840 3453 totum
877 3376 1014 3451 hoc
1049 3377 1422 3473 negocium
1457 3376 1544 3450 de
1579 3376 1875 3473 singulis
1910 3376 2209 3472 Episco-

241 3518 364 3569 Jus
421 3496 527 3569 ibi
551 3544 558 3551 -
580 3498 862 3570 noviter
909 3496 1256 3592 erigendis
1307 3494 1606 3569 feliciter
1640 3492 1887 3569 confici
1924 3518 2211 3569 eorum·-

265 3616 704 3688 necessariis
753 3614 1232 3689 dotationibus
1281 3612 1508 3688 fulciri
1552 3624 1790 3711 queat.

241 3730 473 3805 Huius
533 3733 750 3828 igitur
801 3732 902 3804 rei
953 3754 1233 3829 quoque
1284 3730 1733 3807 facessendae
1786 3732 2207 3805 necessitate

243 3872 280 3923 e
341 3850 672 3923 utilitate
725 3850 1040 3946 apprime
1093 3860 1489 3947 perspecta,
1543 3848 1717 3936 Nos,
1768 3848 1890 3945 qui
1944 3848 2017 3919 in
2068 3870 2207 3921 su·-

243 3992 314 4039 1a
378 3966 597 4041 Beati
653 3962 848 4041 Petri
901 3968 1106 4057 Sede,
1163 3968 1311 4045 Deo
1370 3969 1470 4042 sic
1525 3967 1831 4054 volente,
1886 3964 2205 4041 collocati

243 4112 248 4129 ·
289 4087 764 4181 praecipuas,
803 4086 1060 4181 quibus
1098 4087 1408 4183 undique
1443 4086 1854 4181 premimur,
1884 4094 2209 4180 pastora-

243 4202 428 4275 sticii
487 4224 704 4275 curas
753 4201 918 4276 illud
971 4202 1420 4297 potissimum
1483 4224 1650 4298 prae
1712 4201 1929 4277 oeulis
1956 4244 1959 4251 -
1983 4200 2207 4275 habe-
