3317 5267
827 388 978 463 210

821 528 976 580 rem
1009 500 1370 600 praeclara
1425 500 1560 575 ista
1597 498 2027 575 scribentem
2062 526 2096 573 «
2132 498 2234 576 Ad
2264 500 2662 577 Romanam
2695 494 2959 573 Eccle-

831 646 867 691 »
927 620 1108 695 siam
1159 629 1450 716 propter
1489 616 1840 713 potiorem
1877 618 2475 715 principalitatem
2508 638 2801 691 necesse
2836 626 2961 690 est

835 764 872 807 n
932 756 1220 812 omnem
1256 733 1635 809 convenire
1665 732 2086 820 Ecclesiam,
2115 734 2254 809 hoc
2289 744 2403 807 est
2435 756 2587 820 eoS,
2624 733 2749 829 qui
2784 740 2964 806 sunt

835 878 872 923 n
931 853 1240 950 undique
1265 850 1502 925 fideles
1529 876 1600 923 »z
1637 852 1759 947 qui
1788 850 1984 926 nullo
2011 849 2216 925 fracti
2241 862 2466 939 metu,
2497 850 2690 926 nullo
2725 860 2965 923 retar-

831 972 980 1045 dati
1020 970 1358 1067 periculo,
1400 979 1556 1042 tum
1593 990 1770 1043 voce
1809 978 1966 1041 tum
2002 968 2285 1064 scriptis
2320 968 2579 1043 Nostra
2612 967 2965 1041 Sanctae-

832 1112 972 1188 que
983 1086 1184 1164 Sedis
1211 1090 1364 1161 iura
1395 1088 1747 1162 vindicare
1777 1085 2591 1185 certaverint,Nobisque
2620 1084 2965 1160 exhibere

835 1230 1200 1307 nunquam
1253 1208 1771 1281 intermiserint
1820 1206 2218 1280 certissima
2270 1205 2666 1281 devotionis
2728 1228 2965 1300 argu-

835 1325 1130 1401 menta!
1187 1323 1508 1415 Quorum
1561 1320 1734 1410 Nos,
1792 1322 2231 1419 aliorumque
2284 1346 2413 1420 per
2462 1321 2712 1398 orbem
2750 1318 2967 1393 Anti-

837 1445 1090 1519 stitum
1144 1444 1318 1516 dum
1373 1441 1646 1516 meritis
1702 1465 2041 1517 ornamus
2096 1441 2488 1540 praeconiis
2526 1438 2965 1537 pastoralem

843 1582 1142 1647 curam,
1172 1558 1645 1655 vigilantiam,
1698 1558 2140 1646 firmitatem,
2196 1559 2389 1656 ipsos
2458 1558 2628 1631 licet
2696 1564 2963 1653 sponte

835 1698 968 1749 sua
1003 1676 1328 1749 incensos
1365 1685 1783 1772 erectosque
1836 1676 1923 1749 ad
1959 1673 2363 1751 Catholicae
2396 1674 2559 1749 fidei
2602 1670 2966 1749 defensio—

841 1813 1035 1880 nem,
1089 1792 1360 1867 hortari
1415 1805 1652 1867 tamen
1708 1804 1922 1890 atque
1976 1796 2291 1869 excitare
2342 1818 2471 1892 pro
2504 1794 2639 1867 hac
2674 1804 2968 1887 tempo-

839 1930 1001 1985 rum
1035 1910 1410 2006 iniquitate
1435 1933 1578 1984 non
1607 1912 2268 2006 praetermittimuS,
2302 1919 2382 1985 ut
2408 1934 2551 2008 quo
2586 1908 2967 1983 validiores

839 2024 1154 2124 quotidie
1199 2024 1494 2101 hostiles
1529 2027 1840 2123 impetus
1877 2026 2077 2114 fiant,
2115 2050 2213 2101 eo·
2232 2027 2526 2101 firmiori
2560 2026 2805 2100 animo
2842 2046 2971 2098 su-

841 2143 1208 2218 stinendos
1233 2164 1316 2217 ae
1341 2142 1763 2240 frangendos
1789 2156 2064 2232 curent,
2094 2154 2309 2241 atque
2343 2144 2519 2217 adeo
2544 2141 2971 2218 commissos

841 2282 1016 2333 suae
1065 2280 1276 2333 curae
1329 2259 1568 2334 fideles
1620 2259 1708 2332 de
1760 2259 2049 2334 fallaciis
2117 2260 2530 2357 insidiisque
2583 2259 2968 2332 admonere

846 2398 990 2450 non
1041 2377 1392 2462 desinant,
1443 2376 1701 2472 quibus
1752 2377 2050 2450 avellere
2102 2378 2295 2474 ipsos
2347 2399 2388 2450 a
2428 2377 2676 2451 Matris
2710 2373 2969 2448 Eccle-

845 2494 992 2568 siae
1021 2495 1292 2591 gremio
1332 2494 1690 2593 vaferrimi
1725 2495 2051 2571 homines
2087 2498 2567 2571 connitantur.
2606 2494 2761 2569 lam
2798 2514 2973 2566 vero

847 2634 942 2684 ex
991 2610 1394 2684 damnando
1443 2610 1562 2685 illo
1611 2610 1849 2688 libello
1900 2632 2253 2708 quaenam
2308 2613 2599 2686 tandem
2644 2611 2791 2685 sint
2842 2632 2979 2682 au·-

847 2726 1068 2799 ctoris
1119 2737 1194 2799 et
1243 2739 1646 2802 ceterorum
1708 2730 2031 2802 omnium
2093 2728 2387 2804 consilia
2424 2780 2447 2816 ,
2510 2728 2632 2825 qui
2686 2725 2979 2801 civilem

848 2840 1152 2916 Sanctae
1203 2841 1368 2916 Sedi
1419 2844 1901 2941 principatum
1958 2855 2383 2943 extorquere
2436 2856 2807 2929 conantur,
2844 2842 2981 2916 de-

849 2968 1080 3031 tracta
1129 2956 1350 3031 veluti
1383 2958 1580 3031 larva
1619 2956 1997 3032 manifeste
2032 2959 2653 3055 deprehendimus.
2688 2956 2981 3034 Scilicet

847 3077 1024 3151 nihil
1073 3077 1262 3157 aliud
1297 3078 1691 3155 intendunt
1723 3102 1807 3153 ac
1848 3078 2266 3168 moliuntur,
2300 3100 2517 3177 quam
2552 3092 2636 3153 ut
2668 3078 2982 3153 sanctis-

850 3194 1072 3269 simae
1109 3192 1499 3290 Religionis
1537 3192 2003 3268 fundamenta
2037 3192 2483 3269 subvertant.
2526 3195 2605 3270 ld
2642 3217 2813 3269 sane
2850 3216 2983 3291 per

849 3311 1250 3408 provincias
1301 3334 1343 3383 a
1395 3310 1584 3385 civili
1637 3310 1896 3386 Nostra
1944 3302 2429 3389 dominatione
2483 3314 2747 3389 iniuste
2800 3310 2985 3387 sub—

847 3440 1116 3525 reptas,
1169 3430 1240 3503 id
1294 3451 1422 3525 per
1455 3428 1765 3525 reliquas
1817 3429 2059 3505 Italiae
2111 3432 2437 3529 regiones
2488 3428 2982 3529 perfidissimis

835 3546 1236 3645 quibusque
1286 3545 1560 3621 artibus
1611 3547 1927 3623 studiose
1978 3549 2205 3624 curari
2260 3561 2337 3624 et
2386 3551 2713 3625 videmus
2746 3559 2829 3623 et
2864 3548 2982 3620 in-

850 3663 1333 3757 gemiscimus.
1387 3660 1542 3736 an
1593 3675 1921 3758 spectant
1970 3666 2471 3741 disseminatae
2521 3686 2977 3763 quaquaver-

847 3804 974 3855 sus
1027 3800 1398 3877 perversae
1449 3802 1813 3855 sacrorum
1844 3781 2185 3861 librorum
2220 3783 2852 3880 interpretationes
2888 3786 2979 3858 ad

857 3896 1070 3973 fidem
1095 3896 1709 3991 corrumpendam,
1738 3897 1989 3973 diffusa
2016 3898 2105 3973 ad
2128 3899 2711 3976 contaminandos
2738 3902 2981 3979 iuven-

859 4016 1034 4091 tutis
1085 4037 1318 4089 mores
1371 4016 1943 4112 turpissimorum
1994 4017 2393 4096 libellorum
2442 4019 2805 4110 colluvies,
2862 4024 2980 4097 in-

861 4142 1066 4211 vecta
1117 4154 1562 4235 quocumque
1613 4134 1937 4213 effraenis
1974 4138 2259 4213 vivendi
2291 4136 2603 4227 licentia,
2638 4138 2974 4241 despecta
