3317 5267
850 417 1028 606 &vit
1087 528 1182 602 lv
1269 527 1433 603 Idus
1492 526 1693 623 april.
1770 547 1886 596 an.
1962 521 2415 610 mlxxxv,
2492 529 2745 600 aetatis
2822 551 3001 604 suae

853 651 1067 724 tertio
1119 671 1330 744 supra
1383 645 1850 720 tricesimum.
1912 641 2136 739 Saepe
2172 643 2547 716 calumniis
2582 647 2885 740 petituS,
2920 658 3006 719 et

853 767 928 840 in
984 765 1262 839 vincula
1313 764 1677 858 conjectus
1728 783 1859 854 pro
1912 756 2194 833 Christo
2250 761 2398 854 pati
2452 759 2785 836 laetatus.
2826 761 3005 836 Plu-

853 885 992 956 ries
1047 881 1388 958 coenobio
1445 877 1772 976 praefuit,
1842 878 2163 952 omnium
2224 877 2359 949 sibi
2398 875 3001 953 benevolentiam

859 1000 1322 1096 comparavit.
1381 997 1460 1070 ln
1521 1009 1845 1076 extremo
1886 997 2133 1074 morbo
2188 993 2551 1070 tolerando
2622 996 3005 1093 singularis

857 1115 1266 1212 patientiae,
1306 1103 1663 1211 animique
1698 1113 2121 1190 humilitatis
2160 1110 2493 1206 exempla
2526 1112 2753 1186 dedit:
2784 1125 3007 1209 atque

863 1233 1028 1306 illud
1083 1232 1402 1305 mirabile
1453 1233 1640 1328 quod
1702 1257 1915 1332 saepe
1954 1253 2009 1304 a
2072 1228 2565 1303 valetudinarii
2641 1230 3011 1326 praefecto

857 1352 1152 1450 aliisque
1189 1352 1690 1448 interrogatus,
1729 1377 1821 1426 an
1876 1353 2110 1449 aliquo
2162 1347 2535 1445 indigeret,
2574 1371 2821 1423 amore
2867 1349 3003 1422 Dei

859 1469 1192 1542 continue
1231 1469 1620 1564 respondit,
1659 1469 1805 1545 hoc·
1838 1491 2061 1544 unum
2117 1476 2269 1540 toto
2322 1467 2560 1539 animo
2596 1467 3001 1562 discupere.

1018 1585 1082 1678 g.
1146 1591 1213 1657 6.
1275 1583 1725 1682 Quamquam
1778 1586 1927 1658 vita
1979 1585 2311 1658 cessisset
2351 1582 2577 1678 prima
2628 1596 2795 1679 post
2846 1605 3011 1658 me-

861 1701 1050 1776 diam
1105 1715 1390 1776 noctem
1443 1701 1665 1776 hora:
1724 1725 1959 1800 neque
2012 1701 2262 1776 mortis
2344 1699 2613 1772 interea
2684 1700 3009 1796 perlatus

865 1833 1056 1894 osset
1129 1823 1428 1894 nuncius
1457 1873 1478 1908 ,
1535 1843 1821 1896 summo
1872 1843 2083 1894 mane
2138 1841 2383 1894 rumor
2444 1831 2671 1893 totam
2754 1819 3011 1893 urbem

864 1940 1282 2035 pervasit,et
1313 1939 1761 2013 tintinnabuli
1792 1942 2065 2015 sonitus
2096 1939 2251 2036 ejus
2278 1949 2587 2011 mortem
2616 1939 3013 2012 enuncian-

866 2057 960 2130 tis
995 2060 1168 2131 satis
1220 2056 1426 2154 longe
1461 2058 1744 2131 auditus
1796 2070 1936 2145 est,
1974 2057 2163 2154 quod
2200 2077 2433 2153 neque
2488 2065 2737 2152 postea
2772 2077 3011 2152 neque

867 2189 1074 2247 antea
1112 2197 1422 2272 unquam
1465 2185 1829 2250 evenerat.
1877 2175 1955 2246 ln
2012 2175 2339 2270 proximo
2374 2172 2695 2248 coenobii
2734 2173 3007 2268 templo

861 2291 1054 2387 justa
1105 2293 1220 2364 illa
1271 2292 1634 2390 persoluta
1678 2291 2071 2388 frequentis
2128 2291 2367 2388 populi
2404 2311 2753 2364 concursu
2804 2301 3007 2376 sunt3

871 2431 1099 2506 neque
1151 2409 1338 2483 illius
1389 2411 1705 2482 animam
1744 2411 2121 2505 quisquam
2174 2407 2501 2504 precibus
2534 2408 2724 2505 apud
2778 2403 3013 2480 Deum

865 2521 1248 2618 juvandam
1289 2546 1442 2598 esse
1495 2525 1857 2612 censebat,
1896 2524 2024 2598 sed
2060 2522 2322 2597 auxilio
2378 2523 2617 2618 potius
2656 2545 2739 2596 ae
2784 2523 3013 2596 inter·

870 2643 1165 2716 cessioni
1223 2643 1403 2716 illius
1456 2667 1532 2717 se
1585 2646 1819 2740 ipsum
1872 2643 2539 2718 commendandum.

1027 2758 1090 2852 ς.
1151 2764 1220 2832 7.
1279 2758 1480 2833 Haud
1534 2761 1761 2834 multo
1813 2771 1977 2856 post
2030 2757 2245 2832 Vallis
2296 2757 2483 2831 Oleti
2523 2759 2839 2832 Antistes
2892 2783 3012 2834 or-

871 2874 1146 2948 dinaria
1197 2877 1618 2950 auctoritate
1668 2899 2042 2972 processus
2100 2875 2403 2950 condere
2458 2874 2717 2972 coepit,
2756 2877 3013 2973 hisque

874 3013 914 3058 a
965 3013 1164 3064 sacra
1223 2995 1761 3088 congregatione
1798 2993 2051 3067 ritibus
2106 2991 2385 3066 tuendis
2438 2992 2879 3089 approbatis,
2920 2993 3014 3066 ab

877 3106 1158 3182 Urbano
1221 3106 1378 3180 vlu
1459 3112 1997 3204 praedecessore
2064 3107 2326 3182 Nostro
2379 3108 2609 3182 idibus
2688 3109 3007 3183 februar.

873 3250 1058 3302 anno
1135 3225 1558 3300 MDGxxlx
1613 3251 1825 3303 causa
1905 3227 2301 3302 introducta
2358 3240 2471 3300 est
2502 3278 2522 3313 ,
2588 3227 3013 3323 litteraeque

875 3343 1462 3418 commissoriales
1515 3344 1701 3418 latae
1752 3357 1945 3428 sunt,
2009 3355 2091 3418 ut
2142 3344 2215 3416 in
2268 3343 2675 3418 civitatibus
2722 3341 3019 3416 Valliso·

875 3461 1135 3547 letana,
1191 3459 1559 3556 Beagensi,
1618 3460 1928 3548 Vicensi,
2000 3473 2075 3536 et
2125 3459 2523 3535 Matritensi
2554 3511 2575 3548 ‚
2632 3462 2703 3534 in
2754 3461 3017 3558 quibus

879 3577 1298 3655 venerabilis
1348 3575 1476 3654 Dei
1527 3579 1793 3654 Servus
1842 3591 2329 3654 commoratus
2384 3579 2615 3653 fuerat
2644 3629 2665 3666 ,
2722 3591 3021 3675 aposto-

875 3693 1008 3770 lica
1059 3697 1476 3770 auctoritate
1529 3709 1687 3770 acta
1766 3697 2306 3772 conficerentur.
2368 3693 2549 3770 Cum
2602 3697 2841 3771 omnia
2898 3721 3021 3770 cc·

876 3815 1118 3890 leriter
1167 3827 1564 3913 agerentur,
1607 3828 1683 3889 et
1737 3816 2039 3891 Romam
2092 3817 2314 3890 missa
2366 3813 2697 3900 fuissent,
2738 3817 3023 3911 prodie-

874 3945 1044 4005 runt
1093 3933 1376 4006 decreta
1427 3930 1747 4027 ejusdem
1803 3930 2071 4006 Urbani
2126 3929 2313 4021 Vm,
2366 3931 2624 4028 quibus
2676 3933 3020 4006 decerne-

874 4047 1108 4136 batur,
1149 4073 1238 4124 ne
1291 4051 1364 4123 in
1417 4051 1652 4124 causis
1690 4051 2076 4126 Servorum
2131 4047 2258 4123 Dei
2312 4051 2845 4146 procederetur,
2882 4050 3021 4124 nisi

877 4165 1386 4262 quinquaginta
1438 4165 1695 4262 elapsis
1748 4168 1951 4242 annis
2006 4166 2096 4239 ab
2148 4165 2465 4262 ipsorum
2522 4167 2841 4240 interitu.
