3317 5267
915 408 1061 481 tot

915 519 1271 602 immutati
1322 518 1613 608 fuerint,
1650 520 1722 595 id
1761 542 2148 619 numquam
2193 520 2646 621 Apostolicae
2677 522 2846 597 huic
2881 522 3042 599 Sodi

914 650 1029 713 est
1080 637 1560 713 tribuendum.

1070 756 1369 833 Maiores
1408 780 1601 845 vero,
1642 780 1720 831 ac
1757 756 2168 852 potissimae
2222 770 2388 853 post
2437 754 3036 843 funestissimum,

914 885 994 947 et
1028 894 1392 973 nunquam
1440 875 1618 951 satis
1665 872 2046 971 lugendum
2103 872 2340 949 Photii
2373 873 2684 950 schisma
2721 896 2932 949 curae
2968 882 3042 945 et

916 990 1423 1070 sollicitudines
1474 1016 1603 1089 pro
1654 991 2128 1069 Orientalibus
2181 1016 2221 1065 a
2263 992 2605 1067 Romanis
2670 990 3042 1067 Pontifici-

917 1108 1077 1195 bus,
1144 1122 1221 1185 et
1286 1109 1377 1183 ab
1449 1110 1587 1185 hac
1656 1108 2062 1207 Apostolica
2129 1109 2312 1185 Sede
2385 1109 2740 1185 adhibitae
2811 1110 3040 1196 fuere,

914 1252 1095 1327 quae
1148 1229 1678 1327 optatissimum
1725 1232 1800 1304 in
1852 1230 2268 1305 Florentino
2317 1228 2633 1305 Concilio
2695 1252 3046 1327 assequu-

916 1359 1031 1423 tae
1082 1359 1253 1421 sunt
1303 1348 1601 1423 exitum
1632 1370 1799 1425 cum
1855 1348 1926 1423 in
1967 1348 2220 1423 eodem
2261 1344 2576 1425 Concilio
2609 1360 2858 1425 sancta
2917 1370 3045 1423 ce-

916 1464 1175 1541 tbolica
1227 1466 1397 1541 unio
1446 1465 1714 1541 iamdiu
1750 1476 1900 1540 tam
1939 1466 2406 1540 vehementer
2451 1465 2770 1563 expetita
2829 1462 3052 1539 fuerit

912 1584 1267 1659 matituta.
1330 1582 1508 1658 Cum
1568 1607 1737 1662 vero
1789 1582 2066 1659 Marcus
2119 1580 2704 1681 Archiepiscopus
2729 1582 3048 1681 Ephesi-

912 1720 1049 1773 nus
1112 1710 1477 1797 tamquam
1548 1724 1778 1775 novus
1848 1698 2145 1776 Photius
2219 1700 2631 1775 huiusmodi
2701 1702 3044 1777 unionem

914 1815 1169 1915 insigni
1223 1840 1507 1913 prorsus
1558 1818 1850 1892 audacia
1900 1818 2294 1893 convellere
2348 1833 2428 1892 et
2469 1816 2901 1893 labefactare
2929 1836 3048 1895 est

910 1946 1233 2023 conatus,
1294 1934 1599 2011 Romani
1662 1933 2036 2010 Pontifices
2098 1956 2390 2010 omnem
2451 1934 2799 2011 dederunt
2863 1962 3044 2037 ope-

912 2074 1093 2141 ram,
1157 2064 1238 2127 ut
1298 2050 1605 2129 Graecos
1667 2055 1756 2129 ad
1819 2053 2238 2129 catholicam
2303 2052 2652 2127 unitatem
2729 2055 3044 2131 reduce-

910 2182 1099 2259 rent,
1158 2192 1239 2246 ac
1290 2172 1776 2270 spiritualibus
1827 2172 2145 2248 omnium
2195 2168 2666 2246 Orientalium
2726 2174 3042 2248 necessi-

912 2290 1177 2365 tatibus
1204 2294 1720 2367 studiosissime
1745 2302 2216 2368 occurrerent.
2247 2288 2590 2383 Quocirca
2615 2294 3036 2368 eorumdem

912 2403 1334 2483 Pontificum
1386 2432 1555 2484 cura
1606 2423 1684 2484 et
1733 2409 2150 2485 Missionarii
2203 2410 2288 2484 ad
2343 2407 2734 2485 Orientales
2785 2424 3036 2508 gentes

912 2523 1139 2611 missi,
1196 2535 1271 2598 et
1320 2525 1774 2599 orientalium
1829 2527 2095 2599 rituum
2147 2524 2306 2597 libri
2357 2526 2725 2622 recogniti,
2781 2540 2858 2601 et
2908 2552 3040 2625 pe-

918 2641 1207 2716 culiaria
1268 2642 1343 2719 S.
1420 2642 1509 2717 R.
1586 2643 1674 2717 E.
1751 2641 2226 2717 Cardinalium
2295 2640 2604 2718 Consilia
2673 2646 3030 2732 instituta,

913 2777 1097 2854 quae
1149 2782 1393 2835 eorum
1448 2761 1732 2859 negotia
1783 2760 2028 2835 sedulo
2088 2759 2578 2834 examinarent
2639 2784 2722 2836 ac
2782 2762 3036 2835 defini-

912 2887 1095 2948 rent.
1154 2874 1253 2949 Et
1302 2878 1587 2974 quidem
1626 2876 1942 2974 pluribus
1979 2877 2184 2951 annis
2236 2888 2404 2951 ante
2453 2874 2842 2951 Clementis
2878 2876 3034 2953 vlu

914 2989 1413 3069 Pontificatum
1470 2996 1790 3093 specialis
1845 2995 2172 3069 instituta
2223 2991 2358 3067 fuit
2416 2992 2886 3091 Congregatio
2945 2994 3034 3067 de

914 3108 1121 3183 rebus
1178 3108 1638 3202 Graecorum,
1695 3136 1778 3189 ac
1829 3114 1965 3187 alia
2017 3112 2268 3187 deinde
2319 3109 2454 3185 sub
2513 3112 2762 3187 eodem
2827 3110 3032 3187 Pon—

915 3227 1103 3303 tiflce
1154 3242 1387 3305 erecta
1440 3254 1657 3329 super
1707 3229 2002 3327 neyotiis
2053 3226 2221 3326 fidei
2279 3245 2344 3300 et
2399 3226 2768 3326 reliqionis
2790 3230 3034 3303 catho-

910 3342 1119 3435 licae,
1194 3347 1400 3443 paulo
1470 3360 1635 3445 post
1708 3347 2052 3444 appellata
2123 3344 2210 3419 de
2280 3344 2756 3445 Propaqanda
2825 3346 3032 3435 Fide,

912 3482 1093 3559 quae
1150 3476 1303 3539 tum
1358 3462 1813 3545 Graecorum,
1869 3463 2308 3560 aliorumque
2359 3462 2823 3539 Orientalium
2887 3484 3036 3539 ne·-

912 3583 1135 3679 gotia,
1191 3595 1346 3657 tum
1399 3584 1557 3659 fidoi
1611 3583 2190 3681 propagationem
2227 3585 2297 3661 in
2335 3583 2882 3661 occidentalibus
2915 3608 3054 3659 re·—

910 3702 1235 3799 gionibus
1288 3714 1590 3777 curaret.
1650 3699 1882 3799 Atque
1935 3701 2111 3776 haec
2171 3699 2635 3799 Congu-egatio
2695 3704 3030 3778 eumdem

908 3818 1215 3895 habebat
1264 3820 1505 3908 finem,
1562 3842 1784 3919 quem.
1835 3820 2092 3895 deinde
2143 3818 2416 3908 habuit,
2471 3831 2546 3893 et
2583 3818 2651 3893 in
2689 3842 3032 3917 praesen-

912 3940 1009 4015 tia
1058 3940 1277 4013 habet
1328 3938 1798 4037 congregatio
1849 3938 2195 4036 generalis
2257 3939 2510 4015 eodem
2571 3938 2775 4015 titulo
2835 3936 3030 4015 Pro-

898 4054 1280 4157 paqamiae
1332 4055 1503 4155 fidei
1558 4055 1888 4151 insignita
1941 4066 2016 4129 et
2065 4079 2107 4129 a
2161 4052 2497 4152 Gregorio
2535 4052 2661 4127 XV
2723 4054 3034 4152 Aposto-

908 4174 1061 4251 Bois
1112 4172 1405 4251 Litteris
1450 4174 1567 4251 die
1619 4176 1716 4250 23
1771 4172 1936 4251 Maii
1985 4198 2174 4251 anno
2233 4178 2424 4249 ¹622
2465 4176 2648 4250 datis
2709 4186 2782 4251 et
2837 4176 3032 4253 inci—

966 4362 1137 4395 Q--.
