3317 5267
878 417 1114 626 ?uzilias
1171 528 1488 625 ejusdem
1540 528 1707 602 anni
1760 525 2289 602 MDCCCLXII.
2330 525 2485 604 Non
2540 525 2755 602 modo
2794 547 3020 600 vene·-

883 644 1137 718 rahiles
1189 644 1442 718 fratres
1477 644 1715 720 Nostri
1752 644 1828 718 S.
1888 645 1977 717 R.
2033 641 2121 716 E.
2180 644 2613 730 cardinales,
2678 644 2809 716 sed
2858 664 3013 738 pa·-

885 762 1256 850 triarchae,
1337 762 1868 859 archiepiscopi,
1936 774 2011 834 et
2086 761 2402 858 episcopi
2464 761 2859 840 unanimes
2934 760 3015 832 in

885 879 1210 952 eamdem
1263 880 1687 952 sententiam
1740 879 2256 976 conspirarunt.
2314 877 2531 972 Cujus
2582 877 2685 950 rei
2740 878 3018 950 instru-

885 1006 1134 1070 menta
1183 1019 1226 1068 a
1278 996 1550 1070 dilectis
1600 996 1760 1068 filiis
1814 995 2001 1072 sedis
2052 996 2479 1093 apostolicae
2530 995 2823 1069 notariis
2873 1016 3023 1090 pu·-

882 1109 1064 1186 blice
1117 1111 1440 1188 confecta
1495 1113 1566 1186 in
1622 1111 2049 1186 tabularium
2098 1124 2389 1186 sanctae
2442 1110 2811 1186 Romanae
2862 1107 3021 1185 Ec-

885 1227 1140 1301 clesiae
1191 1227 1488 1325 perferri
1538 1227 1903 1323 jussimus.
1966 1227 2070 1300 Ad
2124 1227 2513 1304 solemnem
2553 1227 2739 1300 hanc
2774 1223 3022 1300 Cano-

884 1345 1314 1434 nizationcm
1366 1344 1879 1419 celebrandam·
1906 1346 2349 1418 decrevimus
2402 1346 2619 1432 diem,
2674 1367 2819 1440 quo
2897 1345 3023 1418 di·-

889 1462 1096 1538 vinus
1147 1461 1448 1559 Spiritus
1485 1463 1558 1536 in
1609 1485 1859 1538 omnes
1933 1461 2305 1560 Apostolos
2344 1463 2679 1559 singulari
2728 1462 3022 1559 lingua-

885 1600 1044 1654 rum
1097 1579 1414 1677 prodigio
1467 1581 1838 1654 advenisse
1894 1582 2125 1655 omnis
2178 1579 2497 1654 Ecclesia
2548 1579 2879 1667 laetatur,
2930 1578 3021 1650 fi-

876 1697 1218 1796 delesque
1276 1721 1522 1774 omnes
1558 1699 1825 1774 hortati
1880 1723 2127 1775 sumus
2182 1699 2463 1774 indictis
2500 1701 2571 1771 in
2600 1695 2773 1772 urbe
2818 1697 3023 1794 jeju-

885 1818 1020 1890 niis
1077 1816 1596 1912 designatisque
1649 1817 1961 1891 ecclesiis
2012 1839 2175 1892 cum
2230 1813 2663 1912 indulgentia
2708 1814 2801 1888 ab
2837 1815 3019 1912 ipsis

891 1936 1357 2032 assequenda,
1416 1947 1496 2009 ut
1545 1934 1929 2010 Nobiscum
1984 1935 2361 2010 caelestem
2416 1955 2626 2031 opem
2679 1935 3015 2030 precibus

892 2063 968 2128 et
1019 2050 1621 2128 obsecrationibus
1678 2053 2025 2125 instanter
2058 2051 2540 2148 implorarent.

1047 2170 1112 2263 §.
1178 2172 1296 2241 14.
1359 2168 1494 2242 Ubi
1547 2184 1787 2244 autem
1841 2169 2271 2244 faustissima
2326 2167 2499 2242 haec
2548 2171 2697 2244 dies
2776 2169 3019 2244 illuxit

893 2309 1142 2362 omncs
1197 2297 1350 2361 tum
1405 2287 1781 2360 saecularis
1834 2299 1989 2362 tum
2042 2288 2379 2384 regularis
2450 2287 2617 2362 cleri
2670 2287 2951 2363 ordines
2984 2341 3011 2377 ,

895 2422 1146 2479 omnes
1195 2425 1530 2478 romanae
1583 2407 1819 2479 curiae
1869 2429 2195 2502 proceres
2246 2417 2322 2478 et
2374 2404 2727 2494 officiales,
2768 2408 3013 2482 cuncti

849 2539 854 2542 ·
889 2521 1194 2618 denique
1248 2520 1685 2594 venerabiles
1740 2521 1993 2595 fratres
2031 2521 2265 2598 Nostri
2302 2534 2589 2596 sanctae
2638 2521 3015 2598 Romanae

879 2637 1242 2714 Ecclesiae
1295 2636 1724 2725 Cardinales,
1780 2639 2247 2734 patriarchae,
2278 2637 2807 2736 archiepiscopi,
2846 2642 3013 2738 epi-

817 2757 820 2762 ’
889 2756 1084 2852 scopi
1138 2756 1225 2829 ad
1277 2754 1681 2828 biscentum
1708 2757 2075 2850 sexaginta
2115 2779 2239 2830 sex
2278 2753 2803 2840 in·Vaticanum
2832 2780 3012 2832 con—

885 2885 1284 2950 venerunt:
1343 2872 1600 2970 quibus
1652 2875 2153 2972 praeeuntibus
2206 2875 2503 2951 solemni
2544 2875 3011 2972 supplicatio-

883 2995 994 3067 nis
1083 2994 1226 3066 ritu
1313 2992 1456 3065 divi
1545 2991 1737 3066 Petri
1828 2991 2197 3066 Basilicam
2286 2994 2609 3068 caelestis
2700 3005 3011 3091 sponsae

883 3112 1076 3188 cultu
1128 3111 1530 3208 fulgentem·
1567 3112 1863 3208 ingressi
1914 3133 2185 3184 sumus.
2247 3111 2445 3186 Tunc
2480 3107 2775 3187 dilectus
2813 3105 2997 3187 filius

882 3229 1137 3306 Noster
1169 3227 1508 3305 Nicolaus
1563 3229 1749 3303 tituli
1802 3230 2029 3302 sancti
2082 3225 2277 3310 Petri
2329 3231 2417 3303 ad
2492 3231 2765 3303 vincula
2834 3252 3001 3328 pre-

886 3349 1128 3448 sbyter
1207 3347 1590 3424 Cardinalis
1647 3347 1925 3423 Clarelli
2013 3339 2413 3424 Paracciani
2492 3351 3011 3426 canonizationi

887 3469 1052 3542 huic
1103 3469 1583 3564 procurandae
1635 3465 2061 3565 praefectuS‚
2120 3479 2499 3564 perorante
2548 3467 2809 3544 dilecto
2860 3467 3007 3544 filio

885 3583 1162 3658 Andrea
1215 3581 1432 3658 Maria
1513 3581 1821 3658 Frattini
1899 3607 2139 3659 sacrae
2218 3583 2723 3660 consistorialis
2802 3584 3005 3660 aulae

883 3704 1250 3786 advocato,
1303 3697 1520 3775 Nobis
1547 3725 1792 3799 preces
1828 3725 1909 3775 ac
1952 3713 2113 3776 vota
2150 3703 2407 3775 detulit
2444 3702 2752 3776 virorum
2791 3702 2996 3798 prin-

889 3820 1153 3915 cipum,
1207 3841 1564 3891 sacrorum
1601 3817 2031 3905 antistitum,
2070 3795 2579 3914 unixiersaoque
2608 3815 3003 3892 sodalitatis

891 3927 1188 4008 fratrum
1238 3957 1281 4008 a
1331 3935 1626 4032 captivis
1682 3936 2204 4031 recuperandiS‚
2243 3948 2327 4009 ut
2361 3933 2661 4009 Beatum
2698 3933 3013 4008 Michae-
3078 4003 3091 4010 -

891 4051 1034 4124 lem
1085 4075 1226 4124 una
1277 4049 1438 4126 cum
1493 4053 1922 4150 martyribus
1961 4052 2002 4126 J
2008 4053 2479 4150 aponensibus
2511 4052 2721 4128 Petro
2758 4051 3013 4148 Bapti-

891 4152 1350 4278 stass-Martino,
1379 4165 1468 4278 ab
1507 4166 1933 4246 Ascensione
1956 4209 2013 4226 -·
2048 4169 2421 4246 Francisco
2475 4168 2733 4244 Blanco
2769 4209 2809 4272 -f
2837 4167 3013 4242 Phi-
