3317 5267
2295 438 2438 515 6143

306 559 607 656 cti-inam
636 557 1069 654 pertinentes
1096 577 1136 627 a
1165 553 1553 630 Pontificiis
1574 548 2245 653 congregationibus
2275 581 2434 654 pro-

308 677 654 764 ferentur,
711 686 863 751 tum
918 675 1003 749 iis
1036 677 1404 750 doctrinae
1439 669 1816 771 capitibuS‚
1855 699 2042 774 quae
2076 674 2437 752 communi

306 811 387 874 et
432 798 792 874 constanti
873 795 1393 872 Catholicorum
1486 819 1833 871 consensu
1879 798 2282 874 retinentur
2359 813 2440 875 ut

308 915 740 1013 theologicae
794 917 1131 990 veritates
1184 925 1259 990 et
1288 917 1793 991 'conclusiones
1827 917 1941 988 ,ita
1992 931 2226 992 certae
2255 971 2274 1006 ,
2356 927 2440 992 ut
2527 985 2535 991 ,

301 1037 673 1133 opiniones
699 1036 962 1110 eisdem
1014 1037 1371 1112 doctrinae
1396 1019 1742 1132 capitibus
1795 1037 2154 1126 adversae,
2185 1061 2441 1137 quam-

302 1173 523 1249 quam
576 1153 971 1226 haereticae
1024 1153 1165 1226 dici
1216 1164 1558 1251 nequant,
1617 1163 1858 1225 tamen
1915 1153 2122 1226 alia'm
2164 1155 2440 1229 theolo-

300 1269 539 1364 gicam
573 1280 957 1344 merentur
1005 1290 1404 1344 censuram».
1454 1270 1700 1368 ltaque
1729 1271 1918 1344 haud
1945 1273 2437 1345 existimamus

304 1389 525 1475 viros,
578 1391 700 1486 qui
752 1401 1321 1465 commemorato
1352 1389 1776 1464 'Monacensi
1830 1388 2212 1464 interfuere
2249 1388 2441 1465 Con·-

310 1507 591 1594 ¹ventui,
648 1499 789 1581 ullo
844 1508 1055 1582 modo
1109 1509 1450 1603 potuisse,
1484 1517 1611 1580 aut
1648 1507 1956 1581 voluisse
1991 1505 2274 1582 obstare
2311 1507 2442 1581 do·-

300 1622 575 1696 ctrinae
626 1645 855 1718 nuper
900 1625 1267 1718 expositae
1306 1675 1326 1708 ‚
1384 1639 1561 1719 qnae
1616 1640 1708 1695 ex
1765 1633 1972 1696 verae
2037 1623 2430 1720 theologiae

298 1738 666 1836 principiis
717 1739 787 1812 in
840 1735 1156 1814 Ecclesia.
1204 1731 1577 1824 retinetur,
1634 1731 1804 1836 q'uin
1854 1733 2082 1814 'immo
2119 1761 2201 1812 ea
2255 1739 2436 1812 fidu-

302 1856 421 1930 cia
490 1865 975 1930 sustentamur
1050 1853 1199 1930 fore
1230 1907 1251 1942 ‚
1334 1865 1415 1928 ut
1456 1855 1597 1950 ‘ipsi
1652 1855 1724 1926 in
1779 1855 2248 1929 severioribus
2303 1841 2436 1929 ex-L

296 1971 617 2047 colendis
662 1972 1049 2070 disciplinis
1106 1971 1325 2046 velint
1400 1973 1489 2046 ad
1530 1973 1994 2048 -enunciatae
2075 1975 2440 2048 doctrinae

296 2110 633 2164 normam
686 2111 763 2162 se
813 2087 1183 2184 diligenter
1233 2089 1694 2163 conformare.
1781 2086 1976 2178 Quae
2031 2089 2283 2164 Nostra
2345 2091 2432 2162 fi·-

294 2206 512 2280 ducia
558 2205 975 2301 praesertim
1024 2205 1295 2277 nititur·
1328 2203 1752 2281 iis·Littcris
1785 2255 1807 2291 ,
1863 2227 2041 2302 quas
2069 2202 2220 2302 'per
2273 2207 2376 2281 Te
2410 2255 2430 2292 ‚

303 2323 751 2400 Venerabilis
798 2325 1070 2411 Frater,
1111 2325 1325 2400 Nobis
1363 2326 1736 2398 miserunt.
1769 2325 2132 2424 Siquidem
2164 2328 2428 2401 eisdem

290 2434 599 2514 Litteris
652 2455 815 2516 cum
842 2440 1153 2515 'summa
1188 2443 1425 2514 -animi
1477 2441 1714 2516 Nostri
1765 2443 2248 2518 consolatione
2302 2445 2433 2540 ipsi

300 2557 756 2658 profitentur,
812 2557 944 2633 sibi
1000 2561 1074 2631 in
1108 2552 1449 2656 cogendo
1486 2557 1866 2633 Conveni-u
1897 2571 2214 2634 mentem
2252 2581 2442 2636 nun—-

298 2699 527 2778 qnam
580 2675 799 2751 fuisse
840 2678 951 2751 vel
993 2670 1367 2750 minimam
1396 2677 1527 2750 sibi
1556 2679 1882 2773 arrogare
1915 2681 2437 2767 auctoritatem,

298 2819 493 2895 quae
544 2797 631 2869 ad
690 2795 1081 2868 Ecclesiam
1138 2797 1427 2868 omnino
1479 2797 1796 2889 pertinet
1826 2840 1860 2881 ‚-
1921 2817 2004 2868 ac
2054 2797 2264 2870 simul
2319 2809 2444 2871 te·—

298 2924 597 2988 stantur
634 2963 657 2998 ‚
712 2912 1021 2986 noluisse
1100 2913 1431 2986 eumdem
1512 2912 1872 2985 dimittere
1927 2911 2376 2987 Conventum
2419 2961 2438 3002 ,

296 3033 483 3133 quin
542 3031 856 3126 primum
906 3028 1350 3104 declararent
1411 3047 1767 3103 summam
1847 3031 2374 3106 observantiam
2415 3075 2435 3119 ,

298 3149 817 3236 obedientiam,
872 3171 957 3223 ae
1002 3141 1283 3222 fiiialem
1337 3149 1718 3244 pietatem,
1769 3170 1906 3246 qua
1935 3149 2077 3224 Nos
2133 3161 2210 3222 et
2261 3151 2445 3224 hano

298 3270 537 3346 Petri·
560 3268 973 3344 cathedram
1025 3260 1408 3348 catholicae
1460 3267 1759 3342 unitatis
1811 3279 2136 3342 centrum
2195 3288 2444 3367 prose—-

292 3397 653 3489 quantur.
712 3382 891 3462 Cum
944 3388 1157 3484 igitur
1206 3387 1399 3461 hisce
1450 3385 1773 3462 sensibus
1826 3405 2238 3485 supremam
2291 3385 2442 3464 No·-

289 3501 564 3592 stram,
620 3517 697 3579 et
747 3497 1191 3603 Apostolicae
1240 3505 1447 3578 huius
1500 3504 1700 3578 Sedis
1747 3517 2183 3601 potestatem
2231 3553 2252 3594 ,
2309 3525 2442 3582 auu

282 3619 859 3720 etei-itatemque
910 3621 1044 3719 ipsi
1096 3635 1627 3719 recognoscant,
1658 3643 1740 3696 ac
1767 3624 1974 3696 simul
2013 3607 2440 3721 intelligant,

290 3733 813 3844 gravissimum
864 3741 1167 3815 officium
1219 3737 1435 3815 Nobis
1488 3739 1579 3812 ab
1630 3740 1785 3836 ipso
1819 3737 2103 3816 Christo
2137 3739 2445 3817 Domino

282 3859 793 3936 commissum·
826 3855 1137 3955 regendi,
1194 3879 1279 3930 ac
1326 3855 1735 3932 moderandi
1791 3859 2196 3932 universam
2235 3873 2440 3933 suam

292 3976 733 4064 Ecclesiam,
788 3995 872 4049 ac
918 3975 1249 4072 pascendi
1302 3999 1589 4052 omnem
1642 3996 1851 4050 suurn
1907 3996 2192 4075 gregem
2245 3977 2439 4051 salu·-

294 4095 491 4174 taris
542 4091 899 4169 doetrinae
950 4097 1229 4192 pascuis
1256 4149 1277 4183 ,
1334 4109 1407 4169 et
1445 4097 1906 4171 continenter
1945 4085 2380 4194 adv-igilandi
2416 4139 2438 4185 ‚

277 4239 393 4292 ne
453 4213 901 4300 sanctissima
948 4209 1143 4301 fldes,
1200 4213 1493 4309 eiusque
1522 4213 1842 4291 doctrina
1871 4211 2088 4290 ullum
2119 4227 2434 4310 unquam
