3317 5267
2297 411 2480 487 583·

321 555 357 602 ιι
418 531 571 606 sive
618 551 919 628 persona
969 511 1119 604 'sire
1170 527 1461 605 consilio
1510 527 1952 618 adfuturum'
1985 553 2166 630 quae
2195 527 2442 606 Natio-²

318 673 357 722 »
415 649 525 724 nis
578 647 1157 748 independentiae
1211 647 1324 724 vel
1376 648 1867 745 tranquillitati
1945 649 2264 748 publicae
2315 671 2458 720 no-

323 793 359 839 »
417 779 577 846 ceat
633 791 701 840 n.
2445 828 2449 832 .

467 885 621 961 Art.
679 887 804 962 23.
863 886 1037 964 Post
1084 888 1326 963 divina
1396 885 1638 962 Officia
1691 888 1765 960 in
1819 889 2148 963 omnibus
2188 888 2446 984 Reipu-

309 1000 531 1077 blicae
580 1003 669 1078 de
718 1002 1105 1102 Nicaragua
1156 1003 1441 1101 templis
1477 1004 1579 1078 sic
1632 1002 1948 1078 orabitur
2007 1031 2040 1076 α
2103 1002 2430 1089 Domine,

316 1143 353 1190 n
410 1119 681 1194 salvam
732 1118 845 1195 fac
898 1121 1487 1219 Rempublicam:
1547 1118 1851 1196 Domine
1890 1173 1911 1208 ,
1977 1122 2253 1197 salvum
2331 1121 2444 1198 fac
2537 1129 2544 1136 ’

317 1261 351 1306 n
413 1234 813 1312 Praesidem
872 1249 951 1312 et
1008 1231 1377 1335 supremas
1430 1239 1582 1312 eius
1649 1239 2126 1313 Auctotitates
2168 1251 2249 1310 “».

412 1419 429 1430 .
467 1352 620 1429 Art.
680 1357 804 1428 24.
863 1355 1222 1430 Sanctitas
1275 1355 1417 1430 Sua
1485 1353 1946 1452 Reipublicae
1995 1355 2086 1430 de
2162 1353 2448 1430 Nicara-

308 1493 447 1568 gua
520 1473 953 1550 exercitibus
1016 1474 1525 1570 exemptiones
1602 1484 1682 1546 et
1729 1475 1992 1571 gratias
2027 1473 2034 1486 ‘
2064 1474 2384 1550 concedit
2422 1526 2444 1562 ,

312 1609 495 1686 quac
544 1588 679 1663 sub
726 1592 1039 1688 generali
1111 1591 1633 1688 privilegiorum
1661 1593 2124 1666 castrensium
2161 1594 2448 1667 nomine

310 1705 885 1802 cognoscuntur:
932 1719 1167 1805 atque·
1198 1709 1445 1782 eadem
1499 1707 1859 1783 Sanctitas
1935 1709 2078 1783 Sua
2113 1711 2448 1808 singulas

308 1820 460 1896 sive
510 1823 797 1919 gratias,
868 1825 1021 1900 sive
1073 1823 1573 1923 exemptiones
1626 1848 1805 1922 quas
1877 1824 2015 1900 erit
2083 1827 2444 1923 largitura,

306 1939 811 2016 determinabit
855 1964 980 2039 per
1010 1940 1459 2040 Apostolicas
1477 1941 1790 2018 Litteras
1852 1967 2030 2040 quae
2066 1942 2480 2042 expedienw

310 2069 433 2134 tur
477 2081 643 2135 eum
692 2081 1029 2156 praesens
1065 2058 1462 2138 Conventio
1516 2061 2018 2159 publicabitur.
2471 2099 2474 2102 ’

464 2175 619 2248 Art.
674 2179 799 2249 25.
858 2175 1165 2275 Reliqua
1206 2179 1445 2253 omnia
1500 2178 1591 2252 ad
1642 2200 1756 2252 res
1807 2229 1830 2265 ‚
1903 2185 2036 2252 seu
2112 2200 2446 2276 personas

306 2291 845 2368 ecclesiasticas·
884 2297 1307 2391 spectantia
1313 2347 1337 2384 ,
1398 2299 1488 2371 d'e
1539 2296 1802 2394 quibus
1837 2329 1842 2337 ’
1875 2299 1976 2372 ἰιι·
2019 2297 2214 2372 hisce
2274 2299 2447 2372 arti-

302 2409 481 2485 culis
542 2409 731 2485 n'ulla
794 2410 1041 2486 habita
1117 2415 1391 2490 mentio
1461 2428 1599 2504 est,
1654 2420 1866 2490 erunt
1915 2417 2230 2493 omnino·
2275 2416 2448 2490 diri-o·

304 2529 531 2626 genda
600 2539 677 2604 et
744 2529 1329 2606 administranda
1386 2532 1584 2606 iuxta
1656 2535 2014 2630 vigentem
2087 2531 2446 2610 Ecclesiae

304 2641 707 2741 Catholicae
782 2645 1227 2744 Apostolicae
1300 2648 1670 2725 Romanae
1715 2651 2184 2748 disciplinam.
2223 2681 2231 2693 ·
2362 2685 2372 2694 ⁸
2415 2675 2420 2680 ·

350 2787 393 2812 ··
444 2761 614 2836 Art.
672 2767 798 2838 26.
856 2761 997 2839 Per
1064 2765 1515 2862 praesentem
1584 2765 2150 2843 Conventienem
2197 2767 2390 2864 leges
2417 2817 2442 2855 ,

310 2880 789 2956 ordinationes
816 2934 841 2970 ‚
892 2883 1226 2956 -decreta
1298 2884 1369 2956 in
1444 2884 1830 2980 Republica
1901 2885 1992 2959 de
2059 2883 2458 2981 Niearagua-

294 3017 751 3095 quocumque
812 2997 1027 3073 modo
1087 3008 1173 3071 et
1270 3009 1593 3094 tempore
1652 2999 2054 3095 bucusque
2111 2999 2307 3084 lata,
2369 2999 2446 3072 in

255 3131 264 3138 ’
308 3123 677 3214 quantum
695 3113 1175 3193 conventioni
1214 3116 1509 3191 eidem
1538 3117 2046 3204 adversantur,
2111 3113 2448 3212 abrogata

306 3230 605 3308 omnino
660 3244 1117 3322 censentur,
1182 3241 1399 3329 atque
1459 3233 1706 3307 eadem
1761 3231 2158 3308 Conventio
2207 3232 2452 3314 veluti

303 3347 421 3424 lex
450 3341 733 3424 Status
755 3351 827 3424 in
884 3347 1245 3482 futurum
1300 3373 1520 3426 omne
1593 3363 1885 3447 tempus
1948 3349 2244 3427 valimaea
2315 3351 2451 3426 ha*

300 3463 659 3542 hobitum·
928 3509 933 3519 ·
1280 3503 1283 3508 ·
1488 3496 1497 3506 ·
2292 3518 2300 3531 .
2415 3518 2452 3536 .,

459 3583 617 3659 Art.
668 3589 796 3658 27.
860 3585 1411 3675 Ratificationes
1474 3583 1873 3680 praesentis
1923 3505 2452 3661 Conventionis

302 3711 557 3777 muttto
610 3703 1005 3778 tradantur
1086 3702 1357 3778 Romae
1405 3701 1655 3778 decem
1701 3711 1788 3776 et
1839 3712 2006 3778 octo
2089 3702 2318 3784 mensi
2320 3724 2446 3776 um

300 3818 561 3916 spatio,
592 3829 745 3894 aut
792 3819 1001 3896 citius
1054 3821 1121 3894 si
1166 3818 1313 3900 fleri
1374 3818 1662 3915 poterit.
1825 3875 1830 3880 -
2339 3871 2346 3879 -

314 3977 321 3986 -
457 3935 610 4012 Art.
662 3942 799 4018 28.
851 3937 1119 4014 Statim
1157 3960 1271 4012 ac
1292 3936 1692 4033 praedictae
1720 3936 2220 4014 ratificationes
2259 3957 2464 4011 mu»-

304 4067 429 4130 tuo
484 4056 824 4146 traditae
845 4055 1137 4144 fuerint,
1196 4055 1553 4132 Sanctitas
1614 4054 1754 4130 Sua
1820 4077 1948 4154 per
2009 4052 2448 4152 Apostolicas

301 4169 609 4248 Litteras
644 4184 1092 4269 praesentem
1116 4169 1682 4254 conventionem
1717 4170 2192 4250 confirmabit-.-
