3317 5267
2271 465 2414 537 559

269 605 433 660 mur
480 579 659 673 fore,
728 596 813 659 ut
885 585 1083 660 dives
1136 583 1209 656 in
1278 583 1754 657 misericordia
1839 583 2028 659 Deus
2116 583 2416 659 Nostris

271 697 469 776 hisce
516 700 705 774 curis
752 698 1192 787 benedicere,
1246 709 1323 772 et
1354 697 1840 774 laetissimum
1893 700 2413 796 gratissimum-

274 839 417 912 que
466 838 881 894 successum
932 817 1245 890 tribuere
1290 815 1491 889 velit.
1550 815 1730 891 Cum
1767 829 2002 891 autem
2032 815 2248 892 Nobis
2282 841 2414 914 ap-

272 931 505 1028 prime
548 943 719 1008 nota
768 933 865 1007 sit
886 932 1153 1029 religio,
1210 942 1289 1006 et
1324 931 1742 1029 episcopalis
1784 931 2001 1021 zelus,
2039 957 2181 1030 quo
2215 953 2414 1029 prae·

272 1057 475 1122 stant
524 1048 575 1122 ii
596 1051 601 1056 ’
626 1070 903 1136 omnes,
958 1073 1137 1146 quos
1188 1049 1599 1123 earumdem
1689 1042 2136 1123 Dioeeesium
2213 1050 2414 1145 regi-

272 1165 476 1256 mini,
530 1176 607 1242 et
654 1167 1125 1263 procurationi
1174 1163 1669 1264 praefecimus,
1743 1176 1900 1241 tum
1935 1189 2080 1270 non
2113 1166 2410 1241 dubita-

286 1307 476 1373 mus,
532 1285 705 1384 quin
756 1286 895 1382 ipsi
948 1284 1223 1360 Nostris
1300 1287 1808 1382 respondentes
1899 1285 2088 1360 votis
2163 1307 2413 1360 omnes

279 1401 689 1497 gravissimi
724 1401 1147 1498 episcopalis
1182 1402 1501 1476 muneris
1534 1413 1776 1498 partes
1815 1401 2062 1478 sedulo
2097 1401 2410 1498 explere,

282 1515 739 1614 spiritualem
792 1518 1071 1594 illorum
1124 1515 1442 1592 fidelium
1492 1519 1882 1593 utilitatem
1917 1518 2146 1595 modis
2179 1521 2416 1593 omni-

273 1633 413 1708 bus
466 1656 751 1723 curare,
808 1657 1247 1733 omnemque
1274 1634 1491 1712 Nobis
1542 1636 1615 1710 in
1652 1637 2161 1734 componendis
2188 1636 2418 1712 eccle-

272 1750 575 1830 siasticis
625 1751 810 1826 illius
862 1749 1326 1849 Reipublicae
1378 1753 1710 1848 negotiis
1789 1773 2080 1850 operam
2153 1775 2418 1827 navare

276 1867 650 1944 studeant.

392 1981 805 2072 Praesens,
860 2006 943 2058 ac
1002 1983 1433 2080 deploranda
1501 1982 1839 2060 Poloniae
1923 1985 2241 2061 conditio
2316 1985 2416 2058 ita

276 2123 559 2200 quoque
612 2100 1069 2178 Pontificiam
1120 2101 1483 2192 Nostram,
1536 2125 1681 2200 qua
1730 2102 2164 2178 catholicum
2245 2103 2416 2177 illud

278 2219 611 2320 Regnum
658 2245 945 2320 semper
993 2223 1413 2319 prosequuti
1476 2244 1726 2298 sumus
1753 2276 1776 2311 ,
1855 2223 2416 2298 sollicitudinem

277 2341 507 2437 magis
560 2341 927 2438 magisque
978 2339 1349 2428 excitavit,
1390 2351 1471 2414 ut
1508 2341 1695 2414 inter
1729 2341 1864 2414 alia
1919 2341 2419 2418 nonnullarum

280 2455 601 2536 eiusdem
654 2457 885 2556 Regni
938 2455 1385 2533 Dioecesium
1438 2458 1774 2532 viduitati
1851 2459 2420 2556 prospiciendum

282 2595 459 2664 esse
494 2575 935 2664 duxerimus,
990 2595 1301 2672 quarum
1336 2573 1613 2670 aliquae
1650 2595 1796 2648 non
1833 2573 2166 2652 mediocri
2201 2575 2422 2648 animi

280 2689 541 2769 Nostri
568 2691 893 2768 molestia
944 2692 1012 2766 ia
1024 2693 1221 2768 mdiu
1272 2717 1406 2769 suo
1458 2690 1746 2766 fuerant
1779 2691 2070 2767 orbatae
2103 2705 2416 2789 pastore.

280 2802 783 2897 Quamobrem,
841 2809 1063 2884 veluti
1114 2809 1261 2882 iam
1312 2807 1712 2896 audivistis,
1785 2805 2176 2906 Episcopos
2254 2799 2424 2884 Plo—

278 2947 592 3015 censem,
650 2924 1322 3023 Augustoviensem,
1383 2922 1914 3012 Cheimensem,
1967 2947 2270 3022 quorum
2305 2927 2420 3002 ul—

276 3042 499 3118 timus
548 3043 863 3120 Rutheni
912 3043 1093 3118 ritus
1130 3093 1151 3130 ,
1206 3064 1291 3117 ac
1365 3053 1521 3115 tum
1613 3039 2110 3116 Varsaviensis
2149 3093 2172 3129 ,
2255 3053 2413 3118 tum

280 3159 721 3242 Chelmensis
770 3159 1251 3240 Ecclesiarum
1302 3157 1802 3258 suffraganeos
1853 3157 2247 3257 Episcopus
2296 3183 2418 3235 re—

278 3279 769 3362 nuntiavimus
821 3291 899 3356 et
948 3278 1479 3366 constituimus,
1536 3287 1619 3352 ut
1676 3275 1812 3373 ipsi
1863 3297 2006 3348 una
2043 3297 2208 3350 cum
2263 3277 2416 3351 aliis

280 3393 813 3472 Venerabilibus
864 3395 1229 3472 Fratribus
1281 3395 1467 3470 illius
1520 3394 1747 3492 Regni
1823 3391 2202 3468 Sacrorum
2266 3393 2418 3468 An-

284 3515 629 3593 tistitibus
654 3515 1069 3592 sacerdotali
1106 3516 1257 3592 zelo
1282 3514 1583 3602 incensi,
1607 3524 1683 3587 et
1715 3511 1962 3588 sedulo
1995 3526 2416 3611 quaerentes

284 3657 469 3734 quae
518 3633 680 3710 lesu
731 3631 1001 3708 Christi
1048 3645 1251 3724 sunt,
1308 3653 1597 3709 omnem
1640 3651 1914 3720 curam,
1949 3629 2413 3728 diligentiam,

281 3751 627 3841 laborem,
679 3751 1051 3827 consilium
1110 3776 1193 3828 ae
1245 3751 1563 3828 studium
1616 3749 2024 3838 adhibeant,
2061 3758 2146 3823 ut
2177 3748 2418 3823 divina

286 3879 365 3944 et
410 3867 769 3946 salutifera
822 3867 1087 3944 Christi
1139 3871 1342 3959 fides,
1398 3866 1676 3966 religio,
1705 3866 2024 3943 doctrina
2059 3866 2314 3942 eodem
2343 3867 2417 3971 in

290 3989 537 4090 Regno
588 3985 861 4068 stabilis
910 4003 989 4067 et
1038 3993 1339 4070 immota
1390 3993 1822 4088 permanens
1873 3985 2188 4085 quotidie
2262 4009 2422 4061 ma-

1803 4107 1897 4180 36
