3317 5267
2256 436 2395 508 221

278 544 483 621 fidem
531 545 636 619 eis
683 541 1010 620 adhihere
1068 543 1432 637 vellemus,
1472 546 1606 619 nisi
1645 545 2047 629 tristissima
2084 573 2257 625 sane
2292 550 2403 625 fa-

275 674 382 735 cta
413 714 434 748 ,
487 684 668 759 quae
719 671 884 733 ante
937 662 1256 734 omnium
1309 662 1548 735 oculos
1601 663 1915 758 quotidie
1971 679 2349 742 versantur
2377 718 2399 755 ‚

277 778 698 855 contrarium
729 799 1036 872 ,prorsus
1085 777 1565 853 ostenderent.
1623 776 1721 851 Et
1772 781 2061 877 quidem
2112 807 2253 857 una
2292 796 2407 857 est

273 920 432 971 vera
485 919 568 969 ac
619 908 859 971 saneta
912 918 1128 991 super
1179 907 1442 971 terram
1491 898 1749 993 religio»
1786 900 1876 973 ab
1919 902 2075 997 ipso
2121 899 2403 979 Christo

273 1011 568 1089 Domino
617 1010 910 1089 fundata
957 1025 1037 1089 et
1071 1013 1424 1102 instituta,
1455 1036 1636 1109 quae
1680 1016 2027 1102 virtutum
2080 1019 2399 1094 omnium

273 1130 559 1207 fecunda
610 1154 866 1227 patens
917 1142 992 1205 et
1044 1132 1280 1216 altrix,
1341 1152 1422 1204 ac
1477 1131 1815 1208 vitiorum
1863 1136 2223 1232 expultrix
2252 1191 2274 1225 ,
2328 1149 2407 1213 et

273 1251 662 1330 animosum
713 1248 1103 1335 liberatrix,
1161 1271 1506 1343 veraeque
1558 1246 1915 1330 felicitatis
1969 1254 2207 1342 index,
2260 1276 2405 1350 ap—

269 1365 574 1461 pellatur.
613 1362 974 1441 Catholica
1023 1362 1432 1461 Apostolica
1499 1364 1849 1444 Romana.
1916 1367 2100 1459 Quid
2162 1382 2403 1445 autem

265 1484 706 1568 sentiendum
761 1485 848 1559 de
901 1485 1013 1572 iis,
1069 1483 1192 1580 qui
1245 1495 1450 1557 extra
1499 1484 1685 1560 hanc
1736 1487 1983 1564 salutis
2018 1511 2257 1563 arcam
2291 1491 2405 1563 vi-

267 1613 465 1690 mnt,
491 1604 658 1675 'iam
713 1603 884 1677 alias
936 1596 1450 1677 declaravimus
1501 1603 1572 1675 in
1630 1600 2111 1711 Consistoriali
2142 1607 2402 1683 Nostra

265 1718 696 1803 Allocutione
743 1722 884 1797 diei
923 1724 962 1793 9
997 1719 1417 1805 Decembris
1449 1722 1616 1796 anni
1646 1722 2005 1797 millesimi
2041 1726 2399 1823 octingen-

261 1839 488 1913 tesimi
513 1838 1078 1935 quinquagesimi
1105 1840 1364 1933 quarti,
1396 1849 1608 1943 atque
1636 1838 1755 1926 hic
1776 1841 2102 1927 eamdem
2129 1842 2396 1919 doctri...

259 1973 417 2029 nsm
468 1954 989 2030 confirmamus.
1047 1953 1196 2033 lam
1241 1977 1420 2029 ¹vero
1471 1955 1572 2027 ab,
1609 1956 1721 2043 iis,
1778 1958 1898 2053 qui
1951 1982 2078 2055 pro
2112 1961 2396 2058 religio-

257 2070 366 2145 nis
417 2070 604 2148 bono
657 2070 800 2145 Nos
849 2072 942 2144 ad
968 2070 1374 2162 hodiernae
1425 2072 1753 2147 civilitati
1802 2074 2171 2155 dexteram
2226 2102 2395 2175 pot·-

254 2188 614 2285 rigendam
663 2188 996 2273 invitant,
1053 2186 1458 2282 quaerimus
1511 2199 1754 2263 utrum
1792 2188 1981 2265 facta
2018 2193 2183 2266 talia
2218 2196 2390 2286 sint,

249 2328 430 2403 quae
481 2302 739 2379 Christi
795 2304 912 2379 hic
964 2304 1036 2375 in
1089 2303 1295 2375 terris
1352 2300 1713 2378 vicarium
1762 2306 1853 2379 ab
1906 2308 2069 2404 Ipso
2105 2312 2195 2387 ad
2229 2334 2393 2387 cae-

246 2423 442 2497 lestis
489 2443 664 2498 suae
713 2421 1076 2497 doctrinae
1127 2420 1516 2515 puritatem
1567 2424 1907 2499 tuendam
1946 2478 1969 2513 ‚
2024 2438 2239 2526 atque
2300 2433 2390 2506 ad

243 2564 460 2639 agnos
487 2560 800 2637 ovesque
835 2538 1088 2613 eadem
1113 2538 1432 2615 doctrina
1460 2543 1849 2635 pascendas
1880 2554 1955 2615 et
1978 2545 2395 2623 confirman-

240 2661 367 2736 das
410 2660 760 2739 ‚divinitus
813 2658 1282 2743 constitutum
1334 2658 1614 2754 possint
1661 2661 1998 2737 inducere.
2024 2715 2047 2751 ,
2102 2675 2185 2739 ut
2236 2666 2391 2746 sine

243 2779 663 2875 gravissimo
713 2776 1164 2861 conscentiae
1215 2776 1524 2871 piaculo,
1575 2786 1653 2851 et
1702 2780 2019 2857 maximo
2070 2784 2389 2862 omnium

242 2898 572 2975 scandalo
623 2918 706 2969 se
754 2916 918 2969 cum
971 2894 1310 2971 hodierna
1361 2894 1705 2971 civilitate
1752 2900 2138 2987 consociet,
2190 2902 2391 2975 cuius

235 3036 464 3109 opera-
521 3025 632 3088 tot
680 3032 1046 3108 nunquam
1099 3012 1272 3085 satis
1324 3012 1751 3107 deploranda
1802 3016 2139 3090 eveniunt
2174 3016 2389 3105 mala,

237 3144 352 3207 tot
407 3132 810 3206 teterrimae
864 3129 1230 3225 opiniones
1277 3151 1548 3213 errores
1583 3140 1661 3201 et
1692 3130 2035 3227 principia
2070 3132 2391 3226 promul-

233 3264 520 3350 gantur,
551 3274 732 3348 quae
767 3250 1154 3323 catholicae
1183 3247 1494 3343 religioni
1549 3248 1840 3343 eiusque
1906 3251 2269 3330 doctzinae
2319 3277 2395 3338 o·-‚

227 3373 484 3445 mnino
510 3370 999 3446 adversantur.
1037 3364 1268 3465 Atque
1297 3366 1481 3440 inter
1511 3364 1687 3451 haec
1714 3364 1901 3446 facte
1936 3389 2149 3444 nemo
2184 3368 2391 3465 igno·-

225 3502 346 3559 rat
425 3487 787 3583 quomodo
849 3484 960 3563 vel
1023 3484 1216 3579 ipsae
1279 3480 1632 3555 solemnes
1695 3480 2226 3561 conventiones
2275 3488 2391 3569 in·-

228 3620 346 3681 ter
416 3605 600 3681 hanc
667 3601 1148 3700 Apostolicam
1219 3600 1476 3673 Sedem
1537 3611 1610 3673 et
1697 3600 1979 3697 Regios
2028 3600 2390 3699 Principes

221 3726 370 3799 rite
429 3724 644 3799 initae
696 3720 981 3817 penitus
1027 3719 1506 3804 destruantur,
1548 3716 1765 3801 veluti
1817 3742 2045 3814 nuper
2096 3718 2387 3814 Neapoli

217 3842 506 3917 accidit.
567 3838 722 3928 Qua
781 3838 1068 3935 quidem
1123 3837 1212 3911 de
1273 3859 1348 3919 re
1403 3836 1472 3907 in
1533 3836 1665 3912 hoc
1746 3836 2188 3932 amplissimo
2261 3859 2389 3911 ve-

219 3974 386 4037 stro
439 3984 776 4036 consessu
827 3960 1048 4033 etiam
1101 3968 1316 4053 atque
1367 3958 1584 4034 etiam
1623 3958 2013 4052 querimur,
2078 3955 2388 4031 Venera-

211 4080 404 4156 biles
457 4080 770 4167 Fratres,
813 4090 890 4153 et
940 4099 1391 4173 summopere
1427 4076 1897 4153 reclamamus
1950 4099 2035 4152 eo
2088 4098 2381 4174 prorsus
