3317 5267
2349 454 2443 523 27

315 563 514 638 mino
563 562 1082 659 prosequimur,
1161 560 1753 647 benevolentiam,
1806 584 1887 635 ae
1938 563 2151 639 simul
2230 562 2447 641 Vobis

318 681 662 755 addamus
713 680 1014 767 animost,
1067 689 1152 754 ut
1201 680 1470 755 maiore
1535 702 1763 777 usque
1840 679 2201 757 alacritate
2280 707 2447 781 per-

317 799 500 897 gatis
525 820 774 873 omnes
799 798 1198 895 gravissimi
1225 798 1596 895 pastoralis
1621 799 1843 873 vestri
1864 801 2181 876 muneris
2206 814 2447 899 partes

315 927 604 989 strenue
647 935 730 988 ae
781 912 1026 989 sedulo
1075 912 1272 989 obire
1311 964 1333 1000 ,
1391 922 1468 987 et
1516 914 1995 991 intentissimo
2047 918 2281 995 studio
2330 920 2445 994 di-

314 1032 662 1106 lectarum
711 1030 958 1105 ovium
1010 1028 1222 1105 saluti
1271 1030 1885 1129 incolumitatique
1946 1034 2337 1109 consulere.

473 1146 614 1223 Pro
663 1159 860 1222 certo
909 1144 1166 1221 habete
1197 1197 1218 1235 ,
1273 1145 1417 1223 Nos
1467 1148 1957 1247 paratissimos
2008 1174 2165 1227 esse
2218 1154 2306 1228 ad
2360 1176 2443 1229 ea

319 1268 558 1345 omnia
588 1266 1052 1343 libentissime
1083 1266 1379 1365 agenda,
1408 1290 1590 1365 quae
1617 1269 1705 1343 ad
1742 1270 2081 1346 maiorem
2120 1269 2449 1347 Vestram

319 1413 404 1465 ae
464 1386 906 1463 Dioeeesium
993 1398 1392 1461 vestrarum
1474 1388 1853 1462 utilitatem
1932 1392 2445 1487 procurandam

321 1506 710 1581 conducere
759 1526 972 1601 posse
1021 1505 1456 1581 noverimus.
1495 1504 1793 1579 Interim
1829 1526 1997 1581 vero
2032 1507 2443 1585 caelestium

315 1624 636 1699 omnium
686 1642 1064 1700 mimorum
1115 1622 1503 1719 auspicem,
1555 1644 1638 1696 ae
1688 1623 2247 1701 studiosissimae
2297 1626 2446 1704 No-

323 1752 514 1815 strae
563 1740 638 1813 in
694 1736 838 1813 Vos
888 1738 1270 1815 voluntatis
1323 1749 1584 1813 testem
1637 1740 1937 1835 aecipite
1971 1738 2445 1837 Apostolieam

319 1856 894 1933 Benedictionem
935 1906 954 1941 ,
1009 1876 1224 1953 quam
1277 1855 1530 1931 intimo
1607 1855 1838 1929 cordis
1914 1854 2175 1935 affeetu
2227 1856 2445 1935 Vobis

321 1974 518 2072 ipsis,
576 1970 1026 2048 venerabiles
1077 1971 1390 2059 Fratres,
1443 1972 1859 2069 cunctisque
1921 1968 2234 2063 Glerieis,
2288 1972 2447 2051 Lai-

321 2092 564 2189 eisque
595 2088 918 2167 fidelihus
942 2088 1282 2186 cuiusque
1318 2098 1640 2163 vestrum
1678 2088 2079 2185 vigilantiae
2104 2093 2447 2167 commis-

317 2212 418 2287 sis
465 2208 952 2287 amantissime
1005 2208 1480 2306 impertimur.

473 2326 736 2403 Datum
817 2324 1088 2403 Romae
1157 2326 1344 2422 apud
1421 2323 1763 2402 Sanctum
1841 2324 2133 2403 Petrum
2181 2329 2295 2405 die
2344 2328 2443 2405 111

318 2445 484 2521 Maii
539 2444 740 2521 Anno
790 2441 1344 2525 MDCGCLvlu
1401 2442 1859 2525 Pontificatus
1936 2444 2175 2527 Nostri
2236 2447 2447 2529 Anno

321 2564 778 2643 Duodecimn
