3317 5267
853 432 948 503 70

850 546 993 619 cesi
1043 546 1134 618 de
1187 544 1467 620 Buenos
1501 544 1723 641 Ayres
1774 540 2513 627 dismembrationem,
2552 562 2733 638 quae
2768 541 2983 618 huius

855 658 930 733 S.
989 660 1190 735 Sedis
1244 662 1667 735 auctoritate
1718 658 1807 731 ab
1857 660 2235 732 enunciato
2286 654 2553 731 Marino
2608 655 2977 754 Archiepi-

845 792 1065 872 ‘scopo
1119 778 1259 849 iam
1317 776 1452 849 suit
1503 776 1958 871 exequutioni
2036 774 2361 849 consulto
2424 774 2759 847 mandata
2798 826 2831 861 ,
2875 777 2977 847 ita

849 893 1038 986 quod
1091 892 1176 965 ad
1230 893 1464 967 omnis
1515 890 1975 965 dubitationis
2026 902 2101 963 et
2170 892 2607 986 quaestionis
2686 912 2977 965 causam

848 1028 892 1077 e
943 1008 1176 1081 medio
1231 1008 1614 1081 tollendam
1666 1018 1811 1079 tres
1862 1006 1997 1079 hae
2028 1004 2437 1079 Provinciae
2478 1007 2801 1079 videlicet
2837 1029 2979 1079 una
3062 1044 3067 1048 ·

851 1144 1015 1195 cum
1069 1122 1425 1210 omnihuS,
1483 1134 1558 1195 et
1609 1121 1929 1218 singulis,
1984 1131 2338 1217 quotquot
2388 1122 2461 1193 in
2510 1142 2755 1197 earum
2830 1132 2977 1195 ter-

845 1242 1107 1316 ritoriis
1159 1242 1716 1337 comperiuntur,
1773 1240 2083 1335 oppidis,
2119 1240 2229 1311 vel
2266 1241 2485 1313 etiam
2537 1238 2979 1325 civitatibus,

846 1358 1076 1454 pagiS‚
1129 1358 1440 1446 ruribus,
1493 1348 1871 1454 paroeciis,
1920 1369 2133 1453 atque
2171 1357 2441 1443 incolis,
2476 1380 2759 1453 unaque
2808 1380 2973 1431 cum

847 1474 1210 1569 cappelliS,
1249 1475 1602 1560 oratoriiS‚
1633 1497 1765 1546 nec
1800 1496 1941 1546 non
1996 1473 2557 1569 quibuscumque
2610 1472 2975 1547 Beneficiis

844 1589 1382 1678 EcclesiasticiS‚
1426 1590 1778 1664 institutis
1808 1590 1978 1677 Piis,
2008 1592 2401 1687 ceterisque
2442 1592 2529 1663 de
2564 1612 2763 1664 more
2798 1616 2973 1667 con-

841 1708 1352 1783 comitantibus
1379 1705 1817 1797 accessoriis,
1853 1709 1944 1780 ab
1979 1708 2328 1783 ordinaria
2363 1708 2841 1783 iurisdictione
2888 1733 2973 1784 ac

841 1825 1332 1920 superioritate
1374 1822 1803 1897 Venerabilis
1830 1824 2045 1897 etiam
2076 1822 2341 1897 Fratris
2368 1824 2591 1898 nostri
2620 1825 2971 1913 moderni,

843 1956 918 2017 et
969 1967 1099 2040 pro
1136 1956 1456 2042 tempore
1493 1944 1869 2017 existentis
1902 1942 2261 2017 Antistitis
2300 1942 2401 2017 De
2429 1943 2709 2019 Buenos
2749 1944 2969 2045 Ayres

841 2064 1133 2138 omnino
1185 2078 1587 2162 exemptae,
1644 2076 2131 2161 perpetuoque
2184 2063 2573 2139 disiunctae
2624 2088 2971 2141 censean-

839 2194 985 2268 tur,
1039 2192 1112 2253 et
1167 2182 1337 2267 sint,
1397 2181 1800 2279 Apostolica
1854 2182 2277 2255 auctoritate
2328 2191 2673 2278 perpetuo
2706 2182 2967 2257 confir-

837 2320 1146 2383 mamus,
1199 2298 1639 2371 decernendo
1671 2350 1690 2384 ,
1749 2310 1831 2370 ut
1882 2310 2207 2369 enarrata
2268 2298 2479 2371 trium
2553 2296 2971 2373 Provincia-

837 2436 997 2487 rum
1049 2412 1454 2487 huiusmodi
1505 2413 2053 2499 administratio,
2080 2436 2261 2509 quae
2295 2413 2416 2486 uni
2461 2411 2732 2489 vicario
2769 2415 2967 2511 Apo-

837 2530 1088 2605 stolico
1141 2531 1528 2625 provisorio
1597 2530 1811 2603 modo
1891 2532 2271 2605 commissa
2324 2543 2436 2605 est
2476 2580 2499 2619 ,
2552 2532 2639 2605 ad
2711 2532 2963 2605 effatae

836 2649 910 2721 S.
968 2648 1166 2722 Sedis
1223 2646 1665 2745 Apostolicae
1716 2648 2238 2745 beneplacitum
2274 2648 2529 2723 debeat
2571 2651 2727 2746 ipso
2774 2650 2961 2725 sacto

835 2793 1136 2858 cessare,
1176 2772 1421 2845 statim
1474 2796 1556 2844 ac
1607 2794 1835 2846 novus
1876 2770 2290 2847 Paranensis
2334 2772 2686 2847 Ecclesiae
2740 2772 2958 2847 infra-

837 2889 1142 2984 scriptae
1214 2888 1528 2965 Antistes
1602 2891 2053 2987 praeconium
2105 2892 2191 2965 ad
2256 2914 2415 2965 eam
2492 2890 2957 2966 obtinendam

837 3003 1260 3080 cathedram
1317 3006 1388 3078 in
1441 3005 1812 3081 Pontificio
1866 3006 2299 3081 Consistorio
2350 3020 2799 3105 assequutus,
2846 3011 2961 3107 ip-

831 3125 1120 3220 siusque
1173 3118 1526 3199 Ecclesiae
1582 3127 2104 3221 possessionem
2160 3126 2457 3221 adeptus
2510 3126 2745 3201 suerit.

983 3240 1082 3313 Et
1152 3243 1489 3338 quoniam
1539 3254 1831 3339 oportet
1882 3243 2048 3317 novi
2102 3244 2423 3338 exoptati
2482 3242 2955 3341 Episcopatus

833 3355 1214 3431 Civitatem
1253 3370 1328 3431 et
1363 3358 1756 3433 Ecclesiam
1820 3369 2289 3455 congruenter
2342 3359 2739 3455 designare3
2792 3362 2955 3439 ideo

833 3490 1308 3551 memoratum
1344 3480 1645 3553 civicum
1684 3481 2047 3576 oppidum,
2088 3481 2275 3577 quod
2310 3482 2633 3555 eminens
2694 3480 2947 3557 effatae

833 3592 1478 3668 confoederationis
1529 3596 1697 3669 urbs
1722 3650 1741 3684 ,
1798 3619 1880 3668 ac
1928 3596 2191 3671 nedum
2227 3596 2686 3693 amplitudine
2714 3651 2739 3685 ‚
2790 3622 2953 3675 cen-

835 3710 1136 3807 tralique
1187 3713 1691 3787 commoditate
1730 3766 1755 3801 ‚
1814 3696 2059 3785 verum
2110 3714 2327 3787 etiam
2392 3714 2947 3790 adhihendarum

825 3854 1070 3905 rerum
1125 3831 1504 3907 idoneitate
1535 3886 1558 3920 ,
1625 3844 1699 3907 et
1758 3834 2123 3907 titulorum
2184 3833 2531 3929 dignitate
2582 3850 2951 3931 praestans

821 3971 979 4020 esse
1036 3948 1444 4043 perhibetur
1481 4002 1504 4035 ,
1559 3951 1646 4024 ad
1702 3950 2047 4025 decorem.
2080 3962 2155 4024 et
2206 3949 2565 4049 fastigium
2620 3950 2949 4027 Civitat‘ss

825 4066 1040 4137 etiam
1071 4064 1506 4163 Episcopalis
1544 4068 1919 4141 fruiturum
1962 4080 2122 4164 post
2156 4067 2287 4142 hac
2322 4070 2649 4144 omnibus
2685 4084 2757 4143 et
2794 4073 2947 4145 sin-

827 4178 1006 4273 gulis
1059 4182 1441 4259 honoribus
1474 4236 1492 4273 ‚
1533 4186 1805 4260 iuribus
1833 4237 1852 4272 ,
1896 4186 2271 4281 privilegiis
2306 4238 2325 4273 ,
2384 4191 2888 4287 praerogativis
2918 4244 2943 4280 ,
