3317 5267
900 426 1045 493 446

886 563 1055 614 vero
1106 562 1233 613 cur
1284 537 1544 611 Sancta
1610 535 1836 609 Mater
1908 514 2229 611 ‘Ecclesia
2323 536 2692 611 carissima
2781 532 3056 608 Christi

894 658 1193 754 Sponsa,
1248 680 1429 753 quae
1484 657 1672 729 inter
1725 657 2256 751 persecutiones
2313 655 2590 740 mundi,
2648 662 2724 727 et
2791 677 3060 728 conso-

892 774 1193 848 lationes
1246 772 1391 846 Dei·
1431 772 1945 867 peregrinando
1999 775 2354 866 procurrit
2397 770 2532 868 (f),
2584 772 3060 845 vehementer

894 894 1169 966 exultet
1220 904 1411 966 sorte
1466 892 1768 965 istorum
1826 890 2158 977 filiorum,
2215 914 2398 989 quos
2453 893 2538 963 ad
2579 892 3054 987 pugnandum

900 1011 1237 1083 adversus
1293 1020 1694 1109 potestates
1751 1008 2206 1083 tenebrarum
2263 1010 2573 1081 armavit
2607 1060 2626 1093 ,
2682 1021 2758 1081 et
2812 1008 2884 1079 in
2923 1030 3058 1082 eo—

896 1148 1058 1201 rum
1111 1125 1335 1221 gloria
1389 1150 1466 1200 se
1521 1146 1982 1219 summopere
2038 1126 2450 1201 consoletur
2525 1122 2720 1199 hisce
2793 1124 3054 1200 diebus

892 1242 1287 1317 afflictionis
1340 1267 1533 1318 suae.
1594 1243 1958 1339 Siquidem
1997 1246 2450 1339 omnipotens
2487 1253 2563 1315 et
2609 1242 3054 1317 admirabilis

894 1358 1084 1435 Deus
1138 1363 1209 1435 in
1263 1362 1415 1458 ipsa
1472 1376 1758 1436 tantum
1819 1364 2154 1436 eximiam
2209 1362 2553 1457 cujusque
2607 1362 2885 1448 aetatiS,
2929 1386 3052 1435 se-

890 1500 1053 1564 xm,
1110 1478 1376 1552 ordinis
1430 1490 1508 1552 et
1558 1480 1986 1553 conditionis
2023 1500 2394 1553 servorum
2437 1500 2728 1551 suorum
2773 1480 3054 1552 sancti-

894 1603 1119 1667 tatem
1200 1594 1666 1667 manifestans
1701 1647 1720 1681 ,
1805 1597 2139 1692 illamque
2229 1595 2608 1691 stupendis
2687 1596 3049 1671 miraculis

896 1710 1347 1799 confirmans,
1407 1734 1551 1785 non
1632 1714 1892 1787 desinit
1954 1713 2090 1787 hoe
2169 1714 2386 1787 etiam
2471 1712 3044 1807 splendidissimo

891 1856 1059 1907 sane
1112 1845 1534 1930 argumento
1586 1834 1922 1907 omnibus
1973 1836 2158 1907 clare
2211 1844 2598 1931 aperteque
2653 1834 3042 1923 declarare,

890 1974 1134 2038 unam,
1192 1976 1576 2050 veramque
1632 1976 1788 2027 esse
1842 1952 2264 2026 catholicam
2301 1952 2692 2027 Ecclesiam
2723 1974 2762 2025 a
2799 1976 2882 2027 se
2913 1977 3044 2049 pro

892 2070 1213 2145 omnium
1266 2070 1497 2144 salute
1550 2070 1897 2144 divinitus
1973 2070 2340 2143 fundatam
2421 2083 2496 2143 et
2573 2071 2990 2143 institutam
3019 2122 3038 2155 ‚

893 2184 1365 2281 omnibusque
1418 2185 1844 2260 caelestibus
1895 2186 2192 2259 ditatam
2249 2184 2602 2259 thesauris
2632 2236 2653 2271 ‚
2731 2206 3042 2282 eamque

893 2328 1049 2377 esse
1100 2303 1529 2392 columnam,
1588 2316 1664 2378 et
1715 2305 2248 2377 firmamentum
2303 2305 2648 2391 veritatis,
2678 2326 2867 2400 quae
2895 2328 3041 2379 non

890 2418 1111 2513 hahet
1162 2420 1515 2493 maculam
1574 2472 1595 2507 ‚
1654 2432 1781 2494 aut
1835 2442 2083 2515 rugam
2124 2472 2145 2507 ‚
2203 2420 2326 2493 sed
2369 2431 2614 2493 sancta
2641 2430 2716 2493 et
2771 2420 3046 2493 imma·-

892 2537 1153 2623 culata,
1210 2560 1373 2611 cum
1428 2560 1568 2634 qua
1620 2560 1698 2611 se
1754 2538 2083 2611 omnibus
2147 2537 2395 2611 diebus
2473 2534 2798 2611 futurum
2881 2560 3042 2613 esse

896 2658 1229 2753 promisit
1266 2680 1491 2754 usque
1547 2658 1635 2731 ad
1689 2658 2378 2733 consummationem
2415 2656 2700 2731 saeculi.
2735 2656 3040 2753 Magnus

894 2774 1179 2869 quidem
1236 2772 1611 2861 DominuS,
1668 2785 1743 2845 et
1796 2772 2158 2847 laudabilis
2213 2773 2450 2860 nimi&
2486 2773 2606 2870 qui
2659 2774 2833 2847 dum
2891 2772 3037 2847 Ec-

890 2893 1103 2967 clesia
1180 2916 1309 2967 sua
1392 2905 1503 2965 tot
1581 2892 1942 2990 tantisque
1995 2894 2396 2990 exagitatur
2471 2892 2874 2967 turbinibus
2957 2918 3042 2969 ac

893 3010 1444 3108 tempestatibus
1487 3063 1508 3098 ‚
1592 3012 1785 3085 illam
1865 3012 2258 3109 insignibus
2338 3012 2650 3087 militum
2738 3036 3035 3087 suorum

896 3130 1277 3227 triumphis
1308 3140 1633 3214 exornat,
1677 3142 1756 3203 ut
1791 3132 1945 3225 ipsa
1998 3129 2214 3203 veluti
2253 3128 2718 3223 fulgidissima
2747 3128 3038 3203 lucerna

892 3271 1105 3344 super
1158 3246 1664 3322 candelabrum
1721 3247 1952 3342 posita
2005 3245 2336 3321 omnibus
2391 3246 2650 3333 luceat,
2689 3270 2772 3319 ae
2827 3270 3034 3320 verae

894 3366 1053 3439 fidei
1087 3418 1108 3453 ‚
1168 3365 1489 3437 veritatis
1542 3375 1618 3437 et
1671 3364 1920 3439 salutis
1971 3364 2108 3437 iter
2159 3364 2514 3439 ostendat.
2579 3363 2854 3459 Itaque,
2891 3362 3034 3439 Ve-

890 3482 1237 3559 nerabiles
1294 3482 1611 3568 FratreS,
1671 3504 1752 3555 ac
1805 3481 2044 3554 dilecti
2100 3480 2282 3569 Filii,
2337 3502 2500 3556 cum
2555 3492 2630 3555 et
2677 3480 2824 3555 Nos
2876 3504 3035 3553 sor-

891 3612 1033 3671 tem
1084 3598 1318 3697 adepti
1372 3598 1595 3671 simus
1654 3599 1846 3671 inter
1899 3610 2174 3670 sanctos
2223 3602 2356 3694 per
2407 3596 2622 3695 fidem
2661 3595 2764 3695 (2)
2817 3600 3032 3673 corde
3095 3594 3104 3599 ’

897 3728 973 3789 et
1034 3717 1271 3789 animo
1358 3715 1674 3789 maximo
1755 3715 2312 3789 elementissimo
2390 3714 3028 3789 misericordiarum

902 3828 1094 3903 Patri
1146 3852 1438 3926 agamus
1491 3832 1777 3925 gratias,
1833 3830 2040 3903 enixe
2092 3831 2548 3926 deprecantes
2579 3882 2601 3919 ,
2657 3842 2740 3906 ut
2800 3831 3025 3905 inter·-

1056 4106 1139 4185 (1)
1182 4104 1243 4179 S,
1290 4108 1441 4187 Aug:
1488 4103 1564 4169 de
1606 4102 1789 4167 Civit:
1837 4102 1946 4168 Dei
1991 4102 2074 4167 lib
2120 4102 2216 4167 18.
2262 4120 2315 4165 c.
2365 4100 2461 4164 51.

1052 4200 1134 4281 (Ξ)
1179 4198 1380 4263 Actor.
1426 4218 1481 4263 c.
1528 4200 1625 4263 26.
1672 4215 1732 4262 v.
1788 4198 1888 4262 18.
