3317 5267
864 410 1007 481 100

856 524 1145 599 clesiam
1197 523 1398 597 iuxta
1472 520 1970 619 Evangelicam
2021 532 2103 596 et
2153 520 2628 617 Apostolicam
2711 520 2986 597 doctri-

860 665 1030 715 nam
1078 641 1469 716 luculenter
1520 641 1770 714 docere
1808 694 1830 730 ‚
1885 640 2318 718 matrimonii
2398 640 2759 713 vinculum
2811 664 2988 736 pro-

858 768 1021 853 pter
1070 758 1357 832 alterius
1408 758 1785 855 coniugum
1839 757 2286 844 adulterium,
2323 758 2432 829 vel
2484 768 2776 853 propter
2803 756 2988 829 hae-

858 876 1075 949 resim
1106 927 1127 963 ,
1180 886 1311 947 aut
1354 874 1731 949 molestam
1785 873 2388 949 cohabitationem
2425 926 2448 961 ‚
2502 886 2632 947 aut
2697 872 2992 948 affecta-

864 1002 1011 1067 tam
1062 991 1459 1067 absentiam
1510 1014 1551 1065 a
1603 994 1904 1089 coniuge
1955 1012 2326 1086 nunquam
2374 1014 2586 1087 posse
2635 992 2934 1065 dissolvi
2964 1042 2992 1078 ,

863 1108 987 1181 sed
1022 1116 1367 1204 perpetuo
1403 1106 1716 1209 firmum,
1771 1120 1847 1183 et
1896 1104 2374 1183 indissolubile
2423 1130 2844 1204 permanere
2895 1132 2992 1183 cx

860 1224 1233 1301 notissima
1280 1224 1603 1319 inspirati
1632 1225 1822 1298 Adae
1849 1224 2228 1309 sententia,
2257 1235 2334 1299 et
2387 1222 2648 1299 Christi
2699 1220 2992 1299 Domini

860 1341 1169 1429 oraculo,
1206 1350 1421 1437 atque
1459 1340 1778 1437 Apostoli
1807 1340 2066 1427 verbis,
2095 1352 2169 1416 et
2197 1338 2552 1417 Ecclesiae
2581 1341 2992 1428 traditione,

860 1483 1049 1557 quae
1098 1460 1338 1534 omnia
1389 1458 1535 1535 Vos
1568 1461 1888 1557 apprime
1921 1461 2144 1535 scitis.
2185 1457 2380 1549 Quae
2417 1460 2708 1558 quidem
2745 1482 2998 1559 perpe-

870 1589 1021 1667 tua,
1075 1590 1289 1676 atque
1324 1576 1826 1653 indissolubilis
1859 1578 2396 1655 matrimonialis
2468 1579 2728 1655 vinculi
2763 1578 2999 1651 firmi·-

862 1709 1004 1786 tas,
1056 1720 1201 1773 non
1252 1720 1343 1769 ex
1396 1696 1870 1771 ecclesiastica
1939 1694 2306 1791 disciplina
2357 1695 2738 1793 profluens,
2783 1706 2990 1771 tanta

862 1828 975 1891 est
1001 1815 1073 1890 in
1100 1814 1556 1891 matrimonio
1606 1824 2129 1902 consummato,
2171 1826 2328 1895 tum
2362 1839 2454 1889 ex
2505 1815 2772 1901 divino,
2827 1826 2994 1889 tum

874 1961 967 2013 ex
1018 1936 1321 2011 naturali
1372 1937 1549 2019 iure,
1603 1946 1688 2011 ut
1737 1934 2004 2010 nullam
2055 1932 2147 2009 ob
2196 1956 2486 2011 causam
2537 1957 2628 2009 ne
2689 1932 2782 2015 ab
2833 1934 2996 2030 ipso

864 2055 1152 2151 quidem
1203 2052 1526 2133 Romano
1578 2051 1920 2128 Pontifice
1971 2052 2259 2129 dissolvi
2315 2073 2630 2149 unquam
2707 2053 2938 2149 possit
2967 2104 2992 2137 ,

865 2174 1145 2245 etiamsi
1194 2172 1285 2245 ab
1337 2170 1680 2247 alterutro
1729 2171 2108 2269 coniugum
2159 2170 2332 2249 fidos
2367 2170 2754 2266 coniugalis
2787 2171 2996 2248 adul-

866 2290 1043 2364 terio
1093 2287 1479 2385 frangatur.
1546 2285 1916 2377 Quocirca,
1979 2288 2424 2366 venerabiles
2477 2286 2764 2363 Fratres
2778 2341 2803 2376 ,
2857 2313 2994 2385 pro

864 2407 1279 2481 sacerdotali
1360 2417 1599 2483 vestra
1651 2408 1942 2495 virtute,
1999 2419 2075 2481 et
2125 2405 2506 2503 episcopali
2594 2416 2834 2484 vestro
2916 2407 2996 2481 in

864 2523 1208 2599 catholica
1231 2523 1547 2599 ‹locu-ina
1598 2526 1860 2599 tuenda
1887 2546 1970 2599 ac
1993 2522 2499 2621 propugnanda
2549 2521 2786 2599 studio
2811 2522 2994 2597 nihil

866 2640 1083 2717 Vobis
1135 2642 1371 2739 potius
1422 2642 1542 2731 sit,
1598 2665 1814 2741 quam
1865 2642 2382 2718 studiosissime
2434 2660 2680 2715 curare
2712 2691 2732 2728 ,
2773 2652 2858 2714 ut
2907 2640 3000 2713 fi·-

860 2762 1052 2837 deles
1104 2760 1319 2837 Vobis
1370 2765 1611 2838 traditi
1661 2764 1838 2838 haec
1889 2774 2082 2865 recte
2130 2762 2496 2837 addiscant
2535 2814 2560 2848 ,
2609 2784 2692 2835 ac
2741 2761 2992 2839 sedulo

860 2878 1349 2976 profiteantur,
1404 2891 1479 2954 et
1529 2891 1845 2955 servent.
1899 2879 2102 2969 Quod
2137 2880 2198 2955 si
2229 2880 2302 2953 in
2341 2881 2598 2955 vestris
2630 2877 3000 2955 Dioecesi-

859 2998 997 3073 bus
1046 2998 1261 3095 aliqui
1314 3000 1627 3073 existant
1657 3053 1679 3087 ,
1733 3001 1854 3096 qui
1907 3022 2280 3096 perperam
2332 2998 2790 3085 arbitrentur,
2829 3022 2994 3075 ma·-

863 3116 1179 3191 trimonii
1214 3117 1574 3191 vinculum
1608 3117 1932 3192 adulterii
1967 3140 2178 3191 eausa
2227 3140 2438 3212 posse
2473 3116 2792 3205 dissolvi,
2829 3140 3000 3193 om·-

856 3234 971 3311 nis
1020 3256 1062 3307 a
1116 3230 1328 3307 Vobis
1376 3256 1547 3307 cura
1579 3284 1601 3319 ,
1663 3233 2051 3330 vigilantia,
2107 3234 2490 3309 auctoritas
2569 3234 2988 3329 prudenter,

860 3361 1407 3447 constanterque
1462 3363 1575 3425 est
1610 3351 2034 3437 adhibenda,
2071 3364 2154 3423 ut
2209 3365 2353 3423 tam
2406 3352 2874 3446 perniciosae,
2913 3368 2992 3427 et

860 3466 1243 3543 catholiace
1292 3468 1657 3543 doctrinae
1717 3470 1832 3543 vel
1883 3469 2198 3541 maxime
2233 3470 2628 3543 contrarius
2663 3492 2860 3544 error
2895 3492 2990 3545 ex

858 3584 1141 3659 illorum
1192 3586 1447 3658 animis
1501 3585 1838 3659 radicitus
1891 3586 2236 3661 evellatur
2263 3640 2288 3675 ,
2353 3598 2429 3661 et
2493 3588 2774 3683 penitus
2851 3588 2990 3663 eli-

860 3704 1199 3780 minetur.
1257 3701 1358 3777 Ac
1415 3725 1544 3798 pro
1600 3714 1838 3779 vestra
1889 3704 2234 3799 sapientia
2283 3704 2500 3801 probe
2569 3706 2992 3803 intelligitis,

870 3819 1325 3899 Venerabiles
1404 3820 1692 3897 Fratres
1723 3874 1745 3908 ‚
1803 3822 1874 3894 in
1930 3822 2110 3897 tanti
2171 3825 2516 3901 momenti
2591 3848 2669 3897 re
2737 3848 2994 3903 omnes

858 3940 1197 4038 cuiusque
1224 3940 1503 4037 generis
1542 3940 2018 4029 difficultates,
2056 3942 2118 4015 si
2157 3941 2342 4017 forte
2376 3942 2990 4040 objiciantur,esse

867 4057 1165 4133 omnino
1216 4058 1289 4133 in
1326 4058 1521 4133 omni
1573 4058 1916 4154 patientia
1939 4069 2016 4135 et
2038 4059 2354 4136 doctrina
2381 4060 2788 4151 vincendas,
2825 4081 2996 4135 cum
