3317 5267
2321 375 2466 454 613

490 491 722 592 Atque
771 494 891 568 hie
916 545 941 580 ‚
1006 485 1257 568 Dileeli
1314 493 1469 568 Filii
1541 493 1780 569 Nostri
1855 507 1934 568 et
2013 493 2468 572 venerabiles

330 603 647 696 Fratres,
686 611 946 684 iterum
980 633 1541 686 commemorare
1576 623 1654 684 et
1691 613 2206 708 reprehendere
2233 637 2464 709 opor-

332 741 445 808 tet
490 734 993 831 gravissimum
1044 755 1387 821 errorem,
1438 736 1513 806 in
1562 757 1708 832 quo
1757 737 2077 810 nonnulli
2139 735 2464 816 catholici

332 849 593 924 misere
644 861 1042 937 versantur,
1096 851 1219 947 qui
1270 849 1601 934 homines
1646 849 1720 920 in
1785 848 2136 926 erroribus
2217 853 2468 926 viven-

332 979 473 1055 tes,
524 980 603 1042 et
648 992 695 1042 a
744 991 913 1043 vera
962 969 1127 1056 fide,
1194 981 1409 1068 atque
1460 992 1505 1042 a
1554 970 1908 1044 catholica
1978 973 2254 1045 unitate
2305 972 2468 1046 alie-

328 1110 461 1162 nos
512 1087 601 1161 ad
654 1098 1023 1160 aeternam
1083 1083 1305 1160 vitam
1358 1087 1730 1184 pervenire
1780 1109 1990 1184 posse
2055 1087 2460 1184 opinantur.

336 1201 543 1295 Quod
592 1199 881 1302 quidem
932 1203 1321 1278 catholicae
1368 1204 1730 1278 doctrinae
1783 1206 1896 1280 vel
1947 1205 2262 1278 maxime
2337 1203 2468 1276 ad·-

340 1331 691 1394 versatur.
750 1319 1014 1396 Notum
1066 1315 1311 1408 Nobis,
1378 1318 1733 1419 Vobisque
1783 1333 1920 1408 est,
1974 1345 2123 1409 eos,
2180 1321 2308 1418 qui
2355 1321 2460 1392 in-

332 1433 645 1512 vincibili
681 1438 865 1512 circa
892 1439 1415 1513 sanctissimam
1451 1451 1772 1514 nostram
1811 1439 2224 1537 religionem
2259 1441 2466 1536 igno-

327 1555 555 1628 rantia
608 1553 961 1641 laborant,
1024 1554 1291 1650 quique
1342 1555 1744 1630 naturalem
1823 1554 2056 1651 legem
2087 1607 2110 1643 ,
2173 1556 2466 1652 eiusque

290 1699 295 1704 ’
330 1663 709 1769 praecepta
762 1671 833 1744 in
888 1671 1215 1746 omnium
1262 1671 1595 1748 cordibus
1644 1695 1688 1745 a
1741 1671 1896 1747 Deo
1949 1673 2298 1769 insculpta
2350 1695 2468 1744 se-

324 1789 494 1864 dulo
528 1800 925 1876 servantes,
998 1811 1084 1862 ac
1132 1785 1283 1863 Deo
1320 1787 1603 1864 obedire
1643 1790 1898 1888 parati,
1939 1789 2314 1866 honestam
2351 1812 2468 1862 re·-

317 1920 659 2005 etamque
712 1907 935 1981 vitam
990 1917 1237 2002 agunt,
1312 1927 1551 2003 posse,
1623 1907 1904 1982 divinae
1929 1907 2138 1993 luciS‚
2203 1916 2279 1980 et
2311 1929 2464 2002 gra-

331 2027 477 2100 tiae
524 2035 875 2122 operante
911 2024 1202 2110 virtute,
1239 2036 1599 2100 aeternam
1634 2027 1972 2124 consequi
2027 2026 2277 2107 vitam,
2301 2046 2466 2098 cum

320 2139 559 2232 ‚Dens,
608 2143 735 2242 qui
786 2143 1105 2218 omnium
1170 2155 1452 2220 mentes
1491 2197 1513 2234 ,
1578 2145 1884 2231 animos,
1948 2145 2412 2242 cogitationes
2441 2195 2463 2230 ,

332 2259 761 2360 habitusque
808 2260 1017 2358 plane
1056 2261 1399 2350 intuetur,
1440 2253 1804 2336 scrutatur
1871 2272 1948 2335 et
2017 2263 2274 2348 noscit,
2338 2285 2469 2358 pro

328 2401 613 2458 summa
662 2403 789 2454 sna
837 2377 1187 2468 bonitate,
1242 2373 1319 2452 et
1360 2376 1745 2453 'clementia
1798 2381 2095 2456 minime
2156 2380 2470 2478 patiatur

314 2497 739 2596 quempiam
790 2495 1097 2570 aeternis
1146 2495 1380 2592 puniri
1434 2496 1797 2593 suppliciis
1848 2497 1973 2594 qui
2027 2497 2464 2574 voluntariae

330 2613 579 2713 mlpae
630 2624 908 2688 reatum
962 2636 1105 2688 non
1158 2612 1441 2688 habeat.
1498 2613 1640 2689 Sed
1692 2615 2148 2690 notissimum
2187 2637 2468 2714 quoque

332 2745 448 2808 cat
494 2731 919 2807 catholicum
970 2731 1256 2828 dogma,
1328 2732 1694 2807 neminem
1729 2733 2022 2808 scilieet
2098 2745 2299 2809 extra
2349 2755 2474 2807 ea-

338 2849 674 2925 tholicam
726 2849 1115 2926 Ecclesiam
1144 2868 1353 2945 posse
1409 2849 1692 2938 salvari,
1731 2861 1806 2924 et
1833 2863 2288 2926 contumaces
2341 2851 2467 2924 ad·-

337 2992 587 3044 versus
638 2967 955 3044 eiusdem
1010 2961 1375 3042 Ecclesiae
1422 2967 1960 3056 auctoritatem,
1993 2969 2466 3055 definitiones,

336 3103 417 3164 et
464 3086 555 3163 ab
604 3087 827 3185 ipsius
880 3084 1236 3161 Ecclesiae
1294 3087 1597 3190 unitate,
1673 3098 1886 3183 atque
1938 3108 1996 3158 a·
2033 3085 2224 3159 Petri
2303 3085 2476 3162 Suc-

334 3213 615 3284 censore
670 3205 996 3280 Romano
1084 3204 1433 3281 Pontifice
1474 3257 1497 3292 ‚
1552 3205 1664 3279 cui
1721 3205 1970 3278 vineae
2037 3199 2355 3281 custodia
2419 3211 2472 3276 ‘a

342 3323 707 3402 salvatore
741 3337 843 3396 eat
890 3325 1271 3400 commista
1326 3321 1388 3422 (1
1402 3323 1461 3425 )‚·
1516 3323 1977 3420 pertinaciter
2023 3323 2316 3412 divisae,
2353 3342 2469 3398 ae-

341 3458 617 3520 ternam
654 3467 797 3520 non
821 3465 1029 3541 posse
1084 3445 1409 3520 obtinere
1446 3444 1778 3520 salutem.
1823 3439 2226 3518 Clarissima
2277 3442 2470 3517 enim

340 3575 511 3640 sunt
562 3561 823 3638 Christi
876 3558 1157 3638 Domini
1187 3564 1425 3638 verba:
1489 3591 1523 3634 ιι
1583 3563 1657 3653 Si
1710 3561 2102 3641 Ecclesiam
2156 3585 2297 3636 non
2357 3585 2474 3635 au-

350 3709 387 3756 »
442 3683 680 3768 dierit,
750 3681 846 3756 sit
898 3680 1025 3756 tibi
1075 3683 1259 3756 sicut
1309 3683 1666 3796 ethnicu&
1695 3691 1769 3755 et
1795 3681 2218 3799 publicanus
2247 3677 2354 3777 (2)
2399 3701 2466 3749 n:

510 3981 595 4065 (1)
636 3981 865 4048 concii.
909 3983 1154 4049 oenum.
1234 3977 1677 4082 chalcedonea.
1715 3980 1822 4048 in·
1855 3972 2064 4047 Reisi'ts
2095 3978 2168 4073 ad
2213 3977 2469 4044 leonem

351 4077 598 4257 Pamg).
634 4175 845 4244 matth.
889 4196 945 4242 c.
989 4177 1087 4242 18.
1132 4175 1326 4242 v.17.
