3317 5267
2261 444 2398 517 145

260 550 573 625 existere
604 559 681 623 et
716 546 891 635 fore,
920 572 1229 647 suosque
1262 552 1611 647 plenarios
1644 564 1724 629 et.
1755 553 2066 651 integros
2102 552 2394 631 effectus

264 665 533 753 sortiri,
586 676 662 739 et
710 656 1058 751 obtinere,
1112 688 1197 741 ac
1247 665 1337 739 ab
1388 666 1553 755 illis,
1606 668 1696 743 ad
1747 692 1926 765 quos
1963 682 2278 765 spectat,
2311 678 2388 747 et

262 807 393 881 pro
431 794 755 879 tempore
788 782 1379 882 quandocumque
1426 784 1809 881 spectabit,
1866 786 2390 877 inviolabiliter,

262 914 337 979 et
390 902 815 977 inconcusse
848 900 1235 977 observari:
1266 903 1517 1001 sicque
1548 915 1626 979 et
1665 926 1810 979 non
1843 904 2050 981 aliter
2085 906 2158 981 in
2193 929 2400 1005 pree-

264 1020 503 1095 missis
528 1042 656 1117 per
680 1040 1171 1118 quoscumque
1200 1019 1463 1097 iudices
1492 1019 1884 1097 ordinarios
1908 1032 1984 1097 et
2005 1019 2390 1119 delegatos,

264 1138 483 1213 etiam
534 1159 917 1215 causarum
972 1135 1221 1213 Palatii
1279 1136 1666 1236 Apostolici
1719 1134 2118 1226 Auditores,
2173 1154 2250 1215 et
2317 1142 2392 1217 S.

270 1256 362 1329 R.
414 1254 505 1331 Ε.
560 1252 1001 1343 Cardinales,
1036 1254 1257 1332 etiam
1294 1256 1383 1331 de
1420 1254 1674 1331 Latere
1707 1254 2036 1352 Legatos,
2075 1269 2152 1332 et
2195 1256 2396 1335 Sedis

264 1375 669 1471 praedictae
737 1373 799 1449 N
804 1374 1059 1451 uncios
1103 1424 1125 1456 ,
1196 1374 1462 1449 aliosve
1538 1374 1895 1474 quoslibet
1953 1396 2396 1474 quacumque

272 1490 832 1586 praeeminentia
882 1500 961 1565 et
1020 1501 1379 1586 potestate
1414 1488 1818 1587 fungentes,
1885 1504 1962 1565 et
2009 1490 2400 1581 iuncturos,

274 1606 555 1683 sublata
590 1608 695 1683 eis
728 1618 805 1683 et
839 1628 1087 1682 eorum
1114 1605 1405 1683 cuilibet
1430 1609 1684 1705 quavis
1719 1606 1924 1685 aliter
1950 1608 2296 1685 iudicandi
2325 1623 2400 1685 et

262 1727 777 1825 interpretandi
828 1725 1164 1803 facultate
1200 1738 1275 1803 et
1310 1727 1759 1816 auctoritate,
1797 1727 2112 1817 iudicari,
2159 1742 2236 1805 et
2284 1731 2402 1805 de·

270 1845 455 1918 finiri
506 1844 765 1921 debere
801 1868 829 1933 ;
885 1868 968 1920 ac
1018 1844 1301 1921 irritum
1354 1858 1431 1920 et
1478 1844 1692 1920 inane
1720 1892 1742 1932 ,
1799 1846 1862 1921 si
1913 1866 2117 1921 secus
2187 1868 2400 1943 super

270 1962 389 2037 his
442 1986 483 2037 a
534 1982 894 2061 quoquam
947 1963 1197 2061 quavis
1234 1964 1657 2041 auctoritate
1683 1962 1990 2039 scienter
2041 1962 2154 2037 vel
2207 1964 2398 2062 igno-

274 2092 517 2153 ranter
566 2104 697 2155 con
706 2080 945 2176 tigerit
976 2080 1340 2155 attentari.

422 2198 571 2275 Non
624 2198 1073 2274 obstantibus
1134 2199 1539 2295 praemissis
1578 2250 1603 2286 ‚
1656 2210 1732 2274 et
1791 2212 2142 2295 quatenus
2207 2220 2388 2297 opus

264 2318 387 2406 sit,
444 2317 698 2393 Nostra
749 2329 826 2391 et
860 2314 1328 2393 Cancellariae
1366 2315 1810 2413 Apostolicae
1837 2319 2076 2415 regula
2111 2319 2198 2395 de
2247 2320 2398 2394 iure

266 2437 591 2533 quaesito
652 2460 793 2513 non
860 2436 1193 2525 tollendo,
1258 2436 1551 2534 aliisque
1614 2434 2252 2512 constitutionibus
2325 2450 2399 2512 et

266 2552 841 2631 ordinationibus
892 2554 1341 2651 Apostolicis,
1382 2578 1513 2628 nec
1563 2577 1706 2629 non
1759 2553 2128 2650 quibusvis
2179 2555 2395 2628 etiam

268 2672 695 2760 iuramento,
724 2671 1255 2749 confirmatione
1282 2671 1712 2769 Apostolica‚
1753 2672 1865 2743 vel
1898 2672 2150 2768 quavis
2179 2672 2394 2745 firmi-

268 2802 421 2865 tate
444 2789 579 2863 alia
605 2788 949 2865 roboratis
984 2790 1300 2875 statutis,
1340 2800 1417 2863 et
1448 2786 2107 2877 consuetudinibus,
2133 2812 2216 2862 ac
2255 2792 2393 2862 usi-

268 2904 431 2989 bus,
469 2918 545 2981 et
592 2905 801 3003 stylis
826 2906 1045 2981 etiam
1072 2904 1780 2992 immemorabilibus,
1818 2905 2201 3003 privilegiis
2227 2924 2396 3003 quo·

268 3048 437 3123 que,
474 3024 792 3111 indultis,
846 3036 925 3099 et
975 3022 1261 3097 Litteris
1299 3024 1720 3120 Apostolicis
1755 3025 2158 3121 praedictis,
2195 3022 2388 3095 aliis·—

244 3162 413 3241 ·que
464 3140 895 3239 quibuslibet
930 3140 1285 3227 Personis,
1328 3140 1547 3215 etiam
1586 3162 2034 3239 quacumque
2066 3139 2399 3214 ecclesia-

266 3261 451 3335 stica
488 3259 600 3335 vel
635 3261 991 3335 mundana
1026 3259 1369 3357 dignitate
1404 3258 1862 3354 fulgentibus,
1893 3268 1970 3331 et
2004 3258 2176 3331 alias
2211 3280 2393 3354 quo-

272 3376 663 3453 modolibet
706 3376 1148 3474 qualiflcatis,
1188 3386 1263 3449 et
1296 3374 1680 3471 specialem
1717 3374 2246 3470 expressionem
2282 3396 2396 3447 re-

270 3494 723 3593 quirentibus
758 3494 892 3571 sub
928 3495 1489 3593 quibuscumque
1520 3493 1898 3568 verborum
1931 3492 2294 3568 tenoribus
2321 3502 2398 3567 et

264 3614 551 3703 formis,
606 3637 689 3687 ac
738 3635 901 3687 eum
954 3612 1321 3711 quibusvis
1373 3614 1593 3689 etiam
1625 3612 2224 3710 derogatoriarum
2260 3611 2400 3685 de·-

278 3732 655 3831 rogatoriis
685 3784 707 3820 ,
763 3732 1057 3830 aliisque
1108 3731 1611 3808 efficacioribus
1640 3785 1664 3818 ,
1717 3731 2216 3807 efficacissimis
2247 3782 2268 3817 ,
2311 3740 2398 3835 ‘et

282 3853 585 3929 insolitis
636 3852 994 3940 clausulis,
1048 3853 1293 3926 irritan
1302 3852 1658 3948 tibusque,
1713 3861 1790 3924 et
1841 3851 1992 3925 aliis
2044 3847 2388 3932 Decretis,

282 3974 505 4049 ctiam
554 3984 786 4060 motu,
841 3970 1161 4058 scientia,
1200 3984 1277 4043 et
1308 3968 1687 4067 potestatis
1725 3966 2159 4064 plenitudine
2195 3964 2396 4039 simi·
2505 3952 2520 3965 ⁴

278 4089 497 4177 libus,
526 4098 603 4165 et
626 4088 1233 4177 consistorialiter,
1260 4101 1337 4162 et
1360 4086 1531 4163 alias
1562 4082 2092 4186 quomodolibet
2117 4083 2190 4156 in
2215 4102 2392 4159 con-

280 4212 577 4285 trarium
609 4209 1158 4306 praemissorum
1186 4210 1565 4307 concessis,
1606 4207 1840 4292 editis,
1879 4203 2084 4279 factis
2119 4226 2199 4279 ac
2235 4204 2397 4301 plu-
