3317 5267
859 434 1006 507 294

860 551 1086 625 larum
1141 546 1451 645 partium
1490 540 1825 645 Episcopi
1859 542 2145 631 habere,
2185 540 2398 631 tueri,
2433 556 2511 617 et
2542 562 2879 621 exercerc
2914 570 3003 623 ac

859 670 1144 764 proprio
1195 668 1434 763 itaque
1482 667 1642 762 jure
1694 664 2055 761 libereque
2100 676 2319 759 queat
2378 684 2462 735 ea
2522 676 2777 738 cuncta
2848 690 2999 739 su·-

859 805 988 881 per
1037 784 1122 857 iis
1173 782 1504 858 omnibus
1553 794 1628 855 et
1680 778 1972 878 singulis
2024 779 2281 867 facere,
2336 800 2609 875 gerere,
2664 782 2999 855 aduini-

858 910 1126 987 strare,
1177 898 1564 997 inquirere,
1617 899 2026 982 decernere,
2090 917 2171 969 ac
2232 896 2523 969 demum
2584 900 2995 974 executioni

859 1018 1224 1104 mandere,
1289 1038 1472 1112 qnae
1533 1014 1905 1111 Episcopis
1961 1013 2169 1108 juxta
2232 1011 2481 1086 Sacros
2534 1010 2863 1089 Canones
2922 1018 2999 1089 in

860 1134 1178 1229 proprias
1215 1130 1568 1205 Ecclesias
1599 1129 1973 1207 Dioeceses
2008 1142 2085 1203 et
2122 1130 2389 1203 incolas
2416 1132 2846 1220 concredita,
2874 1146 2999 1205 at-

861 1250 1151 1338 tributa,
1189 1263 1265 1323 et
1315 1252 1701 1325 commissa
1750 1248 2315 1345 comperiuntur;
2366 1260 2585 1324 cauto
2623 1264 3001 1323 verumta-

861 1388 1060 1455 men,
1087 1392 1178 1441 ne
1203 1368 1366 1464 quis
1399 1390 1634 1442 novus
1671 1367 1991 1440 Antiates
2028 1376 2197 1438 ante
2233 1386 2405 1440 suae
2440 1369 3003 1443 consecrationis

867 1482 1308 1581 Episcopalis
1367 1486 1895 1579 susceptionem
1949 1482 2179 1579 possit
2240 1504 2455 1579 super
2512 1486 2999 1581 praepositam

865 1602 1000 1675 sibi
1051 1602 1448 1677 Ecclesiam
1501 1615 1576 1675 et
1629 1600 2027 1680 Dioecesim
2080 1603 2435 1676 ullatenus
2484 1624 2941 1699 praesumere
2972 1658 3000 1691 ‚

871 1720 1240 1818 multoque
1277 1722 1516 1793 minus
1566 1742 1901 1825 exercere
1946 1720 2371 1793 ordinariam
2402 1720 2996 1815 jurisdictionem.

867 1833 1098 1925 Quam
1134 1838 1422 1933 quidem
1457 1850 1532 1911 et
1591 1835 2279 1909 administrationem
2328 1838 2617 1932 penitus
2658 1834 2859 1911 obire
2908 1862 2997 1913 ac

877 1951 1237 2049 Synodum
1293 1954 1508 2027 etiam
1573 1949 2083 2027 Dioecesauam
2136 1952 2515 2049 aliquando
2570 1976 2993 2043 convocare,

871 2083 946 2145 et
995 2092 1332 2168 peragere
1395 2072 1616 2145 libere
1673 2072 1933 2160 valeat,
1972 2085 2355 2168 postquam
2408 2073 2541 2143 rite
2588 2073 2996 2161 institutus,

873 2202 948 2262 et
997 2204 1450 2266 consecratus
1503 2190 1749 2279 fuerit,
1806 2202 2021 2288 atque
2072 2192 2247 2265 adeo
2298 2191 2659 2264 commissi
2710 2190 3001 2289 Episco-

876 2318 1086 2401 patus
1135 2312 1658 2405 possessionem
1714 2309 2043 2381 adiverit.
2325 2404 2332 2412 .
2388 2334 2397 2343 ·

1030 2424 1366 2500 Jamvero
1421 2425 1508 2498 ad
1545 2447 1823 2498 novam
1872 2426 2109 2499 dictae
2137 2423 2495 2499 Ecclesiae
2530 2422 2803 2521 Capitis
2853 2424 3001 2499 Ha·-

879 2542 1050 2614 itani
1105 2544 1563 2628 erectionem,
1621 2554 1697 2615 et
1748 2543 2297 2629 incrementum,
2360 2554 2579 2627 ratas,
2642 2552 2719 2615 et
2782 2566 3001 2641 quam

875 2660 1260 2733 solemnius
1311 2674 1638 2757 acceptas
1692 2684 1857 2734 esse
1886 2660 2328 2735 decernimus
2364 2682 2489 2733 eas
2538 2660 2803 2734 laudati
2852 2660 3005 2738 Gu-

879 2774 1108 2851 bernii
1159 2773 1442 2851 Haitani
1493 2777 1859 2873 religiosas
1912 2780 2325 2875 sponsiones
2376 2778 2465 2851 ad
2518 2776 2705 2851 hanc
2740 2778 2815 2853 S.
2852 2779 2999 2855 Se-

881 2895 1043 2969 dem
1105 2895 1432 2971 consulto
1487 2894 1885 2992 perhibitas
1924 2949 1945 2984 ,
2000 2894 2477 2970 satisfaciendi
2540 2918 2805 2993 nempe
2862 2922 3003 2973 us·-

880 3034 1020 3109 que
1075 3014 1162 3087 ad
1211 3013 1711 3085 necessitatem
1740 3012 2231 3109 majoremque
2266 3014 2885 3109 opportunitatem
2920 3038 3003 3089 ea

879 3130 1144 3217 omnia,
1183 3128 1476 3226 quaein
1527 3128 1596 3202 id
1651 3140 1887 3202 totum
1944 3150 2121 3224 opus
2172 3130 2655 3225 requiruntur.
2712 3128 2824 3205 lta
2874 3132 3011 3229 igi-

883 3256 1000 3318 tur
1047 3246 1364 3342 diligenti
1413 3267 1580 3319 cura
1633 3256 1709 3317 et
1774 3244 1983 3340 pleno
2032 3256 2327 3341 sumptu
2380 3246 2603 3342 ipsius
2664 3244 3005 3321 Gubernii

821 3350 832 3365 ’
879 3360 1160 3435 Haitani
1209 3362 1532 3457 protinus
1583 3372 2115 3457 comparentur,
2162 3374 2699 3460 opportunaque
2762 3366 3005 3462 supel-

879 3478 1112 3552 lectile
1161 3480 1494 3553 decenter
1557 3480 1947 3553 instructae
2010 3480 2461 3575 assignentur
2522 3492 3009 3579 perpetuoque

879 3594 1368 3691 adjudicentur
1397 3606 1506 3669 tot
1541 3594 1717 3667 satis
1755 3598 2201 3684 commodae,
2230 3598 2407 3671 satis
2444 3598 2755 3694 amplae,
2794 3600 3017 3673 satis-

879 3736 1018 3809 que
1069 3713 1426 3809 elegantes
1479 3712 1689 3788 aedes
1746 3724 1925 3808 quot
1976 3735 2107 3808 pro
2148 3712 2425 3809 Capitis
2482 3712 2767 3791 Haitani
2820 3714 3009 3813 Epi-

874 3833 1072 3929 scopi
1125 3832 1468 3927 condigna
1523 3831 1907 3905 residentia
1968 3834 2263 3930 eiusque
2330 3831 2583 3907 vicarii
2644 3830 3013 3907 Generalis

883 3952 1343 4041 habitatione,
1385 3962 1539 4025 tum
1579 3952 1800 4024 etiam
1838 3972 1967 4046 pro
1994 3952 2185 4025 curia
2222 3976 2347 4025 seu
2386 3950 2819 4027 Cancellaria
2852 3952 3009 4027 Ec·-

877 4066 1276 4143 clesiastiea
1311 4080 1640 4165 oportere
1678 4066 1937 4154 solent,
1972 4070 2554 4145 commendantes
2594 4082 2673 4143 ut
2710 4068 3011 4165 Episco-

879 4187 1040 4281 pale
1093 4188 1520 4283 praesertim
1557 4187 1715 4283 pala
1730 4188 1936 4276 tium,
1973 4190 2205 4286 quoad
2238 4189 2387 4267 fieri
2424 4191 2714 4286 poterit,
2748 4188 2846 4263 illi
2882 4187 3017 4262 Car
