3317 5267
2295 429 2437 500 509

336 541 728 620 veolentiae
779 539 939 614 fuit.
995 539 1142 614 Nec
1193 540 1420 614 multo
1473 550 1636 636 post
1688 539 1964 616 obitum
2028 555 2441 618 sanctorum

327 661 444 738 die
500 662 775 738 veneris
827 661 900 734 iu
953 666 1238 735 noctem
1275 657 1648 734 obscuram
1678 657 2013 735 caelestes
2050 662 2248 760 ignes
2283 686 2443 737 cor-

328 779 618 875 poribus
659 779 1030 852 imminere
1071 777 1424 865 visisunt,
1463 797 1765 874 quorum
1804 779 1925 875 qui
1962 781 2235 855 medius
2288 779 2448 854 fue-

298 907 442 996 rat
491 918 708 994 supra
756 916 1034 970 sacram
1073 893 1450 970 Societatis
1505 894 1755 968 aedem
1788 918 1917 970 suo
1940 908 2145 972 motu
2168 895 2443 972 delatus

329 1011 424 1086 ibi
477 1013 796 1100 evanuit,
853 1025 928 1086 et
986 1009 1434 1086 tenebrosam
1486 1023 1775 1086 noctem
1846 1015 2222 1088 serenavit.
2307 1010 2445 1088 Diu

325 1131 544 1205 etiam
597 1131 929 1227 deinceps
983 1143 1190 1205 sexta
1244 1153 1526 1227 quoque
1580 1129 1753 1203 feria
1790 1132 2231 1228 inspectante
2266 1131 2446 1204 civi-

328 1261 478 1326 tate
533 1253 863 1326 universa
917 1249 1154 1347 fulgen
1170 1261 1277 1324 tes
1334 1249 1665 1323 flammae
1718 1249 1917 1324 velut
1952 1250 2179 1325 sidera
2212 1250 2447 1326 locum

337 1368 656 1464 martyrii
709 1365 1022 1456 obivere‚
1065 1378 1140 1441 et
1193 1368 1282 1441 ad
1337 1389 1420 1440 ea
1460 1390 1685 1464 usque
1714 1387 2115 1463 processere
2152 1367 2451 1443 domici·-

329 1481 448 1569 lia,
503 1506 686 1580 quae
736 1484 966 1581 prima
1019 1481 1449 1580 excipiendis
1503 1483 1933 1580 martyribus
1984 1482 2469 1580 Nangasachii·

332 1597 618 1676 fuerant
665 1603 1042 1678 destinata.
1099 1602 1236 1677 Sed
1291 1601 1562 1676 nullum
1617 1601 1899 1674 videtur
1952 1602 2443 1676 testimonium

350 1719 634 1795 virtutis
723 1719 1002 1794 illorum
1055 1731 1132 1794 et
1193 1719 1452 1816 gloriae
1529 1719 1963 1814 splendidius
2049 1741 2261 1816 quam
2344 1743 2453 1794 sa·-

328 1859 450 1912 cer
497 1837 614 1913 ille
661 1839 894 1925 ardor,
949 1861 1088 1934 quo
1169 1836 1588 1910 inflammati
1668 1838 2145 1933 spectantium
2224 1838 2443 1912 animi

331 1955 528 2032 fuere
579 1958 670 2032 ad
721 1958 1181 2032 christianam
1232 1957 1444 2031 fidem
1495 1978 1578 2030 ac
1631 1957 1973 2053 pietatem
2010 1969 2135 2031 aut
2172 1958 2445 2055 ample—

326 2077 654 2152 ctendam
711 2088 836 2152 aut
887 2076 1277 2174 impensius
1331 2080 1694 2154 colendam
1738 2131 1759 2169 ,
1816 2080 1915 2151 ita
1994 2091 2075 2153 ut
2152 2080 2443 2176 sanguis

321 2209 720 2294 martyrum
761 2219 1006 2271 semen
1045 2195 1260 2270 fuerit
1287 2199 1857 2274 christianorum.
1899 2195 2167 2272 Horum
2196 2209 2437 2272 autem

327 2317 540 2388 trium
597 2327 994 2412 martyrum
1047 2337 1338 2412 corpora
1391 2328 1556 2414 post
1605 2318 1785 2392 duos
1838 2337 2119 2390 menses
2158 2339 2199 2391 e
2234 2339 2443 2390 cruce

321 2432 640 2528 deposita
695 2433 767 2504 in
819 2432 1184 2506 ecclesiam
1255 2432 1525 2530 collegii
1605 2431 1993 2508 Macaensis
2058 2433 2435 2510 Societatis

331 2548 498 2624 Jesu
551 2549 624 2622 in
677 2549 865 2623 Sinis
919 2550 1258 2626 translata
1311 2563 1502 2624 sunt.

472 2669 538 2763 ς.
580 2671 700 2742 12.
731 2665 928 2758 Quae
979 2671 1215 2744 omnia
1268 2671 1480 2744 certis
1533 2671 1961 2746 testimoniis
1986 2653 2431 2768 consignata,

333 2785 642 2860 Romam
681 2785 769 2859 ad
820 2784 1186 2860 Urbanum
1247 2784 1401 2859 Vlll
1439 2787 2049 2884 praedecessorem
2101 2785 2439 2860 Nostrum

323 2902 730 3000 pontificem
787 2905 1182 2976 maximum
1233 2903 1468 2977 delata
1519 2913 1714 2987 sunt,
1770 2904 1890 2999 qui
1942 2901 2171 2998 beatis
2225 2923 2433 2974 mar-

323 3019 596 3118 tyribus
649 3019 1003 3095 solemnes
1057 3020 1361 3094 honores
1413 3031 1488 3093 et
1540 3019 1807 3093 cultum
1862 3018 2283 3092 caelestibus
2319 3021 2439 3094 ha-

319 3136 472 3210 beri
525 3136 818 3211 solitum
873 3135 1224 3210 concessit
1270 3159 1456 3210 anno
1507 3131 2009 3209 MDcxxvn:
2058 3133 2238 3208 Cum
2296 3148 2439 3212 tres

321 3278 361 3324 e
413 3255 788 3330 duodecim
845 3255 1014 3328 viris
1069 3255 1246 3328 sacri
1287 3255 1556 3329 consilii
1595 3253 1837 3328 litibus
1858 3253 2277 3350 judicandis,
2334 3257 2437 3330 uti

319 3395 478 3448 mos
533 3387 708 3462 erat,
758 3396 844 3446 ex
903 3376 1080 3446 actis
1132 3373 1516 3470 apostolica
1596 3373 2017 3447 auctoritate
2095 3371 2435 3448 confectis

325 3491 564 3566 omnia
618 3492 1148 3588 cognovissent,
1207 3493 1652 3590 congregatio
1708 3503 1995 3565 sanctae
2080 3491 2439 3568 Romanae
2532 3497 2549 3510 ‘

320 3609 676 3684 Ecclesiae
731 3609 1204 3685 Cardinalium
1257 3613 1476 3685 sacris
1527 3609 1783 3683 ritihus
1822 3610 2100 3684 tuendis
2140 3633 2443 3707 praepo-

319 3731 452 3804 sita
491 3729 879 3804 declaravit
913 3731 1002 3805 de
1037 3733 1378 3828 martyrio
1415 3740 1490 3804 et
1526 3732 1880 3805 miraculis
1916 3743 2243 3807 constare
2281 3744 2434 3806 tum

319 3849 507 3923 beati
580 3848 780 3924 Pauli
833 3849 1001 3924 Miki
1056 3861 1132 3924 et
1187 3853 1538 3927 sociorum
1592 3850 1886 3926 «loannis
1922 3850 2109 3925 Soan
2166 3873 2289 3924 seu
2350 3853 2438 3926 de

325 3961 510 4042 Goto
563 3977 641 4040 et
691 3965 936 4042 Jacobi
989 3965 1178 4041 Kisai
1257 3967 1632 4042 Societatis
1713 3966 1885 4040 Jesu
1916 4017 1935 4053 ,
2004 3977 2157 4039 tum
2246 3967 2435 4041 beati

319 4081 518 4158 Petri
573 4083 938 4182 Baptistae
993 4100 1067 4160 et
1119 4087 1470 4161 sociorum
1523 4087 1677 4181 ejus
1730 4084 2075 4181 seraphici
2126 4083 2433 4172 Ordinis,

321 4202 618 4300 ideoque
671 4203 758 4276 ad
813 4203 1088 4279 illorum
1158 4201 1783 4280 canonizationem
1848 4204 2435 4303 quandocumque
