3317 5267
884 565 1286 643 staminum
1335 560 1769 659 Episcopum
1836 560 2183 637 Albanum
2244 560 2691 639 cardinalem
2746 564 3005 641 Patrizi

886 682 1222 759 Nostrum
1275 680 1350 755 in
1400 680 1535 755 hac
1591 680 1779 754 Urbe
1821 678 2175 755 Vicat-ium
2228 681 2579 779 eligimus,
2636 686 3019 759 constitui-

887 824 1052 875 mus
1101 823 1187 875 ac
1233 796 1665 895 deputamus
1706 852 1729 886 ,
1808 811 1893 871 ut
1944 798 2071 871 has
2124 798 2419 873 Nostras
2472 798 2777 876 Litteras
2830 826 3019 877 exe-

891 930 1176 1019 quatur,
1233 931 1310 991 et
1359 914 1610 991 iccirco'
1659 918 1795 1013 ipsi
1848 938 2097 991 omnes
2148 930 2583 1013 opportunas
2634 942 2719 993 ac
2768 942 3020 994 nece&

893 1036 1117 1111 sarias
1167 1034 1540 1110 facultates
1591 1034 1973 1109 tribuimus
2024 1045 2101 1107 et
2152 1034 2623 1130 impertimus.

1045 1152 1236 1227 Haec
1287 1152 1640 1239 volumus,
1692 1152 2104 1238 statuimuS,
2144 1151 2621 1239 concedimus,
2674 1154 3024 1250 praecipi-

896 1297 1084 1363 mus,
1139 1284 1214 1347 et
1265 1272 1689 1346 mandamus
1740 1272 2200 1345 decernentes
2258 1271 2389 1343 has
2452 1270 2741 1349 Nosti-as
2793 1272 3024 1346 Litte-

893 1414 1010 1465 ras
1041 1444 1060 1477 ,
1117 1403 1192 1464 et
1241 1392 1313 1463 in
1367 1389 1470 1463 eis
1519 1399 1861 1464 contenta
1914 1410 2405 1486 quaecumque
2434 1442 2456 1476 ,
2520 1390 2739 1466 etiam
2792 1415 2882 1465 ex
2935 1415 3023 1466 eo

893 1510 1082 1608 quod
1133 1507 1430 1605 quilibet
1489 1507 1835 1579 interesse
1876 1505 2247 1592 habentes,
2284 1516 2362 1579 et
2396 1506 2657 1581 habere
2692 1519 3027 1603 praeten-

894 1630 1145 1703 dentes
1197 1626 1428 1699 vocati
1483 1637 1558 1697 et
1611 1624 1835 1697 auditi
1888 1648 2031 1699 non
2084 1623 2349 1700 fuerint
2377 1677 2400 1711 ,
2480 1648 2565 1700 ac
2614 1630 3025 1723 praemissis

893 1768 1038 1819 non
1090 1742 1608 1826 consenserint,
1641 1724 1845 1815 'nullo
1898 1764 2213 1838 unquam
2276 1754 2599 1839 tempore
2648 1746 2737 1818 de
2788 1746 3027 1819 subre-

893 1859 1184 1958 ptionis,
1251 1856 1364 1930 vel
1427 1854 1889 1951 obreptionis,
1949 1868 2075 1929 aut
2130 1857 2475 1931 nullitatis
2512 1859 2713 1949 vitio,
2752 1884 2883 1934 seu
2916 1862 3031 1934 in-

897 1976 1232 2053 tentionis
1287 1974 1615 2060 Nostrae,
1659 1976 1775 2048 vel
1829 1975 1967 2049 alio
2002 1976 2259 2071 quovis
2309 1975 2529 2048 etiam
2580 1977 3025 2052 substantiali

891 2094 1176 2169 defectu
1227 2091 1458 2165 notari
1493 2144 1515 2178 ,
1586 2091 1987 2189 impugnari
2017 2144 2040 2178 ,
2098 2102 2223 2166 aut
2272 2092 2451 2167 alias
2500 2092 2783 2191 infringi
2816 2148 2837 2183 ,
2892 2118 3030 2169 su·-

889 2214 1164 2312 spendi,
1217 2210 1576 2306 restringi,
1632 2210 1955 2293 limitari,
1998 2210 2109 2282 vel
2164 2210 2237 2283 in
2286 2213 2849 2286 controversiam
2900 2236 3029 2287 vo-

893 2334 1063 2419 cari,
1101 2354 1230 2405 seu
1265 2330 1606 2405 adversus
1645 2350 1766 2401 eas
1802 2330 2275 2403 restitutionis
2328 2330 2403 2402 in
2438 2330 2819 2425 integrum,
2858 2352 3031 2426 ape-

892 2449 1169 2523 ritionis
1221 2447 1394 2543 oris,
1447 2456 1576 2522 aut
1623 2445 1813 2517 aliud
1893 2444 2390 2541 quodcumque
2440 2446 2613 2519 iuris
2668 2448 2781 2519 vel
2834 2446 3027 2534 facti,

893 2577 1019 2639 aut
1069 2563 1380 2642 iustitiae
1421 2562 1819 2635 remedium
1858 2562 2225 2656 impetrari
2278 2586 2515 2658 posse,
2570 2564 2693 2637 sed
2744 2586 3031 2660 semper

893 2695 970 2758 et
1019 2692 1364 2779 perpetuo
1443 2680 1707 2753 validas
1782 2692 1859 2753 et
1938 2680 2254 2754 efficaces
2308 2682 2613 2753 existere
2673 2695 2751 2754 et
2812 2682 2959 2757 fore
3006 2734 3026 2770 ,

895 2820 1202 2896 suosque
1254 2796 1610 2894 plenarios
1645 2807 1721 2869 et
1760 2797 2077 2893 integros
2130 2794 2425 2869 effect-us
2474 2797 2743 2885 sortiri,
2780 2822 2863 2872 ac
2902 2798 3034 2873 ob-

895 2918 1152 3003 tinere,
1205 2925 1282 2989 et
1331 2913 1428 2985 ab
1483 2914 1845 3003 omnibus,
1882 2914 1969 2987 ad
2008 2936 2188 3010 quos
2222 2924 2505 3008 spectat
2556 2924 2631 2987 et
2682 2916 3034 3011 spectabit

897 3032 1438 3132 quomodolibet
1489 3030 1563 3103 in
1617 3030 1939 3105 futurum
1980 3084 2001 3117 ,
2067 3030 2565 3105 inviolabiliter
2610 3032 2971 3109 observari
3010 3085 3031 3121 ‚

895 3176 980 3228 ac
1033 3151 1444 3249 supradicto
1505 3148 2027 3221 valetudinario
2081 3146 2156 3220 S.
2215 3148 2256 3221 J
2262 3149 2511 3223 oannis
2574 3149 2645 3223 in
2686 3148 3033 3225 Laterano

895 3282 973 3345 et
1021 3277 1588 3345 commemorato
1621 3264 1947 3361 Hospitio
1990 3262 2423 3360 Apostolico,
2488 3288 2623 3340 nec
2672 3288 2817 3340 non
2868 3290 3035 3363 per-

895 3390 1119 3475 sonis,
1167 3406 1471 3484 quarum
1525 3382 1851 3487 favorem
1902 3396 2317 3481 praesentes
2370 3384 2671 3459 Nostrae
2726 3383 3033 3459 Litterae

897 3515 1360 3590 concernunt,
1399 3504 1764 3601 perpetuis
1817 3500 2081 3577 futuris
2130 3501 2575 3597 temporibus
2626 3502 3033 3599 plenissime

901 3625 1266 3721 suffragari
1319 3625 1576 3698 debere
1617 3676 1637 3711 ,
1692 3647 1924 3721 neque
1977 3624 2065 3697 ad
2121 3624 2615 3720 probationem
2668 3647 2794 3699 seu
2848 3626 3035 3699 veri-

897 3744 1304 3819 ficationem
1329 3762 1947 3838 quorumcumque
1972 3743 2049 3813 in
2076 3740 2323 3813 iisdem
2352 3741 2845 3836 praesentibus
2878 3764 3035 3815 nar-

900 3876 1222 3939 ratorum
1273 3882 1590 3960 unquam
1672 3862 1955 3949 teneri,
2038 3884 2171 3935 nec
2222 3863 2307 3935 ad
2364 3862 2437 3937 id
2492 3864 2563 3935 in
2616 3865 2871 3939 iudicio
2926 3866 3037 3938 vel

897 3994 1106 4059 extra
1157 3984 1316 4079 cogi
1362 4033 1383 4068 ,
1437 4000 1568 4055 seu
1617 3978 1945 4076 compelli
1998 4000 2206 4077 posse
2246 4032 2267 4067 ,
2332 3992 2407 4053 et
2458 3982 2517 4054 si
2570 4004 2774 4056 secus
2824 4004 3038 4079 super

903 4104 1016 4177 his
1069 4126 1112 4175 a
1166 4122 1524 4200 quoquam
1567 4101 1821 4199 quavis
1856 4099 2279 4175 auctoritate
2314 4100 2647 4188 scienter,
2687 4101 2797 4173 vel
2834 4102 3035 4197 igno-
