3317 5267
893 405 1150 577 ⁷²13„OE
1185 525 1379 574 novus
1417 507 1811 591 Episcopatus
1878 505 2235 588 Cayesensis
2274 506 2335 570 in
2412 504 2651 574 Ditioue
2698 509 2839 574 Bai·
2930 533 2943 563 ·-

889 621 1168 776 Sitssllgs-
1193 707 1544 774 catholicae
1571 706 1881 773 Romame
1910 705 2299 770 Ecclesiu-
2252 653 2269 668 ι
2337 705 2410 772 V.
2430 654 2575 770 non.
2618 631 2847 772 octobr.
2880 610 2997 682 m

963 823 1210 890 quarum
1251 805 1314 870 vi
1353 803 1919 885 Arcbiepiscopatus
1946 803 2161 868 Portus
2189 801 2527 885 Principis
2512 821 2573 866 in
2598 803 2853 868 Baitana

965 907 1202 972 Ditione
1223 902 1733 985 erigitur..
1900 947 1914 962 .
2266 943 2284 962 .
2456 948 2470 963 .
2816 927 2849 957 ι
2890 902 3011 966 325

883 1004 1187 1068 Similes·
1227 1000 1554 1082 Proprium
1589 998 1715 1082 suit
1756 1015 2059 1082 semper-
2102 999 2172 1066 V.
2230 1017 2374 1065 non.
2424 999 2656 1066 octobr.
2718 999 2849 1064 Eri·

963 1106 1122 1184 gitur
1159 1117 1324 1166 nova
1366 1101 1745 1183 Episcopalis
1782 1101 1969 1168 Sedes
2010 1101 2225 1168 Portus
2290 1102 2461 1168 Pacis
2516 1104 2575 1165 in
2640 1101 2849 1168 endem

962 1206 1220 1270 Ditione.
1329 1249 1344 1265 .
1511 1249 1528 1266 .
1704 1251 1719 1267 .
1892 1251 1907 1267 .
2073 1249 2090 1265 .
2444 1249 2460 1264 .
2626 1250 2643 1278 ‚
2812 1223 2839 1260 a
2884 1202 3006 1266 315

881 1303 1182 1368 Similes·
1223 1303 1663 1369 Gravissimum
1720 1300 2158 1366 sollicitudinis
2200 1335 2241 1350 -
2281 1301 2354 1368 V.
2402 1315 2543 1364 non.
2610 1299 2839 1364 octobr.

968 1403 1204 1468 Erectio
1221 1403 1612 1484 Episcopatus
1649 1400 2161 1466 Gonaivesensis‘
2145 1419 2207 1464 in
2230 1400 2467 1464 Ditione
2494 1399 2725 1463 eadem
2812 1421 2842 1458 s
2886 1397 3007 1462 362

877 1501 1112 1566 Similes
1150 1537 1190 1548 -
1229 1501 1308 1566 In
1343 1499 1729 1583 procuranda
1766 1533 1807 1548 -
1848 1501 2021 1564 nonis
2060 1500 2291 1564 octobr.
2356 1499 2591 1564 Erectio
2650 1515 2845 1564 novae

960 1598 1132 1664 Sedis
1169 1597 1542 1681 Episcopulis
1581 1597 1897 1664 Puniensis
1940 1598 1999 1662 in
2030 1598 2273 1662 Ditione
2314 1597 2671 1671 Peruviana‚
2808 1619 2839 1656 α
2882 1595 3007 1658 380

878 1694 1169 1760 Allocutio
1215 1695 1414 1759 habita
1457 1696 1518 1760 in
1561 1695 1931 1760 consistorio
1972 1703 2207 1759 secreto
2262 1694 2361 1758 die
2401 1694 2478 1756 23
2538 1693 2836 1758 decembr.

953 1825 994 1840 ·-
1039 1791 1208 1856 Inter
1245 1791 1511 1874 plurima
1549 1826 1592 1840 -
1631 1793 1772 1873 Agit
1812 1793 1889 1858 de
1928 1793 2391 1857 canonizatione
2448 1801 2569 1856 tum
2610 1788 2845 1872 vingin-

956 1889 1176 1962 titrium
1223 1891 1282 1952 in
1349 1888 1596 1972 luponia
1635 1899 1957 1973 martyrum
2008 1889 2155 1954 Ord.
2200 1891 2261 1954 S.
2330 1889 2623 1954 Francisci
2656 1937 2672 1962 ,
2720 1899 2843 1954 tum

949 1985 1259 2052 Michaelis
1285 1988 1376 2052 De
1406 1986 1638 2050 Sanctis
1680 1986 1825 2051 Ord.
1880 1987 2355 2052 Reformatorum
2394 1985 2499 2050 SS.
2535 1985 2842 2052 Trinitatis

950 2086 1207 2169 captivis
1245 2087 1624 2154 redimendis.
1704 2134 1722 2150 .
1886 2133 1901 2150 .
2068 2134 2085 2150 .
2254 2135 2269 2150 .
2438 2135 2459 2150 .
2625 2133 2641 2150 .
2804 2119 2835 2146 ‚2
2880 2086 3007 2150 398

1672 2337 1681 2345 ·
1702 2297 2113 2366 unccctxlt

863 2502 1126 2566 Litterae
1191 2503 1568 2585 Apostolicae
1633 2537 1658 2550 ·
1718 2503 1976 2568 Romani
2038 2500 2364 2582 Pontifices
2407 2535 2439 2550 -
2476 2505 2514 2566 6
2580 2503 2827 2568 ianuarii

941 2601 1158 2684 quibus
1210 2601 1610 2682 congregotio
1651 2600 1729 2666 de
1769 2601 2161 2682 propaganda
2212 2599 2355 2666 Fide
2396 2620 2502 2683 pro
2568 2603 2823 2684 negotiis

943 2697 1091 2762 ritus
1131 2696 1439 2762 orientalis
1489 2696 1835 2762 instituitur.
2060 2745 2076 2760 .
2242 2745 2265 2760 .
2426 2743 2440 2760 .
2614 2745 2629 2761 .
2800 2723 2829 2752 ·
2874 2701 2999 2766 ΝΞ

859 2817 1092 2882 Similes
1117 2816 1263 2883 -Ad
1293 2817 1669 2884 {laisei-satis
1710 2817 2024 2883 Ecclesiae
2061 2855 2101 2866 -
2134 2821 2169 2882 7
2200 2819 2477 2886 februarii
2510 2869 2525 2896 ‚
2606 2822 2825 2905 quibus

937 2918 1278 2984 decernitur
1318 2917 1749 2998 professionem
1818 2928 2094 2985 votorum
2154 2920 2531 2986 sollemnium
2604 2923 2829 2987 irritum

939 3035 1094 3096 esse,
1145 3017 1262 3082 nisi
1293 3018 1466 3099 prius
1507 3026 1654 3082 vota
1696 3018 1987 3100 simplicia
2032 3019 2246 3083 emissa
2290 3021 2527 3087 luerint.
2618 3067 2634 3083 .
2800 3045 2831 3084 s
2878 3024 3001 3090 417

857 3116 1149 3180 Allocutio
1191 3116 1390 3180 habita
1432 3118 1492 3180 in
1535 3117 1903 3182 Consistorio
1942 3127 2173 3183 secreto
2216 3120 2313 3184 die
2354 3122 2391 3186 7
2436 3121 2643 3204 aprilis
2669 3129 2709 3170 -'
2752 3122 2831 3188 So·

935 3231 1187 3297 semper.
1233 3214 1422 3294 -Agit
1461 3215 1538 3278 de
1577 3215 2037 3280 canonizatione
2079 3217 2255 3281 trium
2298 3217 2547 3283 aliorum
2610 3220 2669 3284 in
2725 3220 2831 3284 la-

933 3312 1114 3396 pouia
1157 3323 1476 3397 martyrum
1519 3330 1554 3377 e
1593 3314 1893 3378 Societate
1938 3315 2097 3379 lesu.
2228 3363 2243 3379 .
2413 3366 2428 3380 .
2602 3367 2616 3382 .
2784 3343 2815 3380 n
2860 3319 2977 3384 ⁴21

851 3413 1120 3496 Epistola
1161 3415 1464 3497 encyclica
1511 3449 1534 3462 -
1567 3417 2043 3481 Amatis-rimus
2100 3417 2347 3481 humani
2384 3421 2621 3500 penoris
2643 3455 2683 3466 -
2724 3419 2825 3484 die

931 3513 966 3575 7
1011 3513 1216 3596 aprilis
1279 3515 1356 3578 ad
1397 3531 1608 3579 omnes
1651 3515 2054 3593 Patrisrchas,
2098 3517 2597 3602 Archiepiscopos
2654 3529 2717 3582 et
2753 3519 2827 3582 E-

931 3611 1214 3693 piscopus
1251 3609 1650 3678 Ecclesiarum
1696 3615 1843 3678 ritus
1886 3613 2215 3680 orientalis.
2250 3615 2551 3682 Certiores
2592 3635 2700 3682 eos
2740 3617 2821 3681 fa·

929 3708 1012 3773 cit
1051 3709 1128 3776 de
1169 3711 1326 3774 omni
1369 3729 1510 3775 curs
1554 3721 1616 3775 et
1654 3713 2059 3778 sollicitudine
2100 3715 2159 3779 in
2190 3733 2391 3780 earum
2416 3716 2812 3782 Ecclesiarum

928 3809 1146 3873 bouum
1181 3861 1196 3888 ‚
1243 3809 1317 3875 ad
1359 3811 1520 3892 quod
1561 3812 1995 3894 assequendum
2056 3816 2338 3880 nonnulla
2364 3817 2511 3899 ipsis
2562 3819 2816 3900 praebet

925 3910 1174 3973 monita.
1303 3955 1318 3972 .
1490 3956 1505 3971 .
1676 3957 1690 3972 .
1861 3958 1875 3975 .
2046 3959 2060 3974 .
2229 3961 2243 3976 .
2414 3961 2429 3976 .
2599 3962 2613 3977 .
2782 3938 2811 3974 s
2858 3917 2977 3981 {21

845 4005 1136 4073 Allocutio
1206 4010 1405 4075 habita
1459 4011 1518 4074 in
1577 4011 1944 4076 consistorio
1986 4023 2219 4078 secreto
2284 4013 2385 4080 die
2468 4016 2545 4078 ΞΩ
2614 4015 2753 4078 maii
2786 4051 2819 4064 -

928 4109 1164 4190 Ωιιαηιο
1205 4111 1432 4178 studio.
1463 4147 1504 4160 -
1531 4113 1669 4194 Agit
1686 4113 1762 4179 de
1788 4113 2241 4181 canonizatione
2266 4116 2481 4197 viginti
2514 4115 2687 4180 trium
2714 4133 2814 4182 so-
