3317 5267
2263 461 2408 535 13⁵

288 576 615 655 Ecclesia
648 628 671 665 ,
724 588 801 652 et
852 575 1025 653 haec
1080 574 1339 653 Sancta
1422 575 1638 653 Sedes
1719 578 2091 655 iactentur.
2183 578 2416 677 Atque

290 698 515 771 etiam
567 694 769 771 facile
820 695 1211 794 intelligitis
1262 718 1479 794 quam
1534 696 2000 771 vehementer
2071 716 2416 793 augemur

292 812 517 910 probe
566 827 942 889 noscentes
992 826 1344 912 quantum
1394 816 1495 889 sit
1552 816 1954 889 animarum
2029 814 2418 890 discrimen

289 931 363 1005 in
418 932 553 1005 illis
606 930 1039 1029 perturbetis
1087 931 1365 1007 Nostris
1416 934 1828 1029 provinciiS‚
1883 930 2008 1007 uhi
2059 930 2416 1029 pestiferis

293 1049 722 1145 praesertim
773 1049 1059 1146 scriptis
1108 1050 1182 1123 in
1234 1048 1489 1147 vulgus
1540 1050 1749 1125 editis
1809 1048 2041 1144 pietas
2067 1100 2090 1135 ‚
2143 1048 2416 1144 religio,

290 1164 493 1253 fides,
550 1186 973 1265 morumque
1025 1166 1365 1243 honestas
1420 1167 1493 1241 in
1546 1166 1698 1241 dies
1763 1166 2158 1241 miserrime
2219 1164 2420 1241 lahe-

292 1280 625 1357 factstur.
686 1278 831 1355 Vos
882 1281 1122 1379 igitur,
1166 1279 1621 1357 Venerabiles
1658 1280 1974 1369 Fratres,
2013 1280 2136 1377 qui
2163 1280 2238 1356 in
2272 1279 2421 1356 sol-

293 1398 675 1473 licitudinis
726 1396 1023 1475 Nostrae
1075 1410 1356 1495 partem
1406 1398 1641 1473 vocati
1679 1398 1881 1484 estis,
1918 1397 2182 1494 quique
2217 1406 2420 1471 tants

290 1515 459 1603 fide,
512 1515 937 1603 musantia,
996 1536 1083 1591 ac
1133 1515 1399 1591 virtute
1450 1515 1541 1591 ad
1594 1514 1954 1613 religionis
1983 1564 2006 1604 ‚
2059 1512 2424 1589 Ecclesiae

292 1642 371 1707 et
418 1632 631 1707 huius
694 1630 1139 1728 Apostolicae
1192 1630 1393 1721 Sedis
1468 1652 1755 1713 causam
1831 1630 2422 1728 propugnandam

301 1750 697 1838 exarsistis,
734 1749 1008 1847 pergite
1060 1749 1328 1825 maiore
1363 1749 1603 1825 animo
1654 1749 2034 1845 studioque
2087 1747 2436 1823 eamdem·

290 1886 585 1943 causam
617 1864 1019 1953 defendere,
1058 1888 1140 1941 ac
1174 1866 1413 1945 fideles
1466 1888 1678 1941 curae
1731 1876 2014 1941 vestrae
2049 1864 2420 1940 concredi-

294 1994 413 2059 tos
446 1982 760 2081 quotidie
810 1983 1039 2079 magis
1088 1981 1555 2070 inflamus,
1594 1993 1676 2057 ut
1729 1980 1864 2057 suh
1901 1992 2144 2057 vestro
2196 1982 2420 2056 ductu

292 2121 583 2176 omnem
632 2120 879 2177 eorum
932 2122 1249 2204 operam,
1306 2098 1564 2186 studia,
1618 2098 1912 2173 consilia
1961 2100 2038 2173 in
2101 2098 2420 2173 cathon-

296 2238 427 2293 eae
478 2215 833 2291 Ecclesiae
886 2227 963 2291 et
1014 2216 1225 2290 huius
1286 2216 1595 2291 Sanctae
1667 2214 1870 2299 Sedis
1946 2212 2358 2290 defensione
2389 2269 2420 2304 ,

292 2344 512 2431 atque
564 2332 637 2407 in
691 2334 955 2407 tuendo
1007 2331 1196 2407 civili
1275 2332 1595 2413 eiusdem
1669 2332 1871 2407 Sedis
1951 2332 2356 2430 principatu
2393 2384 2420 2421 ,

291 2452 637 2553 Beatique
690 2450 885 2529 Petri
936 2452 1365 2549 patrimonio
1405 2504 1425 2540 ,
1482 2453 1685 2527 cuius
1739 2452 1965 2529 tutela
2017 2452 2105 2526 ad
2164 2474 2424 2529 omnes

294 2572 681 2647 catholicos
730 2572 1043 2668 pertinet
1070 2622 1093 2658 ‚
1150 2570 1561 2666 impendere
1610 2592 1982 2669 nunquam
2057 2570 2411 2645 desinant.
2485 2576 2492 2583 ’

298 2686 535 2785 Atque
585 2686 756 2763 illud
810 2686 1233 2784 praesertim
1286 2708 1331 2759 a
1384 2683 1601 2759 Vobis
1654 2688 1876 2761 etiam
1925 2698 2144 2784 atque
2195 2688 2420 2761 etiem

288 2804 773 2901 exposcimus,
831 2803 1284 2879 venerabiles
1336 2802 1651 2892 Fratres,
1707 2814 1790 2879 ut
1842 2827 1986 2879 una
2029 2803 2419 2882 Nobiscum

288 2920 805 2997 fervidissimas
857 2920 1007 2995 Deo
1056 2919 1349 3017 Optimo
1400 2918 1716 2997 Maximo
1769 2944 2022 3019 preces
2095 2924 2248 2999 sine
2303 2925 2418 2997 in-

292 3040 748 3115 termissione
800 3062 965 3114 cum
1014 3038 1337 3115 fidelihus
1390 3063 1601 3114 curae
1655 3052 1944 3117 vestrae
2013 3042 2422 3117 commissis

292 3158 629 3235 adhibere
660 3159 916 3246 velitis,
946 3170 1029 3233 ut
1052 3160 1357 3257 imperet
1383 3158 1617 3234 ventis
1642 3170 1722 3235 et
1745 3159 1954 3246 mari,
1983 3182 2063 3233 ac
2090 3183 2420 3256 praesen-

294 3276 577 3351 tissimo
628 3296 759 3351 suo
812 3276 1073 3379 auxilio
1110 3276 1295 3351 adsit
1336 3274 1582 3363 Nobis,
1610 3276 1796 3350 adsit
1830 3274 2190 3351 Ecclesiae
2215 3298 2418 3367 suae,

294 3403 513 3490 atque
550 3402 849 3489 exurgat
902 3402 979 3467 et
1028 3392 1293 3467 iudicet
1344 3414 1633 3466 causam
1689 3413 1925 3479 suam,
1979 3403 2202 3490 utque
2255 3416 2420 3467 cee-

292 3510 459 3586 lesti
498 3532 627 3585 sua
678 3510 905 3607 gratia
942 3531 1193 3583 omnes
1215 3506 1579 3584 Ecclesiae
1614 3520 1690 3583 et
1726 3508 1937 3583 huius
1970 3507 2424 3606 Apostolicae

292 3626 499 3704 Sedis
528 3628 773 3705 hostes
800 3628 1153 3727 propitius
1206 3629 1559 3703 illustrare
1590 3681 1611 3716 ‚
1644 3652 1909 3725 eosque
1945 3629 2422 3724 omnipotenti

290 3768 427 3823 sua
464 3749 733 3824 virtute
784 3746 875 3822 ad
929 3748 1285 3835 veritatis„
1320 3746 1655 3834 iustitiae,
1699 3745 2094 3844 salutisque
2128 3744 2424 3819 semitas

297 3864 640 3939 reducere
693 3864 1045 3961 dignetur.
1100 3862 1202 3936 Et
1226 3887 1369 3961 quo
1394 3860 1666 3939 facilius
1705 3859 1896 3936 Deus
1935 3871 2274 3937 exoratus
2309 3860 2426 3933 in·-

292 3980 515 4057 clinet
568 4004 813 4056 aurem
868 4004 1071 4057 suam
1126 3982 1214 4057 ad
1270 3980 1589 4069 Nostras,
1667 3990 1944 4055 vestras
1985 4032 2010 4067 ‚
2063 3980 2429 4055 omnium-

296 4120 443 4197 que
496 4097 811 4175 fidelium
862 4120 1135 4195 preces»,
1190 4108 1521 4195 petamus
1573 4098 1648 4171 in
1704 4096 1983 4193 primis,
2035 4092 2430 4170 Venerabi-
