3317 5267
881 438 911 505 1
934 440 1023 509 66

886 551 1317 639 auctoritati,
1372 549 1756 628 catholicae
1803 550 2189 641 Ecclesiae,
2227 553 2516 653 eiusque
2553 552 2776 628 sacris
2809 555 3028 629 mini·

884 671 1084 759 striS,
1136 670 1349 745 rebus
1385 692 1467 745 ac
1502 669 1768 746 iuribus
1805 672 2120 769 quotidie
2155 671 2350 745 illata
2383 684 2554 745 sunt
2587 682 2663 745 et
2698 670 3026 747 inferun-

884 797 1024 861 tur.
1066 787 1147 861 In
1198 790 1411 863 variis
1462 792 1653 865 enim
1708 790 1952 865 Italiae
1986 790 2390 889 regionibus
2428 790 2853 889 Subalpinae
2891 794 3018 867 di-

885 905 1061 979 tioni
1094 904 1353 981 iniuste
1378 906 1716 985 subiectis
1739 908 2058 1005 publicae
2095 908 2464 983 institutae
2493 920 2664 981 sunt
2689 906 3018 995 scholae,

883 1021 957 1094 in
984 1022 1241 1119 quibus
1267 1044 1427 1096 cum
1482 1026 1798 1099 maximo
1823 1025 2222 1097 animarum
2252 1024 2679 1098 detrimento
2703 1047 3016 1099 erronea

882 1140 1201 1236 quaevis,
1228 1138 1404 1213 falsa
1428 1165 1510 1215 ac
1536 1144 1922 1239 depravata
1969 1143 2288 1219 doctrina
2321 1142 2708 1217 catholicae
2745 1142 3014 1221 Eccle—

886 1256 1035 1330 siae
1056 1256 1346 1332 omnino
1372 1258 1666 1335 adversa
1692 1258 1921 1355 palam
1953 1258 2370 1356 publiceque
2397 1260 2722 1347 traditur,
2751 1275 2827 1335 et
2851 1262 3016 1357 ipsa

882 1386 1327 1471 oppugnatur
1360 1374 1702 1451 Ecclesia.
1743 1374 2010 1451 Omnes
2046 1388 2289 1451 autem
2325 1385 2588 1451 norunt
2623 1377 3002 1451 innumera

884 1488 1031 1566 fere
1070 1495 1445 1591 opuscula,
1502 1495 1992 1593 ephemerides
2043 1509 2118 1570 et
2169 1497 2430 1593 scripta
2469 1506 2625 1570 tum
2663 1498 2738 1569 in
2773 1496 3008 1585 ltalia,

890 1622 1045 1683 tum
1074 1612 1239 1687 alibi
1266 1637 1357 1687 ex
1384 1625 1678 1689 satanae
1723 1614 2020 1689 officinis
2053 1616 2146 1688 ad·
2177 1614 2480 1689 exitium
2509 1624 2586 1687 et
2619 1614 3012 1710 perniciem

882 1728 1171 1815 emissa,
1208 1753 1291 1805 ac
1328 1730 1784 1828 turpissimis,
1817 1730 2442 1827 abominandisque
2471 1728 2896 1827 imaginibus
2923 1754 3014 1803 e-

882 1848 1055 1939 dita,
1102 1851 1361 1947 quibus
1394 1850 1868 1948 implacabiles
1901 1852 2021 1927 isti
2053 1851 2412 1948 religionis·
2443 1850 2716 1937 hostes,
2771 1874 2855 1925 ac
2887 1874 3016 1947 pe-

876 1966 1193 2042 ritissimi
1264 1968 1609 2043 scelerum
1669 1979 1744 2041 et
1812 1967 2144 2043 fraudum
2191 1966 2492 2041 artifices
2543 1978 2996 2041 sacrosancta

878 2083 1097 2179 ipsius
1123 2083 1479 2183 religionis
1504 2086 1876 2185 mysteria,
1893 2096 2294 2181 praecepta,
2333 2106 2417 2158 ac
2442 2084 2840 2157 veneranda
2865 2082 3008 2159 Ec-

876 2202 1129 2277 clesiae
1150 2205 1802 2302 instituta,eiusque
1827 2204 2018 2301 leges
2041 2226 2124 2277 ac
2149 2226 2481 2279 censuras
2507 2212 3000 2291 contemnere,

876 2318 1194 2407 irridere,
1250 2324 1714 2418 omniumque
1767 2320 2042 2395 animos
2093 2340 2582 2416 corrumpere,
2613 2331 2688 2391 et
2723 2342 2766 2393 a
2799 2319 3004 2395 cultu

879 2433 1227 2511 catholico
1256 2438 1585 2525 avellere,
1616 2460 1700 2511 ac
1723 2436 2144 2511 dissolutam
2180 2435 2464 2511 vivendi
2497 2434 2896 2523 licentiam,
2919 2448 3000 2511 et

880 2550 1296 2625 abnormem
1324 2575 1832 2650 usquequaque
1865 2552 2308 2649 impietatem
2335 2550 2604 2640 fovere,
2633 2553 3002 2642 inducere,

876 2690 960 2741 ac
1010 2692 1253 2745 sacros·
1300 2668 1689 2760 Ministros,
1721 2683 1796 2744 et
1828 2668 2090 2743 Christi
2123 2670 2240 2745 hic
2275 2670 2348 2743 in
2389 2671 2597 2743 terris
2638 2667 3000 2744 vicarium

875 2785 1211 2862 omnibus
1263 2790 1537 2865 iniuriis
1566 2843 1586 2877 ,
1652 2788 2022 2865 calumniis
2055 2840 2076 2875 ,
2143 2788 2620 2885 conviciisque
2673 2788 3000 2885 proscin-

876 2902 1068 2992 dere,
1107 2918 1183 2980 et
1214 2908 1569 3003 legitimae
1604 2908 1942 3004 cuiusque
1977 2908 2350 3003 potestatis
2387 2906 2768 3002 imperium
2801 2905 2994 2979 labe-

877 3019 1173 3112 factare,
1208 3045 1296 3097 ac
1344 3036 1497 3098 tum
1536 3024 1919 3111 Ecclesiae,
1961 3034 2114 3099 tum
2149 3022 2376 3097 civilis
2411 3024 2772 3099 societatis
2807 3023 2998 3097 exci-

875 3140 1074 3213 dium
1124 3164 1499 3238 procurare
1554 3142 1992 3216 adnituntur.

1026 3258 1262 3358 Atque
1310 3260 1383 3333 hi
1435 3262 1610 3335 lucis
1663 3272 1737 3334 et
1791 3260 2106 3334 veritatis
2161 3282 2400 3334 osores
2437 3258 2738 3333 minime
2779 3260 2996 3335 dubi-

876 3387 1037 3451 tant
1071 3378 1445 3468 violentas,
1484 3377 1997 3474 sacrilegasque
2032 3398 2278 3452 eorum
2313 3398 2576 3450 manus
2603 3376 2822 3451 sacris
2857 3376 2996 3453 Ec-

874 3495 1128 3570 clesiae
1181 3497 1523 3572 Ministris
1572 3508 1646 3571 et
1715 3497 2140 3594 patrimonio
2202 3496 2514 3593 injicere.
2592 3493 2988 3592 Postquam

876 3613 1065 3689 enim
1122 3614 1584 3712 Subalpinum
1638 3611 2078 3689 Gubernium
2129 3612 2536 3690 Parmensis
2587 3628 2664 3688 et
2698 3610 2990 3688 Placen-

876 3732 1007 3805 tini
1062 3729 1377 3807 Ducatus
1424 3731 1820 3805 dominium
1871 3731 2270 3828 usurpavit,
2343 3732 2457 3807 die
2523 3732 2984 3807 decimanona

872 3848 1180 3942 proximi
1212 3848 1483 3921 mensis
1526 3846 1780 3943 Aprilis
1816 3846 2196 3924 Monachus
2230 3845 2510 3922 Ordinis
2546 3848 2625 3923 S.
2662 3848 2982 3923 Benedi-

874 3965 973 4036 cti
1024 3966 1097 4045 in
1152 3963 1515 4039 Parmensi
1567 3963 1645 4038 S.
1701 3964 1984 4039 loannis
2054 3962 2552 4061 Evangelistae
2621 3964 2981 4042 Coenobio

869 4097 1391 4160 commorantes
1444 4086 1680 4181 inique
1717 4085 2016 4182 expulit,
2057 4086 2436 4182 omniaque
2472 4086 2748 4161 illorum
2788 4087 2976 4161 bona

862 4197 1009 4297 ¹sibi
1062 4202 1471 4277 vindicavit.
1530 4200 1828 4279 Decreto
1880 4215 2118 4279 autem
2153 4204 2264 4277 die
2301 4205 2570 4279 decima
2607 4206 2976 4300 praeteriti
