3317 5267
2299 478 2397 551 29

259 590 348 665 ad
401 586 734 666 Poloniae
785 588 1012 687 Regni
1063 588 1122 665 E
1129 590 1480 686 piscopos,
1534 600 1751 689 atque
1806 591 1885 665 in
1937 590 2397 671 celeberrimo

261 732 502 807 opere,
553 709 742 807 quod
793 710 884 785 de
935 708 1222 807 Synodo
1257 706 1689 786 Dioeeesana
1722 710 2151 787 inscribitur.
2208 710 2391 789 Hinc

259 846 472 921 porro
521 826 764 899 evenit
793 878 816 914 ,
871 836 954 903 ut
1003 826 1180 903 haee
1231 822 1634 921 Apostolica
1688 826 1907 902 Sedes
1940 880 1963 915 ,
2016 828 2109 903 ad
2174 852 2395 927 quam

261 944 468 1019 unioe
519 954 806 1040 spectat
853 955 1174 1049 potestas
1225 943 1677 1041 dispensandi
1728 968 1941 1042 super
1990 944 2395 1027 huiusmodi

259 1062 534 1135 mixtae
588 1060 974 1160 Religionis
1025 1060 1564 1157 impedimento,
1603 1060 1666 1135 si
1715 1061 1805 1135 de
1858 1059 2229 1143 Canouum
2276 1089 2399 1143 so·-

261 1178 568 1253 veritate
601 1178 864 1275 aliquid
897 1177 1300 1265 remittens,
1339 1178 1570 1255 mixta
1603 1175 1783 1254 haee
1806 1174 2147 1277 Coniugia
2179 1204 2401 1278 quan-

261 1292 500 1389 doque
572 1294 1002 1391 permiserit,
1056 1293 1128 1367 id
1179 1290 1521 1389 gravibus
1594 1292 1979 1373 dumtaxat
2024 1294 2117 1375 de
2166 1298 2401 1375 musis

263 1431 473 1507 aegre
523 1411 905 1495 admodum
957 1410 1128 1491 feeit
1155 1464 1180 1501 ,
1219 1422 1296 1487 et
1327 1411 1610 1489 nonnisi
1643 1409 1785 1488 sub
1814 1432 2153 1507 expressa
2202 1436 2401 1493 sem-

261 1550 393 1623 per
441 1530 846 1613 conditione
895 1530 986 1609 de
1037 1528 1586 1627 praemittendis
1635 1528 2083 1617 neeessariis,
2134 1553 2403 1627 oppon-

267 1646 604 1745 tunisque
655 1646 1126 1737 cautionibus,
1179 1658 1266 1724 ut
1312 1646 1583 1725 scilieet
1633 1668 1781 1723 non
1834 1646 2062 1725 solum
2134 1647 2405 1727 ostho-

263 1762 442 1838 lieus
493 1764 754 1861 conjux
805 1764 898 1841 ab
945 1763 1340 1845 acatholico
1375 1764 1687 1859 perverti
1722 1784 1867 1839 non
1903 1775 2177 1859 posset,
2224 1765 2399 1862 quin

265 1880 416 1957 imo
463 1882 852 1957 catholicus
901 1883 1052 1979 ipse
1105 1881 1368 1978 eonjux
1421 1880 1652 1961 teneri
1706 1902 1787 1955 se
1835 1880 2053 1959 sciret
2100 1880 2189 1957 ad
2238 1904 2407 1957 aea-

269 1997 616 2075 tholioum
665 2022 798 2097 pro
849 1998 1120 2078 viribus
1175 1999 1266 2074 ab
1303 2022 1540 2079 errore
1574 1995 2117 2085 retrahendum,
2152 2020 2407 2077 verum

267 2115 488 2193 etism
567 2129 650 2193 ut
697 2119 1026 2199 universa
1077 2118 1456 2215 utriusque
1487 2138 1707 2197 sexus
1741 2115 1977 2211 proles
2012 2138 2105 2195 ex
2156 2116 2407 2195 mixtis

267 2232 464 2313 hisce
512 2237 986 2319 matrimoniis
1060 2236 1490 2333 procreanda
1553 2236 1628 2313 in
1690 2234 2069 2315 sanctitate
2138 2232 2409 2315 Catho-

269 2353 446 2432 licae
475 2356 866 2456 Religionis
895 2358 1176 2437 edum-i
1211 2357 1502 2437 omnino
1525 2354 1857 2437 deberet.
1893 2352 2093 2445 Quae
2114 2356 2407 2453 quidem

271 2475 634 2559 cautiones
685 2478 982 2565 remitti,
1035 2500 1166 2557 seu
1211 2475 1610 2573 dispensari
1655 2496 2023 2571 nunquam
2074 2486 2405 2570 possunt,

271 2614 438 2673 eum
473 2595 546 2673 iu
583 2596 734 2693 ipsa
769 2596 1102 2684 naturali,
1149 2618 1236 2681 ae
1271 2594 1510 2672 divina
1540 2594 1701 2691 lege
1732 2590 2155 2681 fundentur,
2186 2614 2407 2691 quam

275 2706 620 2799 Ecclesia,
674 2723 750 2790 et
801 2712 980 2789 haee
1026 2712 1292 2791 Sancta
1341 2710 1559 2789 Sedes
1637 2720 1940 2797 sai-mn,
1998 2718 2411 2808 tectamque

276 2828 459 2909 tueri
510 2830 706 2909 omui
757 2831 998 2913 studio
1071 2830 1440 2911 contendit
1468 2883 1490 2918 ‚
1545 2840 1624 2907 et
1676 2840 1925 2907 oona-a
1985 2850 2203 2925 quam
2254 2828 2411 2907 sine

273 2945 420 3027 ullo
469 2946 684 3023 dubio
733 2949 1152 3046 gravissime
1201 2958 1534 3046 poenam,
1565 2948 1691 3045 qui
1743 2948 2165 3046 promiseuis
2215 2946 2413 3023 hisee

273 3063 543 3159 nuptiis
595 3075 868 3141 temere
941 3064 1442 3146 contrahendis
1489 3086 1600 3152 se,
1654 3086 1739 3139 ae
1802 3062 2073 3159 pmlem
2152 3060 2411 3135 exinde

275 3182 794 3279 suscipiendam
845 3182 1318 3279 pei-versionis
1371 3180 1691 3278 periculo
1740 3178 2225 3253 committunt.
2282 3176 2407 3251 ln-

291 3320 506 3395 super
531 3298 603 3371 in
617 3297 1006 3373 tribuendis
1033 3298 1438 3375 huiusmodi
1467 3290 2109 3389 dispensationibus
2128 3302 2415 3387 praeter

279 3414 692 3490 enunciatas
741 3414 1131 3501 cautiones,
1171 3434 1354 3507 quae
1388 3408 1755 3505 praemitti
1787 3428 2071 3502 semper
2114 3404 2404 3495 dehent,

273 3543 350 3607 et
399 3554 614 3629 super
661 3530 920 3629 quibus
969 3526 1362 3626 dispensari
1415 3525 1606 3605 nullo
1657 3524 1877 3603 modo
1907 3546 2219 3623 unquam
2272 3549 2413 3622 po-

275 3660 482 3737 test,
535 3648 850 3745 adjectae
900 3670 1182 3745 quoque
1252 3644 1452 3725 fueve
1527 3644 2040 3732 conditiones,
2097 3652 2179 3719 ut
2228 3644 2405 3722 haee

275 3766 506 3847 mixta
555 3762 898 3863 Coniugia
947 3776 1152 3839 extra
1201 3762 1628 3850 Ecclesiam,
1679 3772 1759 3841 et
1786 3761 2057 3859 absque
2108 3757 2407 3837 Paroehi

274 3882 798 3970 benedictione,
847 3880 1130 3979 ulloque
1181 3879 1318 3957 alio
1365 3880 1847 3958 eeclesiastico
1890 3880 2033 3958 ritu
2067 3876 2407 3957 eelebrafi

275 3999 606 4077 debeant.
662 3995 859 4088 Quae
908 3996 1198 4096 quidem
1271 3996 1711 4075 conditiones
1788 4020 1881 4075 eo
1949 3994 2405 4093 potissimum

275 4126 665 4215 spectant,
718 4126 799 4189 ut
850 4115 924 4189 in
960 4112 1485 4193 Catholieorum
1519 4113 1777 4193 animis
1808 4136 2171 4211 nunquam
2220 4112 2409 4193 obli·-

279 4242 552 4309 teretur
585 4232 928 4309 memoria
964 4244 1120 4307 tum
1159 4230 1554 4320 canonum,
1593 4231 1715 4331 qui
1750 4231 2147 4315 istiusmodi
2174 4230 2405 4309 mixta
