3317 5267
829 462 924 531 26

829 586 908 647 et
945 598 1069 651 eos
1105 572 1362 672 quibus
1395 574 1902 649 demandatum
1938 583 2053 649 est
2084 590 2343 649 munus
2379 570 2738 649 erudiendi
2772 572 2965 649 chri-

828 692 1146 766 stianum
1199 691 1570 787 populum,
1623 714 1942 778 monere,
1999 690 2271 765 hortari
2324 700 2407 764 ut
2456 686 2779 765 fidelibus
2828 712 2963 786 po-

824 808 1011 905 pulis
1065 818 1214 881 tam
1264 808 1490 882 sancti
1542 817 1831 905 tamque
1902 806 2333 881 admirabilis
2414 805 2749 881 Sacrificii
2834 828 2961 879 ne-

825 926 1262 1011 cessitatem,
1315 926 1861 1022 praestantiam,
1898 924 2492 1022 magnitudinem,
2530 923 2771 1012 finem,
2808 923 2966 999 fru-

831 1055 992 1120 ctus
1041 1044 1560 1119 studiosissime
1614 1054 1691 1117 et
1742 1042 2271 1119 accuratissime
2322 1053 2685 1139 exponant
2736 1042 2967 1140 expli-

833 1170 1006 1235 cent
1037 1212 1060 1249 ,
1113 1182 1198 1233 ac
1244 1159 1460 1234 simul
1511 1159 1753 1235 fideles
1803 1160 1994 1257 ipsos
2045 1160 2364 1235 excitent
2392 1211 2413 1246 ,
2468 1157 2913 1233 inflamment
2940 1212 2963 1249 ,

831 1300 978 1375 quo
1029 1276 1260 1351 eidem
1311 1274 1665 1353 Sacrificio
1716 1298 1801 1349 ea
1850 1298 1990 1374 qua
2038 1298 2171 1373 par
2216 1286 2328 1351 est
2376 1274 2513 1351 fide
2552 1326 2573 1363 ,
2629 1275 2967 1372 religione

830 1415 916 1467 ac
965 1391 1234 1489 pietate
1285 1388 1865 1489 frequentissime
1915 1390 2272 1478 intersint,
2326 1402 2412 1466 ut
2460 1391 2775 1465 divinam
2826 1391 2968 1465 mi-

827 1508 1281 1584 sericordiam
1322 1559 1345 1596 ,
1385 1518 1464 1583 et
1519 1532 1735 1583 omne
1774 1560 1796 1596 ,
1852 1532 1993 1608 quo
2044 1509 2363 1607 indigent
2392 1560 2415 1597 ,
2468 1507 2969 1585 beneficiorum

831 1649 1058 1725 genus
1112 1624 1246 1700 sibi
1298 1646 1711 1722 comparare
1760 1638 2056 1723 queant.
2112 1624 2357 1723 Neque
2414 1625 2757 1701 desinatis
2808 1647 2971 1703 om-

835 1762 1004 1817 nem
1053 1762 1346 1838 operam
1397 1751 1476 1815 et
1507 1741 1931 1816 industriam
1966 1742 2404 1839 impendere,
2444 1754 2529 1819 ut
2563 1752 2969 1817 vestrarum

831 1856 1279 1933 Dioecesium
1342 1856 1763 1933 Sacerdotes
1816 1882 1899 1933 ea
1954 1880 2237 1936 morum
2290 1861 2701 1957 integritate
2730 1911 2752 1947 ,
2808 1882 2973 1957 gra-

833 1977 1085 2062 vitate,
1141 1996 1366 2073 eaque
1419 1976 1642 2049 totius
1681 1976 1869 2049 vitae
1906 1976 2334 2066 innocentia,
2372 1977 2753 2051 sanctitate
2786 1975 2972 2049 emi-

836 2105 1080 2181 neant,
1133 2114 1318 2191 quae
1371 2092 1528 2167 illos
1579 2095 1871 2168 omnino
1922 2094 2154 2184 decet,
2204 2093 2463 2193 quibus
2512 2094 2671 2169 unis
2722 2093 2971 2167 datum

837 2224 954 2289 est
1001 2213 1318 2289 divinam
1370 2234 1785 2287 consecrare
1836 2210 2186 2301 Hostiam,
2244 2236 2326 2289 ac
2378 2225 2529 2288 tam
2580 2225 2905 2287 sanetum
2944 2264 2967 2299 ,

841 2342 1138 2428 tamque
1188 2330 1640 2403 tremendum
1712 2330 2047 2427 perficere
2120 2330 2573 2407 Sacrificium.
2630 2329 2973 2420 Quocirca

837 2468 1090 2523 omnes
1142 2445 1592 2522 sanctissimo
1643 2444 2053 2523 Sacerdotio
2104 2448 2417 2522 initiatos
2488 2448 2705 2521 etiam
2758 2458 2973 2544 atque

835 2565 1056 2639 etiam
1109 2573 1396 2638 monete
1423 2614 1448 2651 ,
1502 2574 1749 2660 urgete
1782 2615 1803 2652 ,
1862 2576 1947 2639 ut
2000 2567 2187 2643 serio
2250 2564 2679 2641 meditantes
2756 2564 2973 2639 mini-

838 2682 1134 2756 sterium
1161 2732 1184 2767 ,
1223 2681 1411 2777 quod
1449 2692 1879 2777 acceperunt
1913 2683 1985 2756 in
2025 2678 2353 2771 Domino,
2392 2682 2561 2760 illud
2597 2683 2969 2780 impleant,

841 2811 923 2874 et
969 2798 1416 2875 continenter
1468 2820 1831 2875 memores
1880 2801 2247 2898 dignitatis
2276 2854 2299 2890 ,
2336 2825 2421 2877 ac
2468 2802 2789 2877 caelestis
2837 2825 2973 2898 po-

847 2915 1159 3002 testatis,
1207 2938 1348 3013 qua
1397 2918 1705 3013 praediti
1742 2929 1938 3008 sunt,
1975 2918 2325 2995 virtutum
2362 2921 2681 2997 omnium
2732 2921 2975 3019 splen-

841 3032 1042 3119 dore,
1099 3055 1182 3105 ac
1231 3031 1558 3107 salutaris
1607 3034 1971 3111 doctrinae
2042 3036 2247 3113 laude
2300 3037 2716 3135 refulgeant,
2770 3061 2973 3113 sum—

845 3170 1107 3247 maque
1159 3150 1378 3255 animi
1427 3152 1885 3227 contentione
1938 3153 2013 3227 in
2064 3155 2387 3231 divinum
2436 3156 2733 3245 cultum,
2788 3158 2975 3231 divi-

845 3290 1116 3367 nasque
1165 3290 1280 3343 res
1349 3281 1426 3344 et
1503 3270 1902 3345 animarum
1978 3272 2281 3349 salutem
2361 3274 2832 3363 incumbant,
2886 3296 2973 3349 ac

845 3386 1116 3481 seipsos
1142 3384 1452 3463 hostiam
1480 3389 1721 3463 vivam
1752 3399 1829 3463 et
1852 3400 2173 3465 sanctam
2192 3388 2495 3468 Domino
2520 3392 2969 3481 exhibentes,

847 3514 927 3577 et
975 3503 1588 3581 mortificationem
1639 3505 1803 3582 lesu
1852 3507 1925 3579 in
1978 3530 2108 3583 suo
2160 3530 2453 3604 corpore
2500 3531 2783 3607 semper
2830 3509 2975 3585 cir-

847 3617 1326 3695 cumferentes
1374 3621 1572 3717 puris
1623 3622 1979 3711 manibus,
2036 3636 2113 3698 et
2162 3626 2429 3703 mundo
2476 3626 2687 3701 corde
2747 3626 2975 3724 placa-

849 3736 1064 3811 tionis
1115 3734 1439 3811 Hostiam
1489 3740 1624 3813 rite
1698 3738 1997 3815 offerant
2047 3738 2197 3817 Deo
2247 3764 2376 3839 pro
2436 3766 2565 3817 sua
2616 3766 2699 3818 ac
2751 3744 2973 3819 totius

849 3853 1096 3927 mundi
1147 3852 1400 3929 salute.

1001 3969 1320 4069 Denique
1371 3972 1546 4049 nihil
1583 3972 1800 4051 Nobis
1835 3978 2130 4075 gratius,
2172 3976 2625 4055 Venerabiles
2662 3976 2969 4067 Fratres,

848 4109 1066 4185 quam
1117 4088 1252 4165 hac
1303 4090 1521 4165 etiam
1575 4095 1681 4167 uti
1732 4097 2121 4185 occasione,
2160 4108 2243 4172 ut
2276 4098 2535 4173 iterum
2588 4082 2965 4182 testemur,

847 4218 925 4279 et
973 4207 1470 4288 confirmemus
1522 4213 1997 4311 praecipuam,
2036 4236 2177 4314 qua
2212 4214 2355 4293 Vos
2391 4238 2641 4293 omnes
2694 4216 2767 4291 in
2820 4212 2969 4289 Do-
