3317 5267
2296 448 2443 521 235

287 560 668 635 ritualibus
719 569 794 633 et
846 556 1358 656 temporalibus
1409 560 1977 646 committentes,
2013 558 2449 660 liberamque

311 676 462 752 Tibi
515 679 602 753 ad
653 676 1278 773 metropolitanam
1333 671 1765 751 Eccclesiam
1820 674 2141 753 Goanam
2170 690 2451 755 nansc-

287 796 474 873 ·undi
525 798 882 873 licentiam
943 796 1358 872 tribuentes.
1389 794 1736 886 Quocirca
1770 795 2227 873 Fraternitati
2256 800 2449 874 Tuae

309 918 724 992 mandamus
748 928 834 990 ut
857 918 946 991 ad
971 917 1406 1013 praedictam
1431 915 2449 1013 metropolitanamEcclesiam

283 1058 465 1111 eum
519 1038 744 1133 gratia
781 1047 1066 1112 nostrae
1103 1036 1614 1112 benedictionis
1649 1036 2014 1127 accedenti,
2052 1039 2273 1137 ipsius
2306 1038 2453 1114 Ec·-

313 1153 562 1228 clesiae
613 1175 860 1227 curam
910 1165 986 1227 et
1037 1154 1733 1229 administrationem
1788 1154 1891 1228 sic
1941 1156 2227 1230 studeas
2252 1178 2447 1228 exer-

291 1293 485 1358 ·cere,
541 1282 622 1345 ut
671 1270 912 1347 fideles
969 1270 1128 1345 Tibi
1179 1271 1541 1347 commissi
1599 1270 1914 1345 maxima
1968 1295 2057 1346 ex
2108 1271 2274 1347 boni
2311 1271 2450 1346 Pa-

287 1388 512 1462 ·storis
566 1386 929 1486 vigilantia
981 1389 1338 1462 virtutum
1391 1390 1831 1463 incrementa
1882 1387 2298 1485 suscipiant3
2334 1402 2449 1462 at-

305 1528 436 1603 que
489 1506 801 1581 infideles
837 1507 909 1578 in
951 1504 1312 1582 Dioecesis
1343 1505 1538 1580 Tuae
1589 1506 1955 1583 territorio
2004 1508 2343 1605 degentes
2378 1507 2453 1581 in

287 1620 566 1697 -Christi
615 1623 799 1698 ovile
853 1621 1096 1697 sedulo
1149 1624 1613 1698 adducantur.
1677 1622 2021 1700 Volumus
2074 1634 2317 1699 autem
2368 1640 2452 1697 ut

290 1750 680 1836 antequam
730 1737 1058 1837 regimini
1110 1739 1695 1836 metropolitanae
1747 1738 2111 1816 Ecclesiae
2156 1740 2443 1816 Goanae

305 1855 402 1929 Te
451 1856 884 1945 immisceas,
936 1856 1010 1929 in
1063 1856 1389 1931 manibus
1443 1879 1787 1953 personae
1840 1858 1915 1931 in
1968 1857 2443 1933 ecclesiastica

151 2000 172 2013 ·
296 1974 642 2071 dignitate
691 1975 1147 2062 constitutae,
1203 1974 1494 2049 solitum
1547 1974 1911 2049 fidelitatis
1965 1975 2444 2051 iuramentum

304 2091 497 2166 iuxta
547 2091 872 2180 formam,
929 2114 1144 2190 quam
1197 2090 1442 2167 Bullae
1495 2103 1781 2167 nostrae
1836 2094 2190 2183 addimus,
2228 2116 2445 2192 prae-

299 2219 474 2298 stes3
526 2210 988 2308 praestitique
1039 2210 1420 2283 iuramenti
1469 2209 1777 2285 formam
1830 2208 2049 2286 Nobis
2084 2213 2173 2287 de
2226 2210 2447 2287 verbo

301 2326 387 2400 ad
439 2324 736 2401 verbum
789 2349 918 2423 per
970 2325 1162 2401 Tuas
1215 2327 1490 2400 litteras
1544 2325 1701 2402 Tuo
1754 2328 2009 2425 sigillo,
2066 2351 2149 2403 ac
2202 2328 2337 2403 Tui
2370 2339 2447 2403 et

298 2443 654 2540 praesa-tae
687 2443 1208 2519 ecclesiasticae
1262 2468 1608 2542 personae
1644 2444 2163 2544 subscriptione
2204 2445 2445 2521 muni-

281 2574 433 2649 tae,
487 2561 906 2659 quantocius
960 2563 1228 2636 mittas.
1274 2560 1404 2636 Cui
1441 2562 1731 2660 quidem
1767 2561 2241 2637 ecclesiastico
2288 2562 2442 2638 viro

298 2704 424 2778 per
473 2681 644 2756 alias
695 2680 990 2757 Nostras
1039 2682 1312 2757 litteras
1363 2694 1446 2755 ut
1497 2706 1540 2755 a
1594 2681 1727 2769 Te,
1764 2680 2025 2757 Nostro
2060 2693 2137 2756 et
2173 2682 2445 2757 Roma-

295 2824 428 2875 nae
465 2800 820 2875 Ecclesiae
857 2800 1171 2888 nomine,
1211 2802 1689 2875 iuramentum
1730 2800 2071 2896 suscipiat
2104 2801 2443 2876 commit-

293 2918 514 2993 timus
564 2930 637 2993 et
687 2918 1136 2991 mandamus.
1202 2914 1538 2992 Volumus
1589 2918 1811 2991 etiam
1848 2918 2037 2991 utin
2075 2916 2443 3015 metropo-

292 3036 512 3109 litana
579 3034 824 3111 Goana
895 3035 1210 3111 Ecclesia
1279 3035 1719 3133 praebendas
1794 3036 2297 3133 Theologalem
2370 3046 2447 3111 et

299 3152 924 3228 poenitentiariam
1009 3153 1098 3226 ad
1185 3151 1652 3229 Sacrosancti-
1690 3150 1985 3228 Concilii
2049 3152 2442 3227 Tridentini

279 3268 840 3367 praescriptum,
894 3280 1246 3366 quatenus
1298 3269 1650 3357 deficiant,
1717 3270 2081 3358 instituas,
2134 3270 2445 3368 aliasque

291 3390 448 3486 pias
501 3388 954 3464 fundationes
1006 3388 1078 3460 in
1114 3386 1386 3461 bonum
1419 3384 1734 3461 fidelium
1779 3388 1977 3485 erigi.
2004 3411 2231 3464 cures·
2256 3412 2444 3465 con-

283 3510 666 3583 scientiam
723 3508 952 3584 Tuam
987 3529 1220 3603 super
1273 3507 1386 3581 his
1438 3508 1825 3583 onerando.

435 3624 907 3702 Conventioni
936 3638 1177 3699 autem
1207 3626 1652 3723 supradictae
1682 3625 2133 3702 inhaerentes
2160 3650 2288 3726 per
2312 3628 2451 3701 has.

282 3742 602 3820 Litteras
629 3742 846 3819 Nobis
899 3756 994 3819 et.
1027 3742 1472 3841 Apostolicae
1527 3743 1693 3818 Sedi
1744 3768 2081 3843 expresse
2122 3768 2447 3821 reserva-

149 3894 152 3897 *
277 3886 454 3939 mus
505 3863 920 3939 facultatem
956 3886 1184 3939 novae
1219 3864 1580 3940 Ecclesiae
1616 3862 2053 3963 Episcopalis
2086 3866 2163 3938 in
2202 3862 2445 3941 Goano

281 3982 652 4057 territorio
701 3983 1076 4079 erigendae
1127 3982 1420 4080 eiusque
1456 3982 1723 4055 limites
1758 3981 2134 4057 definiendi
2170 3983 2261 4057 ad
2295 3993 2445 4055 tra-

275 4102 506 4175 mites
540 4102 944 4198 praedictae
982 4098 1514 4179 Conventionis.
1557 4100 1801 4179 Donec
1836 4122 2007 4178 vero
2042 4124 2271 4178 novae
2303 4102 2444 4178 hu-

277 4218 400 4295 ius
455 4218 894 4319 Episcopalis
932 4216 1283 4296 Ecclesiae
1311 4222 1650 4299 canonica
1686 4221 1947 4298 erectio
1970 4221 2073 4299 ‘ad
2108 4220 2440 4298 effectum
