3317 5267
2246 426 2385 501 173

266 552 356 625 ad
407 548 832 621 christianae
867 545 1102 642 gentis
1135 543 1689 619 internecionem
1725 539 1925 615 furor
1954 542 2245 617 exarsit.
2290 546 2385 619 At

265 692 440 742 vero
476 664 644 739 illud
681 675 792 738 est
825 661 1336 750 miserrimum,
1365 660 1713 757 planeque
1750 658 2157 750 dolendum,
2196 664 2390 761 quod

265 792 508 857 aetate
532 782 666 855 hac
691 758 936 857 nostra
973 780 1132 877 plus
1171 777 1530 854 deferatur
1563 778 1809 867 studii,
1840 794 1913 855 et
1960 802 2125 857 vero
2164 782 2387 855 etiam

266 899 510 973 auxilii
564 897 1188 972 turbulentissimis
1225 898 1654 971 seditionum
1694 898 2125 981 auctoribus,
2168 922 2387 996 quam

265 1016 668 1091 christianis
718 1013 998 1111 populis
1049 1012 1186 1089 sub
1241 1012 1657 1102 Turcarum,
1714 1016 2157 1115 aliorumque
2218 1018 2389 1091 bar·-

265 1133 598 1209 barorum
651 1132 816 1229 iugo
865 1130 1342 1227 gementibus,
1397 1154 1526 1228 pro
1579 1134 1837 1230 quibus
1890 1158 1935 1208 a
2008 1135 2385 1211 durissima

268 1251 612 1327 servitute
665 1250 1100 1325 vindicandis
1137 1248 1556 1345 gravissima
1599 1250 1783 1325 bella
1826 1274 1954 1347 per
1988 1255 2385 1350 superiores

271 1380 541 1445 aetates
593 1368 880 1467 Europa
929 1369 1264 1465 suscepit.
1306 1368 1540 1465 Atque
1579 1372 1783 1457 adeo,
1825 1370 1897 1443 in
1941 1372 2220 1468 publico
2254 1398 2385 1448 cu·-

269 1486 544 1561 iusdam
595 1487 902 1561 nationis
953 1485 1244 1560 consilio
1296 1485 1566 1573 laudes,
1617 1486 2047 1586 plaususque
2095 1512 2141 1561 a
2190 1512 2391 1565 non-

271 1606 480 1680 nullis
532 1605 780 1681 tributi
833 1606 930 1679 illi
982 1605 1254 1681 homini
1307 1617 1500 1692 sunt,
1556 1606 1679 1703 qui
1732 1628 1883 1680 rem
1956 1632 2258 1698 samm,
2312 1621 2391 1684 et

272 1724 624 1820 publicam
677 1734 922 1799 contra
979 1724 1116 1811 iuS,
1173 1722 1422 1821 fasque
1457 1723 1873 1800 subvertere
1920 1726 2182 1829 ubique
2216 1750 2393 1804 eon-

271 1840 524 1917 tendit.

429 1958 718 2033 Scilicet
767 1959 868 2033 ita
920 1958 1214 2055 cogitari
1255 2010 1276 2044 ‚
1333 1968 1548 2055 atque
1601 1961 1713 2056 agi
1764 1982 2095 2057 perverse
2144 1963 2328 2039 solet
2364 2018 2389 2054 ‚

271 2076 444 2153 dum
495 2080 832 2166 reiicitur,
879 2100 960 2152 ac
1013 2076 1432 2173 reprobatur
1483 2076 1847 2154 Catholica
1898 2079 2170 2178 religio,
2209 2106 2395 2181 quae

272 2220 417 2269 una
465 2198 610 2272 dux
647 2210 783 2285 est,
831 2208 908 2270 et
942 2198 1284 2292 magistra
1320 2197 1682 2283 veritatis,
1724 2220 1906 2294 quae
1942 2200 2212 2274 mederi
2249 2224 2393 2275 una

270 2324 512 2409 potest
543 2336 794 2411 aegrae
830 2312 1190 2389 societatis
1229 2312 1665 2400 vulneribus,
1704 2314 2029 2390 eamdem
2070 2315 2395 2394 fatiscen-

269 2442 446 2516 tem,
501 2456 584 2506 ac
633 2454 854 2530 prope
906 2432 1373 2507 collabentem
1425 2429 1701 2519 fulcire,
1742 2454 1825 2507 ac
1857 2436 2235 2511 sustinere.
2290 2436 2395 2513 0-

269 2552 618 2647 ptandum
667 2574 840 2625 sane
891 2562 1004 2625 est
1035 2602 1056 2638 ,
1113 2563 1196 2625 ut
1246 2551 1322 2638 ii,
1379 2548 1636 2647 quibus
1690 2552 2004 2627 maxime
2054 2554 2393 2651 pertinet,

266 2683 571 2745 noscant
621 2671 1020 2769 aliquando,
1075 2670 1355 2746 nullum
1409 2669 1500 2742 ab
1551 2668 1870 2743 Ecclesia
1924 2670 2050 2745 Dei
2101 2672 2391 2748 conflari

267 2788 662 2883 perieulum
696 2789 1054 2863 humanae
1089 2787 1442 2872 societati,
1483 2806 1733 2861 verum
1762 2785 1853 2859 ab
1890 2788 2214 2863 hostibus
2251 2788 2397 2864 Ec—

267 2904 524 2979 clesiae
571 2906 816 3001 ipsius,
873 2907 995 3002 qui
1048 2905 1108 2979 si
1162 2904 1433 2991 favore,
1487 2903 1548 2976 si
1603 2904 2053 2993 auctoritate,
2101 2905 2397 3003 opibus·-

263 3044 413 3119 que
463 3021 824 3108 inventur,
879 3032 1126 3095 contra
1181 3018 1494 3096 fautores
1546 3020 1741 3115 ipsos
1776 3042 1943 3095 suos
1978 3034 2395 3097 convertere

265 3162 472 3215 arma
518 3139 750 3214 solent
799 3138 887 3213 ad
923 3140 1225 3226 sacram,
1278 3138 1701 3236 civilemque
1752 3150 2185 3234 potestatem
2228 3137 2397 3215 fun-

265 3257 466 3331 ditus
519 3254 1019 3329 subruendum.

431 3371 758 3447 lamvero
809 3372 898 3445 de
969 3369 1538 3446 Christianorum
1615 3393 1747 3468 per
1820 3374 1995 3446 istas
2072 3372 2395 3469 regiones

261 3492 680 3567 conditione
721 3544 742 3580 ,
797 3491 1092 3565 meliora
1144 3487 1492 3586 profecto,
1553 3486 2009 3565 Venerabiles
2083 3490 2393 3581 Fratres,

259 3610 428 3685 Deo
459 3608 644 3684 bene
679 3612 968 3684 iuvante
1009 3606 1460 3696 confidimus3
1495 3610 1761 3707 quippe
1815 3610 2003 3706 quod
2056 3630 2396 3707 generoffl

257 3728 661 3803 Galliarum
713 3729 935 3815 natio,
991 3729 1282 3825 eiusque
1337 3726 1778 3802 Gubernium
1840 3729 2393 3803 munitissimam

251 3847 566 3921 instruit
613 3845 914 3920 classem
967 3846 1140 3920 istas
1192 3846 1280 3919 ad
1333 3868 1492 3919 oras
1531 3847 1957 3922 mittendam
1986 3871 2010 3935 ;
2041 3847 2395 3945 quemad-

255 3965 569 4043 modum
625 3964 798 4038 aliae
849 3964 1114 4060 pariter
1163 3966 1486 4039 nationes
1539 3976 1851 4038 armatas
1902 3986 2121 4039 naves
2172 3965 2395 4038 mise-

253 4094 446 4157 runt
499 4082 586 4156 ad
639 4084 942 4159 tuendos
993 4104 1164 4157 suae
1197 4084 1431 4178 gentis
1468 4082 1823 4170 homines,
1862 4106 2125 4181 eosque
2162 4105 2205 4156 a
2238 4082 2397 4157 bel-

251 4202 556 4279 luarum
583 4201 784 4300 quasi
813 4199 1130 4277 faucibus
1155 4201 1709 4301 extorquendos.
1743 4198 1946 4292 Quod
1980 4222 2151 4278 sane
2186 4222 2399 4303 prae-
