3317 5267
288 538 593 619 Decreta
644 545 959 633 iudicat3
1014 570 1097 621 ac
1150 547 1443 643 proinde
1496 546 1584 620 de
1634 546 1866 621 causis
1903 547 2124 621 etiam
2161 438 2420 627 mainz?-

293 660 721 737 monialibus
746 663 1083 738 iudicium
1120 663 1327 753 feret,
1366 665 1666 738 remisso
1701 674 1946 737 tamen
1971 667 2062 740 ad
2112 668 2418 745 iudicem

290 781 725 860 saecularem
750 783 841 856 de
892 782 1217 857 civilibus
1268 782 1704 857 matrimonii
1741 780 2107 858 effectibus
2133 785 2412 862 iudicio.

450 898 995 999 Archiepiscopo
1050 901 1354 976 liberum
1408 902 1545 975 erit
1597 897 2028 973 Clericorum
2101 902 2420 979 moribus
2547 928 2558 939 ·

293 1017 660 1115 invigilare
712 1031 929 1119 atque
982 1021 1056 1094 in
1109 1042 1257 1109 eos,
1314 1044 1495 1119 quos
1546 1031 1673 1095 aut
1725 1020 1913 1092 vitae
1949 1020 2250 1107 ratione,
2295 1034 2424 1097 aut

290 1138 957 1236 quomodocumque
984 1138 1531 1236 reprehensione
1560 1139 1812 1235 dignos
1847 1137 2228 1229 invenerit,
2257 1164 2422 1237 poe-

290 1272 423 1325 nas
475 1254 563 1327 ad
618 1251 999 1329 Sacrorum
1054 1254 1425 1329 Canonum
1460 1276 1790 1331 normam
1827 1255 1900 1327 in
1935 1252 2088 1329 foro
2125 1278 2256 1329 suo
2307 1256 2422 1329 in-

292 1368 561 1465 fligere,
616 1371 815 1446 salvo
870 1382 1112 1447 tamen
1166 1373 1505 1448 canonico
1552 1388 1872 1446 recursu.

450 1486 811 1585 Competit
862 1488 1412 1589 Archiepiscopo
1466 1492 1537 1564 in
1591 1489 1842 1565 Laicos
1905 1487 2424 1563 ecclesiastica-

290 1630 457 1683 rum
510 1607 749 1707 legum
802 1626 1361 1709 transgressores
1414 1610 1736 1685 censuris
1771 1608 2362 1683 animadvertere.

447 1724 649 1802 Licet
696 1728 785 1803 de
820 1730 971 1806 iure
992 1740 1427 1827 ,patronatus
1480 1723 1695 1803 i‘udex
1749 1727 2263 1803 ecclesiasticus
2299 1714 2424 1803 co'-

292 1856 621 1940 gnoscat,'
670 1849 1025 1921 consentit
1076 1860 1319 1923 tamen
1368 1847 1631 1923 Sancta
1683 1845 1929 1931 Sedes,
1985 1854 2070 1917 ut
2138 1847 2422 1942 quando

290 1957 385 2033 de
433 1959 658 2034 laicali
708 1971 1093 2057 patronatu
1128 1976 1407 2059 agatur,
1450 1960 1826 2035 tribunalia
1873 1958 2254 2033 saecularia
2307 1960 2420 2033 iu-

290 2077 527 2151 dicare
576 2082 859 2175 possint
904 2081 995 2157 de
1048 2081 1315 2155 iuribus
1370 2092 1447 2155 et
1496 2079 1832 2155 oneribus
1881 2076 2204 2153 civilibus
2255 2100 2420 2151 cum

288 2194 421 2269 tali
496 2208 877 2293 patronatu
954 2200 1297 2275 connexis
1327 2250 1349 2286 ‚
1400 2220 1533 2271 nec
1582 2220 1728 2271 non
1807 2194 1896 2269 de
1973 2195 2422 2270 successione

288 2314 525 2411 quoad
579 2317 911 2390 eumdem
946 2326 1437 2413 patronatum,
1476 2337 1605 2389 seu
1636 2311 2162 2389 controversiae
2198 2334 2422 2409 agan-

300 2440 423 2504 tur
470 2432 658 2505 inter
704 2454 909 2508 veros
946 2444 1021 2507 et
1072 2434 1481 2530 suppositos
1531 2442 1898 2528 patronos,
1927 2453 2054 2505 seu
2081 2430 2267 2503 inter
2301 2450 2417 2503 ec-

293 2548 729 2625 clesiasticos
784 2552 973 2627 viros
1002 2604 1024 2639 ‚
1078 2552 1201 2649 qui
1254 2548 1345 2623 ab
1396 2550 1649 2625 iisdem
1702 2548 2020 2646 patronis
2071 2546 2421 2643 designati

292 2664 585 2742 fuerint.

460 2786 893 2883 Temporum
944 2786 1217 2861 ratione
1252 2784 1497 2857 habita
1530 2782 1889 2859 Sanctitas
1925 2782 2070 2857 Sua
2115 2782 2420 2877 permit-

296 2903 417 2991 tit,
470 2915 555 2977 ut
604 2902 1037 2979 Clericorum
1088 2926 1343 2979 causae
1398 2924 1593 2977 mere
1647 2901 1917 2989 civileS,
1981 2911 2065 2974 ut
2113 2912 2418 2975 contra—

294 3034 573 3111 ctuum,
626 3022 1054 3112 debitorum,
1114 3022 1637 3097 haereditatum
1699 3021 1962 3098 iudices
2021 3018 2416 3094 saeculares

298 3153 733 3234 cognoscant
781 3152 857 3216 et
906 3140 1271 3215 definiant.

454 3256 633 3329 Item
686 3256 945 3333 Sancta
978 3257 1197 3353 Sedes
1233 3259 1616 3344 consentit,
1656 3266 1738 3329 ut
1775 3254 1934 3327 lites
1969 3254 2058 3327 de
2094 3250 2417 3325 civilibus

298 3370 599 3461 iuribus,
655 3373 767 3447 vel
821 3372 1153 3447 oneribus
1203 3370 1708 3457 Ecclesiamm,
1735 3368 2261 3455 beneficiorum,
2291 3365 2422 3440 de-

296 3488 647 3563 cimarum
677 3543 700 3578 ,
755 3512 887 3565 nec
936 3512 1079 3564 non
1131 3489 1221 3562 de
1300 3512 1515 3563 onere
1578 3484 2032 3563 construendi
2109 3482 2419 3558 aedificia

296 3606 773 3683 ecclesiastica
824 3610 899 3681 in
952 3605 1107 3683 foro
1156 3608 1500 3681 saeculari
1550 3606 1988 3681 decidantur.

454 3723 723 3800 Eadem
774 3727 863 3800 de
938 3748 1153 3801 causa
1232 3726 1492 3799 Sancta
1544 3724 1763 3799 Sedes
1814 3720 2004 3795 haud
2056 3718 2354 3815 impedit
2391 3768 2413 3802 ‚

296 3844 678 3945 quominus
730 3868 983 3921 causae
1034 3843 1465 3921 Clericorum
1502 3868 1631 3942 pro
1665 3839 2078 3917 criminibus
2114 3860 2238 3911 seu
2289 3836 2418 3911 de-

296 3962 485 4035 lictis
516 4012 537 4050 ,
589 3986 773 4060 quae
822 3963 1233 4061 poenalibus
1284 3962 1519 4059 Magni
1572 3959 1884 4034 Ducatus
1931 3954 2206 4054 legibus
2257 3953 2414 4029 ani-

298 4080 843 4157 madvertuntur
870 4134 894 4171 ,
946 4080 1035 4155 ad
1087 4079 1393 4156 iudicem
1470 4078 1727 4153 laicum
1789 4073 2197 4151 deferantur
2223 4122 2246 4159 ‚
2299 4070 2412 4145 cui
