3317 5267
993 509 1142 582 732

1073 621 1274 684 ωίωαο
1313 619 1552 702 quidem
1593 653 1622 668 -
1649 619 1749 684 die
1790 619 1864 684 18
1906 620 2165 701 augusti.
2202 617 2597 686 Vehementer
2634 617 2845 699 gaudet
2866 617 2937 686 de

1072 721 1356 802 pastorali
1397 737 1604 784 eorum
1643 720 2066 796 sollicitudine,
2110 737 2183 784 ae
2220 718 2489 784 laetatur
2516 718 2591 783 de
2618 720 2773 784 initis
2800 737 2933 784 con-

1071 819 1220 883 siliis
1259 819 1323 882 in
1361 826 1665 882 conventu
1704 819 2077 900 Bambergae
2136 817 2367 884 habito.
2410 817 2531 882 Eos
2572 819 2831 882 hortatur
2877 827 2937 882 ut

1069 917 1374 984 Ecclesiae
1415 920 1754 984 libertatem
1794 937 1912 1003 qua
1952 938 2107 985 voce
2148 937 2271 1003 qua
2324 921 2569 1003 scriptis
2610 919 2930 994 defendant,

1071 1026 1133 1081 et
1173 1018 1235 1081 in
1275 1017 1482 1100 populi
1525 1027 1787 1082 mentem
1830 1028 2122 1084 revocent
2159 1019 2465 1084 Ecclesiae
2504 1018 2821 1084 doctrinam
2880 1026 2939 1082 et

1070 1116 1236 1199 leges
1249 1135 1450 1182 veram
1475 1121 1929 1201 prosperitatem
1954 1118 2189 1196 afferre;
2213 1129 2397 1202 utque
2409 1118 2555 1184 dent
2574 1137 2809 1200 operam
2826 1135 2932 1200 quo

1071 1218 1280 1284 eadem
1317 1217 1769 1284 Ecclesiaeiura
1792 1219 1949 1284 circa
1976 1220 2317 1301 superiores
2346 1220 2583 1285 scholas
2618 1229 2929 1284 serventur.

1069 1315 1458 1382 Commendat
1483 1324 1548 1380 ut
1569 1325 1879 1382 accuratae
1896 1317 2049 1382 Cleri
2078 1317 2433 1382 institutioni
2464 1317 2841 1400 prospiciant,
2876 1321 2934 1378 ut

1071 1415 1330 1480 habeant
1369 1415 1693 1496 quotannis
1722 1415 1877 1480 inter
1914 1433 1983 1480 se
2006 1433 2385 1496 congressus,
2416 1423 2479 1478 et
2502 1417 2579 1498 S)
2586 1414 2771 1480 nodos
2792 1414 2933 1478 Pro·-

1063 1513 1356 1580 vinciales
1393 1513 1789 1580 celebrandas
1830 1526 2195 1580 curent..
2734 1561 2749 1576 .
2902 1535 2929 1571 ι
2966 1509 3062 1576 6Ἰί

984 1613 1244 1679 Litterae
1282 1611 1731 1721 Apostolicae-
1773 1613 2001 1680 Auctor
2040 1620 2294 1678 nostrae
2344 1613 2542 1693 fidei-
2571 1613 2650 1677 19
2690 1609 2925 1693 augusti,

1063 1729 1309 1794 quarum
1351 1710 1412 1774 vi
1453 1729 1594 1776 ven
1620 1712 1729 1778 Dei
1772 1713 2046 1778 Famulae
2086 1711 2451 1794 Margaritae
2492 1712 2721 1778 Mariae
2756 1711 2829 1776 de
2864 1710 2929 1772 Δ·

1062 1811 1312 1893 lacoque
1353 1829 1428 1875 ex
1455 1809 1681 1876 Ordine
1725 1811 2100 1878 visitationis
2140 1811 2209 1876 B.
2254 1812 2333 1878 M.
2367 1811 2437 1878 V.
2466 1813 2783 1876 Beatorum
2814 1827 2931 1874 cae-

1066 1909 1230 1974 litum
1275 1911 1533 1976 honores
1573 1911 1996 1977 decernuntur.
2168 1957 2181 1974 .
2354 1957 2369 1972 .
2539 1958 2555 1974 .
2724 1958 2740 1975 .
2896 1930 2923 1968 »
2960 1903 3059 1969 680

987 2006 1256 2092 Epistola
1297 2007 1598 2089 encyclica
1655 2010 1733 2072 ad
1802 2026 2011 2074 omnes
2072 2006 2348 2072 catholici
2415 2007 2579 2072 orbis
2647 2021 2931 2072 sacrorum

1061 2111 1378 2178 Antistites
1417 2145 1450 2158 -
1494 2108 1737 2187 Quanta
1770 2126 1916 2173 cum
1940 2143 1973 2157 -
2013 2109 2119 2174 die
2160 2109 2197 2172 8
2226 2107 2529 2174 decembr.
2554 2125 2679 2192 qua
2718 2121 2933 2173 errores

1057 2212 1407 2296 praesertim
1453 2209 1568 2276 hac
1611 2210 1952 2276 tristissima
1994 2201 2195 2275 aetate
2234 2209 2619 2276 dominantes
2659 2211 2931 2277 damnan-

1058 2319 1154 2375 tur
1195 2319 1254 2375 et
1297 2311 1781 2391 proscribuntur.
1986 2355 2001 2372 .
2169 2357 2186 2384 ,
2358 2357 2371 2370 .
2543 2355 2559 2372 .
2729 2355 2745 2372 .
2901 2329 2928 2365 ι
2966 2301 3055 2368 687

979 2413 1256 2497 Syllabas
1297 2415 1711 2496 complectens
1754 2412 2111 2495 praecipuos
2148 2420 2393 2476 nostrae
2432 2411 2655 2476 aetatis
2715 2425 2931 2480 errores

1053 2515 1112 2578 in
1155 2514 1637 2580 Allocutionibus
1678 2511 2223 2588 Consistoriaiibu8‚
2271 2512 2335 2576 in
2402 2511 2738 2596 Encyclicis
2778 2509 2931 2576 aliis·

1053 2629 1170 2694 que
1197 2611 1555 2694 Apostolicis
1601 2613 1841 2677 Litteris
1896 2611 2117 2676 notatis
2160 2610 2373 2676 summi
2410 2611 2721 2676 pontificis
2770 2612 2925 2674 iussu

1053 2727 1162 2791 per
1201 2709 1512 2792 epistolam
1581 2707 1915 2776 cardinalis
1960 2726 1993 2772 a
2034 2709 2286 2778 secretis
2328 2710 2529 2776 Status
2570 2711 2649 2774 ad
2693 2708 2925 2776 eosdem

1052 2827 1352 2877 sacrorum
1399 2811 1711 2880 Antistiles
1754 2811 2101 2879 huiusmodi
2146 2811 2460 2879 occasione
2500 2811 2741 2876 missus·
2898 2829 2924 2866 a
2960 2803 3050 2868 7⁰1
