3317 5267
1049 557 1686 650 ALLOCUTIO
2285 444 2424 514 557

430 971 635 1020 unm
674 971 739 1022 n!
777 969 1147 1022 couslsromo
1184 969 1403 1018 8108ῒο
1442 971 1538 1018 ΜΕ
1568 970 1669 1017 XV!
1699 969 1892 1016 nunu
1921 967 2274 1017 uncccnxm.

1024 1195 1423 1246 nummus
1478 1197 1722 1246 rurus

316 1549 731 1715 Omnibus
784 1645 1035 1712 notum
1088 1634 1437 1733 planeque
1487 1635 1934 1732 exploratum
1985 1644 2124 1722 est,
2183 1633 2430 1712 Vene-

312 1753 573 1829 rabiles
624 1753 935 1842 Fratres,
992 1753 1347 1852 quomodo
1396 1753 1810 1827 miserrimis
1862 1751 2056 1828 hisce
2091 1755 2436 1850 tempori-

308 1869 449 1946 bus
496 1871 969 1948 lamentabilis
1003 1867 1401 1948 rebellionis
1430 1872 1706 1968 impetu
1739 1867 1984 1944 infelix
2018 1873 2434 1966 praesertim

314 1986 542 2077 Italia,
596 2000 671 2066 et
722 1991 1095 2064 universus
1146 2011 1365 2088 prope
1417 2003 1766 2064 terrarum
1819 1986 2010 2064 orbis
2060 2010 2228 2063 cum
2281 2011 2438 2062 ma-

313 2107 531 2180 ximis
580 2117 659 2182 et
708 2130 1073 2205 nunquam
1126 2108 1305 2184 satis
1354 2107 1676 2206 lugendis
1727 2106 2111 2182 catholicae
2185 2105 2438 2182 Eccle-

164 2257 173 2266 ·
314 2221 491 2312 siae,
546 2223 915 2322 civilisque
964 2224 1327 2302 societatis
1374 2224 1684 2312 damnis,
1737 2234 1813 2298 et
1870 2223 2254 2298 incredibili
2289 2221 2440 2300 No·-

314 2349 494 2428 stro,
550 2338 978 2438 Vestroque,
1036 2351 1114 2416 et
1166 2339 1489 2416 omnium
1541 2339 1894 2416 honorum
1951 2340 2188 2420 dolore
2263 2363 2442 2416 exa-

314 2455 581 2554 gitntur
628 2480 711 2533 ac
762 2459 1161 2534 divexatur.
1219 2455 1417 2548 Quae
1468 2458 1876 2532 tristissima
1951 2482 2122 2536 sane
2199 2481 2444 2534 rerum

314 2575 753 2675 perturbatio
804 2578 905 2652 ita
954 2575 1395 2653 Mexicanam
1448 2580 1667 2654 etiam
1705 2577 2244 2676 Rempublicam
2271 2603 2440 2676 per-

313 2692 509 2782 culit,
564 2705 649 2772 ut
699 2693 871 2770 inihi
922 2697 1373 2772 sanctissima
1406 2707 1653 2772 nostra
1687 2697 1932 2796 religio
1958 2697 2438 2775 miserandum

316 2809 389 2884 in
440 2813 733 2888 modum
780 2811 997 2888 fuerit
1044 2813 1301 2890 afflicta
1348 2836 1435 2888 ac
1483 2825 1862 2912 prostrata.
1917 2812 2062 2888 Nos
2085 2813 2301 2912 igitur
2347 2815 2440 2892 de

320 2929 629 3004 universi
682 2927 1029 3006 Dominici
1083 2931 1313 3026 gregis
1366 2929 1594 3004 salute
1645 2928 1864 3007 Nobis
1917 2929 2008 3002 ab
2041 2932 2196 3026 ipso
2231 2928 2442 3004 Chri-

314 3057 431 3121 sto
484 3043 787 3122 Domino
836 3047 1181 3121 divinitus
1250 3046 1633 3120 commissa
1710 3045 2172 3120 vehementer
2247 3047 2440 3122 anxii

316 3185 403 3238 ac
454 3164 735 3240 solliciti
785 3188 993 3240 curas
1028 3187 1291 3240 omnes.
1316 3164 1922 3261 cogitationesque
1967 3163 2057 3238 ad
2107 3164 2446 3259 spiritua-

318 3281 423 3357 les
478 3283 757 3360 illorum
784 3283 1093 3359 fidelium
1123 3283 1547 3380 reparandas
1584 3281 1849 3369 ruinae,
1891 3303 2278 3380 eorumque
2310 3281 2446 3357 ho-

318 3421 493 3476 num
548 3402 773 3498 magis
826 3404 1191 3499 magisque
1244 3399 1760 3498 procurandum
1813 3399 2318 3476 convertimus.
2351 3399 2448 3475 Et

198 3561 209 3570 ·
319 3518 657 3616 quoniam
692 3517 1139 3594 venerabiles
1166 3519 1451 3594 Fratres
1476 3518 1792 3592 eiusdem
1829 3515 2234 3594 Mexicanae
2273 3517 2447 3594 Rei-

318 3633 643 3732 publicae
696 3635 1075 3712 Sacrorum
1130 3635 1507 3712 Antistites
1542 3657 1585 3708 a
1609 3634 1894 3730 proprio
1943 3657 2152 3731 grege
2187 3633 2440 3722 avulsi,

320 3765 397 3828 et
450 3753 525 3828 in
576 3753 867 3830 exilium
924 3753 1131 3828 eiecti
1182 3751 1329 3828 fere
1380 3775 1635 3828 omnes
1711 3751 1784 3824 in
1854 3750 2037 3827 hanc
2111 3751 2444 3826 Nostram

320 3871 581 3946 almam
634 3870 887 3948 urbem
938 3880 1453 3956 convenerunt,
1506 3869 1870 3968 Nobisque
1945 3868 2446 3966 exponendum

324 3997 661 4062 curarunt
712 3985 1183 4064 necessariam
1234 3985 1527 4062 omnino
1578 4008 1736 4060 esse
1788 4007 2052 4061 novam
2127 3985 2450 4060 vastissi-

320 4123 599 4180 marum
656 4104 934 4180 illarum
987 4103 1433 4180 Dioecesium
1502 4089 2232 4200 circumscriptionem
2263 4155 2286 4192 ,
2345 4103 2450 4178 ic·

322 4222 509 4298 circo
560 4221 767 4300 iustis
815 4221 1230 4299 ‘eorumdem
1285 4218 1808 4296 venerabilium
1871 4218 2202 4296 Fratrum
2259 4222 2448 4298 votis
