3317 5267
891 443 1034 517 534

877 561 1102 657 plum,
1167 565 1552 657 aptumque
1606 557 2002 636 aedificium
2034 556 2395 642 existeret,
2436 555 2506 627 in
2561 577 2705 652 quo
2741 555 3001 630 huius-

879 679 1070 754 modi
1125 677 1588 776 Gymnasium
1645 678 1859 751 statui
1948 686 2215 772 posset,
2272 675 2482 748 aedes
2516 675 2689 748 satis
2728 675 3009 772 amplas

880 795 1312 894 Senogalliae
1365 796 1438 868 in
1487 795 1772 890 regione
1826 791 2032 890 vulgo
2086 791 2353 865 Piazza
2401 791 2515 864 del
2571 789 2846 866 Duomo
2894 793 3009 865 si-

879 926 990 988 tas
1043 928 1116 990 et
1173 913 1447 988 Palatii
1499 915 1785 989 nomine
1840 924 2153 1002 vocataS,
2206 912 2519 1009 aliasque
2570 913 2807 1010 plures
2868 913 3013 986 do-

874 1053 1034 1106 mos
1087 1033 1260 1130 ipsis
1311 1030 1628 1118 aedibuS,
1686 1053 1813 1104 seu
1868 1027 2138 1104 Palatio
2191 1030 2457 1104 vicinas
2508 1052 2667 1104 aere
2742 1028 3011 1104 Nostro

877 1151 1212 1224 emendas
1263 1149 1696 1236 curavimuS,
1752 1169 2013 1244 easque
2071 1149 2275 1221 novis
2328 1168 2619 1244 operum
2684 1147 3011 1221 molitio-

877 1271 1086 1346 nibu‘s
1139 1271 1460 1366 ampliari
1513 1282 1588 1342 et
1621 1270 1853 1344 ornari
1892 1269 2251 1357 iussimuS,
2283 1281 2497 1366 atque
2534 1270 2787 1344 eodem
2817 1281 3011 1344 tcm-

878 1412 1050 1484 pore
1107 1389 1484 1484 Templum
1549 1387 2069 1475 immaculatae,
2152 1389 2781 1485 sanctissimaeque
2862 1387 3007 1462 Dei

879 1504 1219 1579 Genitrici
1257 1504 1526 1602 Virgini
1566 1503 1826 1578 Mariae
1862 1527 2167 1592 sacrum,
2206 1515 2281 1578 et
2317 1506 2453 1577 illis
2479 1504 2768 1579 aedibus
2796 1507 3007 1580 adia-

880 1646 1048 1698 cens
1099 1621 1501 1718 sumptibus
1555 1623 1730 1694 item
1784 1620 2058 1694 Nostris
2112 1621 2181 1692 in
2236 1621 2648 1718 ampliorem
2686 1622 3001 1719 elegan—

877 1725 1286 1837 tioremque'
1320 1739 1624 1814 formam
1677 1739 2037 1812 redactum
2108 1761 2189 1813 ac
2266 1741 2715 1836 splendidiori
2796 1741 3005 1815 cultu

879 1857 1304 1931 exornatum
1357 1879 1498 1930 una
1536 1877 1700 1930 cum
1738 1856 2051 1929 aedicula
2088 1855 2315 1928 eidem
2357 1853 2653 1952 Templo
2688 1856 2997 1942 adiecta,

881 1973 1170 2048 aedibus
1225 1973 1393 2069 ipsis
1431 1973 1911 2060 attribuimus,
1948 1985 2023 2045 ct
2056 1995 2219 2045 cum
2254 1972 2389 2044 illis
2426 1974 3001 2066 coniungendam

877 2115 1036 2164 esse
1085 2092 1446 2178 duximus,
1501 2115 1592 2165 ne
1645 2091 2029 2188 quidquam
2082 2091 2385 2177 deesset,
2441 2091 2627 2187 quod
2680 2091 2769 2162 ad
2820 2087 2993 2188 Gy·-

877 2210 1130 2282 mnasii
1187 2231 1392 2282 usum
1448 2221 1522 2281 et
1575 2208 2027 2285 commodum
2109 2209 2519 2304 pertineret.
2606 2205 2739 2278 Ubi
2822 2231 2997 2281 vero

877 2327 1060 2398 idem
1117 2321 1510 2400 aedificium
1564 2327 1701 2400 fuit
1752 2324 2183 2411 absolutum,
2240 2338 2315 2398 et
2370 2347 2453 2398 ea
2506 2325 2743 2398 omnia
2780 2325 2997 2399 ado-—

874 2451 1156 2536 ptatum
1209 2442 1484 2514 exitum
1543 2443 1879 2538 perducta
1916 2463 2097 2538 quae
2132 2442 2219 2514 ad
2258 2439 2723 2537 Gymnasium
2752 2441 2993 2536 ipsum

871 2557 1444 2630 constituendum
1483 2557 2042 2652 requirebantur,
2082 2557 2353 2632 Nostris
2384 2556 2807 2652 Apostolicis
2828 2555 2992 2630 Lit-

871 2673 1040 2745 teris
1075 2661 1402 2770 Kalendis
1453 2671 1889 2768 Septembris
1944 2695 2133 2746 anno
2184 2672 2555 2746 millesimo
2608 2673 2983 2768 octingen-

814 2841 820 2848 -
873 2789 1129 2864 tesimo
1176 2789 1763 2886 quinquagesimo
1820 2791 2031 2862 tertio
2082 2789 2217 2862 sub
2268 2787 2569 2864 Plumbo
2637 2788 2823 2862 datis
2910 2801 2989 2862 et

868 2905 1367 3002 incipientibus
1409 2931 1446 2973 <t
1483 2903 2149 3000 Senoqalliae·urbis
2186 2930 2219 2972 1»
2256 2903 2719 3000 Gymnasium
2746 2905 2989 3000 ipsum

873 3023 944 3096 in
997 3034 1558 3098 commemorato
1613 3022 1929 3096 aedificio
1981 3024 2363 3110 ereximuS,
2418 3033 2496 3094 et
2574 3023 2985 3130 statuimuS,

875 3165 1054 3238 quae
1106 3141 1402 3216 docendi
1457 3142 1661 3228 ratio,
1719 3164 2035 3238 quaeque
2074 3141 2469 3214 studiorum
2506 3141 2882 3216 methodus
2911 3141 2989 3214 in

875 3259 1124 3332 eodem
1181 3255 1561 3354 Gymnasio
1614 3269 1805 3331 esset
1838 3259 2205 3332 servanda.
2244 3257 2547 3330 Omnem
2588 3281 2757 3332 vero
2792 3259 2989 3332 eius-

871 3377 1036 3448 dem
1091 3374 1452 3472 Gymnasii
1507 3377 2103 3472 procurationem,
2154 3377 2465 3472 regimen
2546 3389 2621 3450 ct
2680 3379 2989 3452 admini-

873 3493 1288 3568 strationem
1343 3491 1634 3568 Dilectis
1691 3493 1881 3568 Filiis
1934 3493 2219 3568 Clericis
2276 3493 2735 3591 Regularibus
2770 3495 2989 3592 incly-

876 3624 988 3684 tae
1041 3610 1408 3686 Societatis
1459 3611 1622 3686 Iesu
1673 3612 1759 3685 de
1794 3635 1871 3686 re
1906 3612 2311 3698 christiana,
2352 3612 2717 3700 litteraria,
2754 3628 2829 3686 et
2862 3616 2985 3688 ci-

868 3729 992 3801 vili
1045 3749 1496 3826 summopere
1545 3730 1821 3804 meritis
1872 3751 2083 3826 quam
2136 3728 2601 3804 libentissime
2676 3734 2981 3806 commi-

855 3849 1122 3934 simus,
1177 3869 1262 3921 ac
1313 3869 1667 3920 summam
1720 3869 2025 3922 annuam
2060 3857 2497 3920 scutatorum
2532 3847 2643 3922 bis
2680 3849 2867 3923 mille
2899 3860 2983 3924 et

862 3965 1442 4060 octingentorum
1493 3973 1831 4038 romanae
1880 3973 2210 4036 monetae
2264 3961 2353 4038 ab
2404 3965 2601 4038 omni
2634 3967 2974 4062 cuiusque

865 4079 1146 4175 generis
1201 4081 1523 4178 vectigali
1577 4091 1863 4177 prorsus
1914 4079 2207 4154 liberam
2260 4103 2475 4176 super
2524 4081 2759 4158 fundis
2786 4085 2979 4180 pri-—

875 4198 1016 4272 vati
1067 4197 1302 4276 Nostri
1355 4195 1608 4296 peculii
1659 4209 2003 4296 perpetuo
2080 4195 2533 4276 attribuimus
2564 4251 2585 4289 ,
2666 4203 2983 4298 itemque
