3317 5267
828 480 833 485 .
2329 424 2474 495 349

513 540 894 639 Propterea
949 536 1296 633 templum
1347 538 1536 635 quod
1591 536 2033 637 infrascripto
2074 538 2477 636 Apostolico

359 660 700 759 Delegato
751 659 824 731 in
879 656 946 729 id
1003 656 1270 753 negocii
1323 654 1723 751 specialiter
1780 658 2181 754 deputando
2242 660 2471 733 visum

362 780 578 854 fuerit
629 778 768 852 illic
819 774 1044 870 magis
1099 773 1456 858 idoneum,
1497 784 1825 850 ornatum
1864 776 2475 875 ecclesiasticaque

363 893 797 993 supellectile
851 892 1274 987 praeditum,
1331 901 1406 963 et
1455 890 1740 986 abipso
1776 894 2103 988 prudenti
2157 896 2307 991 ejus
2360 918 2478 969 ar-

361 1017 573 1091 bitrio
639 1012 974 1110 seligatur
1043 1011 1130 1083 ad
1199 1008 1555 1083 Ecclesiae
1627 1008 2063 1087 Cathedralis
2131 1016 2471 1091 honorem

363 1134 512 1229 pari
543 1128 945 1228 Apostolica
983 1129 1402 1199 auctoritate
1438 1126 1654 1200 etiam
1686 1142 2033 1225 perpetuo
2059 1131 2474 1221 attollimus,

362 1250 462 1323 ita
517 1259 598 1322 ut
649 1247 894 1321 eadem
945 1242 1262 1317 Ecclesia
1315 1244 1624 1340 priscum
1682 1246 1965 1320 titulum
2019 1272 2147 1322 seu
2182 1251 2485 1325 invoca—-

365 1368 634 1442 tionem
678 1366 1145 1463 eamdemque
1175 1384 1390 1460 quam
1423 1363 1681 1437 habere
1714 1367 2080 1463 contingat
2113 1369 2485 1463 parochia-

363 1484 640 1558 litatem
671 1495 744 1557 et
770 1482 1170 1557 animarum
1205 1502 1446 1553 curam
1483 1484 1819 1555 continuo
1856 1484 1961 1555 uti
1996 1484 2177 1578 juris
2215 1500 2289 1559 et
2324 1508 2481 1560 mo-

365 1604 462 1676 ris
491 1615 602 1677 est
636 1601 1100 1675 exercendam
1153 1599 1481 1695 deinceps
1507 1600 1721 1673 etiam
1752 1616 2119 1676 servatura
2149 1604 2267 1692 sit,
2300 1606 2480 1678 acin

363 1740 446 1792 ea
497 1732 817 1793 actutum
874 1719 1184 1814 erigatur
1219 1716 1446 1803 sedes,
1485 1716 1819 1790 cathedra
1856 1730 1931 1790 et
1965 1720 2269 1817 dignitas
2304 1721 2483 1817 Epi·-

361 1838 662 1934 scopalis
716 1859 843 1933 pro
879 1858 1022 1908 uno
1059 1833 1208 1929 ejus
1243 1832 1482 1907 futuro
1539 1830 1877 1909 Antistite
1930 1836 2279 1912 ordinario
2316 1836 2483 1912 Por-

364 1969 481 2031 tus
533 1953 732 2029 Pacis
786 1952 1278 2049 nuncupando,
1337 1956 1456 2048 qui
1513 1952 1741 2026 eidem
1777 1952 2176 2052 Episcopali
2228 1954 2479 2031 Eccle-

363 2074 508 2146 siae
561 2074 831 2147 civitati
883 2083 958 2145 et
1006 2070 1308 2145 dioecesi
1363 2070 1658 2169 ejusque
1712 2070 1901 2148 clero
1954 2085 2027 2147 et
2077 2074 2341 2171 populo
2404 2077 2478 2149 in

363 2188 666 2266 Domino
717 2190 1005 2287 praesit,
1061 2190 1460 2285 cooptando
1514 2190 1647 2263 sibi
1704 2214 1834 2266 suo
1885 2191 2113 2266 lubitu
2167 2194 2238 2264 in
2294 2193 2476 2267 illius

362 2309 704 2405 regimine
764 2306 1116 2381 Vioarium
1169 2303 1618 2393 Generalem,
1649 2308 1764 2381 cui
1818 2332 2039 2384 unum
2096 2309 2205 2383 vel
2260 2311 2475 2383 etiam

361 2424 666 2500 alterum
705 2424 1172 2523 superaddere
1209 2426 1272 2498 ei
1311 2422 1418 2498 fas
1456 2426 1616 2513 erit,
1657 2427 1717 2501 si
1754 2450 1883 2524 pro
1920 2428 2138 2500 nimia
2164 2426 2477 2503 locorum

368 2545 552 2618 inter
579 2568 654 2619 se
681 2546 1090 2619 dissitorum
1146 2544 1661 2641 longinquitate
1716 2546 2149 2646 aliarumque
2174 2549 2479 2622 circum-

358 2662 780 2737 stantiarum
811 2663 1158 2759 gravitate
1189 2662 1256 2735 id
1287 2662 1464 2736 ratio
1497 2662 1815 2739 videatur
1852 2667 2241 2740 necessario
2272 2688 2481 2762 prae-

360 2790 572 2851 stare.
631 2778 954 2877 Itemque
1033 2778 1441 2876 religionem
1496 2776 1935 2853 Catholicam
1993 2780 2469 2877 Apostolicam

367 2896 999 2984 Romanam,sicuti
1027 2893 1350 2972 consulto
1380 2897 1452 2967 in
1483 2898 1799 2992 praefata
1815 2896 2299 2974 Conventione
2328 2884 2485 2972 san-

361 3016 580 3089 citum
611 3027 720 3091 est
770 3018 974 3113 plane
1026 3026 1288 3088 sartam
1343 3026 1747 3113 tectamque
1802 3040 2079 3091 servare
2132 3029 2332 3091 curet
2384 3018 2469 3091 iis

363 3154 524 3204 cum
573 3132 846 3227 juribus
899 3145 974 3207 et
1024 3130 1554 3229 praerogativis,
1595 3131 1852 3228 quibus
1890 3156 1981 3205 ex
2033 3131 2160 3209 Dei
2197 3134 2481 3207 ordina-

367 3250 560 3324 tione
615 3274 697 3325 ac
745 3274 1104 3326 sacrorum
1162 3270 1512 3324 canonum
1551 3248 2033 3323 sanctionibus
2070 3248 2207 3324 frui
2242 3250 2481 3339 debet,

371 3368 632 3467 quique
688 3370 1025 3442 nimirum
1079 3368 1256 3442 liber
1290 3368 1408 3453 sit,
1451 3368 1620 3465 quin
1656 3366 1749 3440 ab
1788 3366 1928 3442 ullo
1968 3391 2276 3465 unquam
2304 3393 2487 3466 quo-

366 3484 474 3556 vis
531 3482 738 3559 titulo
775 3486 1094 3581 impediri
1127 3484 1377 3582 possit,
1408 3506 1537 3579 pro
1571 3482 2218 3557 Ecclesiasticarum
2246 3508 2484 3559 rerum

368 3602 704 3676 exercitio
757 3624 840 3675 ac
892 3602 1107 3675 etiam
1163 3624 1294 3698 pro
1351 3622 1522 3673 suae
1587 3598 1940 3675 Dioecesis
2010 3601 2351 3697 regimine
2410 3602 2483 3675 in

369 3716 720 3793 vicarium
777 3719 1008 3816 ipsum
1067 3718 1482 3794 Generalem
1539 3718 1610 3790 in
1662 3717 2091 3794 consiliarios
2142 3722 2324 3793 etin
2357 3720 2485 3793 ad·-

361 3834 638 3929 jutores
691 3836 946 3933 eligere
999 3850 1074 3911 et
1129 3838 1495 3912 instituere
1547 3860 1670 3912 eos
1722 3848 2071 3933 quotquot
2130 3837 2482 3913 Ecclesia-

373 3954 590 4027 sticos
643 3955 859 4041 viros,
915 3979 1096 4054 quos
1150 3958 1237 4030 ad
1289 3954 1699 4049 huJusmodi
1753 3954 1976 4029 officia
2048 3966 2481 4053 opportunos

372 4072 801 4169 idoneosque
849 4074 1292 4169 judicaverit,
1331 4074 1417 4147 ad
1455 4072 1867 4147 clericalem·
1889 4082 2154 4146 statum
2208 4074 2483 4148 admit-

376 4200 554 4275 tere,
593 4197 807 4285 atque
843 4192 1022 4267 adeo
1060 4214 1148 4267 ex
1185 4189 1590 4290 approbatis
1620 4188 1823 4289 juxta
1860 4188 2113 4267 Sacros
2166 4188 2485 4268 Canones
