3317 5267
300 592 525 675 vestri
550 616 799 673 sensus
830 592 1195 673 catholicis
1222 594 1672 671 Antistitibus
1701 596 1906 695 plane
1932 596 2152 697 digni,
2185 600 2432 674 etiam-

298 716 361 789 si
397 714 613 791 iidem
660 737 795 789 nec
842 715 1008 789 novi
1038 766 1061 801 ,
1114 721 1255 787 nec'
1294 712 1726 810 inexpectati
1759 712 1975 793 Nobis
2027 717 2424 791 extiterint·

297 832 545 930 ltaque
571 833 743 908 dum
768 832 855 907 de
889 832 1083 907 hisce
1118 831 1491 928 praeclaris
1526 832 1946 930 eximiisque
1975 836 2233 911 vestris
2260 858 2428 911 sen·-

296 950 494 1025 sibus
532 950 989 1025 vehementer
1022 960 1237 1046 atque
1278 970 1369 1022 ex
1408 949 1645 1024 animo
1693 952 2155 1049 gratulamur,
2197 952 2434 1029 Vene-

296 1068 553 1143 rabiles
581 1066 893 1157 Fratres,
930 1092 976 1141 a
1010 1066 1227 1144 Vobis
1262 1067 1557 1155 maiore,
1594 1090 1736 1165 qua
1769 1090 2175 1165 possumus,
2208 1072 2428 1145 animi

296 1184 535 1262 Nostri
586 1187 1043 1262 contentione
1076 1186 1551 1283 exposcimus,
1592 1195 1676 1259 ut
1711 1207 1842 1282 pro
1875 1198 2246 1283 perspecta
2298 1212 2426 1263 ve-

296 1318 447 1381 stra
480 1304 811 1403 religione
848 1332 931 1382 ac
966 1307 1233 1404 pietate
1272 1328 1563 1381 omnem
1602 1315 1916 1379 vestram
1953 1328 2222 1396 curam,
2255 1330 2432 1404 ope-

295 1444 483 1511 ram,
532 1424 981 1513 industriam,
1023 1421 1461 1519 vigilantiam
1498 1420 1920 1510 adhibeatis,
1960 1426 2430 1520 quemadmo-

294 1544 471 1617 dum
521 1542 896 1639 pastoralis
951 1543 1169 1617 vestri
1221 1542 1535 1616 muneris
1586 1540 1894 1616 officium
1946 1544 2236 1620 omnino
2297 1566 2432 1641 po·-

300 1660 547 1747 sanat,
578 1673 663 1735 ut
710 1682 961 1737 omnes
1010 1658 1249 1735 fideles
1300 1682 1517 1733 curae
1566 1670 1846 1733 vestrae
1897 1662 2292 1749 commissi,
2355 1671 2431 1735 et

296 1777 565 1851 eisdem
602 1778 857 1851 vestris
888 1777 1211 1853 sensibus
1246 1777 1676 1863 animentur,
1719 1788 1792 1849 et
1835 1778 1906 1850 in
1944 1778 2274 1854 omnibus
2308 1802 2426 1853 re-

293 1899 433 1974 bus
484 1924 723 1975 veram
799 1924 1349 1999 germanamque
1402 1900 1796 1974 catholicae
1859 1898 2220 1976 Ecclesiae
2295 1903 2433 1977 do—

298 2019 603 2094 ctrinam
650 2020 1137 2117 profiteantur.
1196 2020 1301 2095 Ne
1332 2019 1676 2095 desinatis
1717 2041 2030 2116 unquam
2083 2020 2156 2093 in
2199 2021 2269 2095 id
2305 2044 2430 2119 po·-

298 2140 658 2213 tissimum
712 2138 1181 2236 episcopalem
1232 2148 1543 2212 vestram
1598 2134 2154 2213 sollicitudinem
2190 2160 2274 2213 ac
2310 2162 2431 2212 ze-

292 2256 449 2332 lum
473 2257 863 2343 intendere,
898 2254 1347 2331 Venerabiles
1375 2254 1687 2343 Fratres,
1719 2254 2070 2353 nullisque
2105 2278 2422 2353 unquam

292 2374 603 2450 consiliis
654 2385 735 2447 et
780 2372 1135 2449 laboribus
1186 2374 1453 2470 parcite
1506 2394 1649 2469 quo
1685 2384 2087 2449 vestrarum
2128 2373 2424 2450 Dioece-

292 2491 485 2567 sium
530 2490 769 2565 fideles
817 2490 1167 2566 catholica
1222 2492 1545 2565 doctrina
1580 2492 1808 2587 magis
1844 2492 1918 2564 in
1952 2492 2104 2567 dies
2167 2491 2426 2565 eruditi

291 2608 869 2685 constantissime
918 2608 1212 2683 erodant
1246 2628 1329 2681 ac
1365 2618 1657 2681 teneant
1697 2606 2038 2705 quidquid
2077 2606 2421 2682 catholica

188 2765 191 2767 v
296 2728 509 2803 docet
556 2724 895 2813 Ecclesia,
952 2735 1029 2799 et
1058 2724 1595 2821 diligentissime
1632 2737 2050 2801 aversentur
2090 2724 2427 2823 quidquid

298 2844 393 2919 ab
426 2846 581 2941 ipsa
615 2843 1037 2939 reprobatur
1069 2866 1154 2916 ac
1185 2842 1561 2917 damnatur
1582 2840 1926 2917 Ecclesia.
1974 2842 2205 2941 Atque
2243 2842 2430 2915 inter

297 2964 437 3040 alia
486 2986 577 3037 ne
629 2964 975 3039 omittatis
1024 2960 1345 3037 fidelibus
1419 2973 1699 3037 vestrae
1776 2962 2174 3059 vigilantiae
2253 2984 2428 3035 eon-

298 3080 583 3157 creditis
632 3080 911 3155 assidue
963 3090 1039 3152 et
1088 3088 1416 3154 accurate
1496 3080 1770 3155 tradere
1807 3132 1832 3169 ,
1911 3091 2126 3178 atque
2203 3078 2431 3153 incul-

294 3220 461 3273 care
529 3196 918 3271 catholicae
968 3192 1329 3269 Ecclesiae
1379 3196 1467 3269 de
1520 3195 1954 3271 Matrimonii
2007 3196 2426 3271 Sacramen-

296 3326 379 3390 to
417 3364 439 3402 ,
494 3314 721 3412 deque
772 3312 1233 3387 indissolubili
1284 3310 1714 3386 Matrimonii
1802 3312 2083 3388 vinculo
2162 3312 2424 3387 doctri-

300 3450 504 3505 nam.
560 3416 935 3503 Neminem
1004 3429 1196 3504 enim
1252 3426 1585 3501 Vestrum
1654 3427 1832 3500 latet
1878 3426 2085 3523 juxta
2165 3429 2430 3504 catho-

297 3550 481 3624 licae
572 3542 925 3623 Ecclesiae
1008 3547 1405 3623 doctrinam
1490 3544 1806 3620 fidelium
1893 3547 2428 3622 matrimonium

298 3678 540 3743 ratum
590 3676 757 3739 ante
816 3665 1503 3740 consummationem
1552 3686 1760 3761 posse
1796 3662 2084 3739 dissolvi
2135 3686 2262 3760 per
2311 3686 2424 3738 so—

298 3787 613 3861 lemnem
664 3784 1069 3858 alterutrius
1118 3784 1433 3881 coniugis
1486 3785 1559 3858 in
1629 3784 1866 3881 aliqua
1935 3782 2232 3881 probata
2283 3783 2432 3858 Re—

300 3908 563 4007 ligione
612 3902 1147 4005 professionem,
1192 3906 1305 3981 vel
1342 3930 1471 4004 per
1511 3906 1922 3981 canonicam
1959 3905 2431 4003 dispensatio-

297 4048 497 4113 nem,
526 4044 707 4121 quae
732 4046 775 4097 a
803 4021 1131 4097 Romano
1158 4032 1441 4097 tantum
1470 4021 1810 4099 Pontifice
1835 4022 2121 4098 concedi
2159 4032 2423 4118 potest,

296 4162 627 4245 quaeque
674 4139 959 4215 nonnisi
1014 4162 1106 4213 ex
1132 4140 1569 4237 gravissimis
1622 4140 1858 4215 causis
1911 4139 2272 4213 rarissime
2309 4140 2424 4211 in·-

294 4261 653 4357 dulgetur.
713 4256 945 4355 Atque
996 4257 1213 4332 etiam
1266 4256 1535 4353 optime
1588 4257 1812 4332 nostis
1841 4308 1864 4345 ,
1919 4256 2244 4333 eamdem
2281 4252 2428 4329 Ec·-
