<?xml version="1.0" encoding="UTF-8"?>
<!DOCTYPE html PUBLIC "-//W3C//DTD XHTML 1.0 Transitional//EN"
    "http://www.w3.org/TR/xhtml1/DTD/xhtml1-transitional.dtd">
<html xmlns="http://www.w3.org/1999/xhtml" xml:lang="en" lang="en">
 <head>
  <title>
</title>
<meta http-equiv="Content-Type" content="text/html;charset=utf-8" />
  <meta name='ocr-system' content='tesseract 3.04.00' />
  <meta name='ocr-capabilities' content='ocr_page ocr_carea ocr_par ocr_line ocrx_word'/>
</head>
<body>
  <div class='ocr_page' id='page_1' title='image "./piiixpontificis00ixgoog_0279.png"; bbox 0 0 3317 5267; ppageno 0'>
   <div class='ocr_carea' id='block_1_1' title="bbox 313 412 2445 744">
    <p class='ocr_par' dir='ltr' id='par_1_1' title="bbox 313 412 2445 744">
     <span class='ocr_line' id='line_1_1' title="bbox 2296 412 2439 481; baseline 0.014 -2"><span class='ocrx_word' id='word_1_1' title='bbox 2296 412 2334 479; x_wconf 74' lang='lat'><strong>2</strong></span> <span class='ocrx_word' id='word_1_2' title='bbox 2350 413 2439 481; x_wconf 74' lang='lat'><strong>65</strong></span> 
     </span>
     <span class='ocr_line' id='line_1_2' title="bbox 313 525 2445 623; baseline -0.005 -15"><span class='ocrx_word' id='word_1_3' title='bbox 313 528 810 609; x_wconf 80' lang='lat' dir='ltr'><strong>comitantibus</strong></span> <span class='ocrx_word' id='word_1_4' title='bbox 863 530 1268 603; x_wconf 77' lang='lat' dir='ltr'><strong>accessoriis</strong></span> <span class='ocrx_word' id='word_1_5' title='bbox 1325 530 1610 623; x_wconf 85' lang='lat' dir='ltr'><strong>penitus</strong></span> <span class='ocrx_word' id='word_1_6' title='bbox 1674 526 1763 599; x_wconf 86' lang='lat' dir='ltr'><strong>ab</strong></span> <span class='ocrx_word' id='word_1_7' title='bbox 1799 525 2153 599; x_wconf 87' lang='lat' dir='ltr'><strong>ordinaria</strong></span> <span class='ocrx_word' id='word_1_8' title='bbox 2221 525 2445 621; x_wconf 85' lang='lat' dir='ltr'><strong>juris-</strong></span> 
     </span>
     <span class='ocr_line' id='line_1_3' title="bbox 316 645 2437 744; baseline -0.004 -19"><span class='ocrx_word' id='word_1_9' title='bbox 316 654 616 727; x_wconf 80' lang='lat' dir='ltr'><strong>dictione</strong></span> <span class='ocrx_word' id='word_1_10' title='bbox 645 704 668 737; x_wconf 90' lang='lat'><strong>,</strong></span> <span class='ocrx_word' id='word_1_11' title='bbox 723 648 1216 744; x_wconf 87' lang='lat' dir='ltr'><strong>superioritate</strong></span> <span class='ocrx_word' id='word_1_12' title='bbox 1257 698 1278 731; x_wconf 92' lang='lat'><strong>‚</strong></span> <span class='ocrx_word' id='word_1_13' title='bbox 1335 648 1675 743; x_wconf 81' lang='lat' dir='ltr'><strong>regimine</strong></span> <span class='ocrx_word' id='word_1_14' title='bbox 1712 658 1785 717; x_wconf 89' lang='lat' dir='ltr'><strong>et</strong></span> <span class='ocrx_word' id='word_1_15' title='bbox 1822 645 2437 720; x_wconf 79' lang='lat' dir='ltr'><strong>administratione</strong></span> 
     </span>
    </p>
   </div>
   <div class='ocr_carea' id='block_1_2' title="bbox 313 762 2550 861">
    <p class='ocr_par' dir='ltr' id='par_1_2' title="bbox 313 762 2550 861">
     <span class='ocr_line' id='line_1_4' title="bbox 313 762 2550 861; baseline -0.006 -17"><span class='ocrx_word' id='word_1_16' title='bbox 313 770 774 844; x_wconf 84' lang='lat' dir='ltr'><strong>ecclesiastica</strong></span> <span class='ocrx_word' id='word_1_17' title='bbox 817 768 1234 839; x_wconf 84' lang='lat' dir='ltr'><strong>Antistitum</strong></span> <span class='ocrx_word' id='word_1_18' title='bbox 1272 767 1532 861; x_wconf 88' lang='lat' dir='ltr'><strong>partim</strong></span> <span class='ocrx_word' id='word_1_19' title='bbox 1575 762 1977 857; x_wconf 76' lang='lat' dir='ltr'><strong>BurgensiS,</strong></span> <span class='ocrx_word' id='word_1_20' title='bbox 2010 764 2271 856; x_wconf 85' lang='lat' dir='ltr'><strong>partim</strong></span> <span class='ocrx_word' id='word_1_21' title='bbox 2312 762 2441 833; x_wconf 85' lang='lat' dir='ltr'><strong>Ca·-</strong></span> <span class='ocrx_word' id='word_1_22' title='bbox 2540 836 2550 843; x_wconf 62' lang='grc'><strong>,</strong></span> 
     </span>
    </p>
   </div>
   <div class='ocr_carea' id='block_1_3' title="bbox 301 878 2480 4401">
    <p class='ocr_par' dir='ltr' id='par_1_3' title="bbox 315 878 2447 1559">
     <span class='ocr_line' id='line_1_5' title="bbox 317 878 2437 981; baseline -0.003 -23"><span class='ocrx_word' id='word_1_23' title='bbox 317 886 712 981; x_wconf 78' lang='lat' dir='ltr'><strong>laguritani,</strong></span> <span class='ocrx_word' id='word_1_24' title='bbox 751 886 1012 979; x_wconf 88' lang='lat' dir='ltr'><strong>partim</strong></span> <span class='ocrx_word' id='word_1_25' title='bbox 1083 882 1692 955; x_wconf 88' lang='lat' dir='ltr'><strong>Santanderiensis</strong></span> <span class='ocrx_word' id='word_1_26' title='bbox 1730 930 1751 963; x_wconf 92' lang='lat'><strong>‚</strong></span> <span class='ocrx_word' id='word_1_27' title='bbox 1811 879 2071 973; x_wconf 85' lang='lat' dir='ltr'><strong>partim</strong></span> <span class='ocrx_word' id='word_1_28' title='bbox 2134 878 2437 975; x_wconf 88' lang='lat' dir='ltr'><strong>denique</strong></span> 
     </span>
     <span class='ocr_line' id='line_1_6' title="bbox 321 998 2441 1102; baseline -0.003 -24"><span class='ocrx_word' id='word_1_29' title='bbox 321 1004 906 1102; x_wconf 81' lang='lat' dir='ltr'><strong>PampilonensiS,</strong></span> <span class='ocrx_word' id='word_1_30' title='bbox 939 1005 1060 1102; x_wconf 90' lang='lat' dir='ltr'><strong>qui</strong></span> <span class='ocrx_word' id='word_1_31' title='bbox 1099 1028 1139 1075; x_wconf 88' lang='lat' dir='ltr'><strong>a</strong></span> <span class='ocrx_word' id='word_1_32' title='bbox 1178 1002 1446 1075; x_wconf 86' lang='lat' dir='ltr'><strong>Dilecto</strong></span> <span class='ocrx_word' id='word_1_33' title='bbox 1485 1002 1813 1073; x_wconf 86' lang='lat' dir='ltr'><strong>similiter</strong></span> <span class='ocrx_word' id='word_1_34' title='bbox 1850 998 2025 1073; x_wconf 86' lang='lat' dir='ltr'><strong>Filio</strong></span> <span class='ocrx_word' id='word_1_35' title='bbox 2082 1000 2441 1095; x_wconf 77' lang='lat' dir='ltr'><strong>Apostoli-</strong></span> 
     </span>
     <span class='ocr_line' id='line_1_7' title="bbox 328 1118 2447 1219; baseline -0.004 -18"><span class='ocrx_word' id='word_1_36' title='bbox 328 1150 446 1201; x_wconf 85' lang='lat' dir='ltr'><strong>cae</strong></span> <span class='ocrx_word' id='word_1_37' title='bbox 481 1127 688 1199; x_wconf 88' lang='lat' dir='ltr'><strong>Sedis</strong></span> <span class='ocrx_word' id='word_1_38' title='bbox 723 1124 907 1219; x_wconf 89' lang='lat' dir='ltr'><strong>apud</strong></span> <span class='ocrx_word' id='word_1_39' title='bbox 962 1121 1240 1194; x_wconf 80' lang='lat' dir='ltr'><strong>effatam</strong></span> <span class='ocrx_word' id='word_1_40' title='bbox 1281 1120 1717 1194; x_wconf 84' lang='lat' dir='ltr'><strong>Catholicam</strong></span> <span class='ocrx_word' id='word_1_41' title='bbox 1751 1118 2094 1212; x_wconf 80' lang='lat' dir='ltr'><strong>Reginam</strong></span> <span class='ocrx_word' id='word_1_42' title='bbox 2143 1119 2289 1214; x_wconf 85' lang='lat' dir='ltr'><strong>jam</strong></span> <span class='ocrx_word' id='word_1_43' title='bbox 2327 1140 2447 1192; x_wconf 84' lang='lat' dir='ltr'><strong>ro-</strong></span> 
     </span>
     <span class='ocr_line' id='line_1_8' title="bbox 315 1236 2443 1339; baseline -0.002 -25"><span class='ocrx_word' id='word_1_44' title='bbox 315 1243 456 1339; x_wconf 82' lang='lat' dir='ltr'><strong>gati</strong></span> <span class='ocrx_word' id='word_1_45' title='bbox 508 1244 720 1337; x_wconf 86' lang='lat' dir='ltr'><strong>hujus</strong></span> <span class='ocrx_word' id='word_1_46' title='bbox 757 1242 854 1311; x_wconf 89' lang='lat' dir='ltr'><strong>rei</strong></span> <span class='ocrx_word' id='word_1_47' title='bbox 893 1242 1500 1335; x_wconf 71' lang='lat' dir='ltr'><strong>opportunitatem</strong></span> <span class='ocrx_word' id='word_1_48' title='bbox 1539 1250 1614 1309; x_wconf 86' lang='lat' dir='ltr'><strong>et</strong></span> <span class='ocrx_word' id='word_1_49' title='bbox 1640 1236 2051 1322; x_wconf 84' lang='lat' dir='ltr'><strong>utilitatem,</strong></span> <span class='ocrx_word' id='word_1_50' title='bbox 2084 1238 2185 1309; x_wconf 90' lang='lat' dir='ltr'><strong>uti</strong></span> <span class='ocrx_word' id='word_1_51' title='bbox 2240 1259 2443 1310; x_wconf 88' lang='lat' dir='ltr'><strong>acce-</strong></span> 
     </span>
     <span class='ocr_line' id='line_1_9' title="bbox 319 1355 2443 1457; baseline -0.003 -24"><span class='ocrx_word' id='word_1_52' title='bbox 319 1362 572 1457; x_wconf 88' lang='lat' dir='ltr'><strong>pimus,</strong></span> <span class='ocrx_word' id='word_1_53' title='bbox 615 1369 1202 1453; x_wconf 78' lang='lat' dir='ltr'><strong>recognoverunt,</strong></span> <span class='ocrx_word' id='word_1_54' title='bbox 1241 1356 1635 1451; x_wconf 82' lang='lat' dir='ltr'><strong>Apostolica</strong></span> <span class='ocrx_word' id='word_1_55' title='bbox 1690 1355 2113 1428; x_wconf 81' lang='lat' dir='ltr'><strong>aucto-ritate</strong></span> <span class='ocrx_word' id='word_1_56' title='bbox 2152 1368 2443 1450; x_wconf 79' lang='lat' dir='ltr'><strong>&#39;perpe-</strong></span> 
     </span>
     <span class='ocr_line' id='line_1_10' title="bbox 323 1473 2029 1559; baseline -0.004 -10"><span class='ocrx_word' id='word_1_57' title='bbox 323 1490 444 1552; x_wconf 89' lang='lat' dir='ltr'><strong>tuo</strong></span> <span class='ocrx_word' id='word_1_58' title='bbox 495 1478 906 1559; x_wconf 79' lang='lat' dir='ltr'><strong>eximimus,</strong></span> <span class='ocrx_word' id='word_1_59' title='bbox 959 1474 1444 1547; x_wconf 79' lang='lat' dir='ltr'><strong>subtrahimus</strong></span> <span class='ocrx_word' id='word_1_60' title='bbox 1497 1486 1574 1546; x_wconf 90' lang='lat' dir='ltr'><strong>et</strong></span> <span class='ocrx_word' id='word_1_61' title='bbox 1622 1473 2029 1545; x_wconf 75' lang='lat' dir='ltr'><strong>liberamus,</strong></span> 
     </span>
    </p>

    <p class='ocr_par' dir='ltr' id='par_1_4' title="bbox 305 1586 2445 3687">
     <span class='ocr_line' id='line_1_11' title="bbox 459 1586 2437 1685; baseline -0.003 -21"><span class='ocrx_word' id='word_1_62' title='bbox 459 1593 648 1666; x_wconf 90' lang='lat' dir='ltr'><strong>lllico</strong></span> <span class='ocrx_word' id='word_1_63' title='bbox 703 1614 870 1663; x_wconf 80' lang='lat' dir='ltr'><strong>vero</strong></span> <span class='ocrx_word' id='word_1_64' title='bbox 921 1591 1168 1664; x_wconf 86' lang='lat' dir='ltr'><strong>eadem</strong></span> <span class='ocrx_word' id='word_1_65' title='bbox 1207 1591 1723 1685; x_wconf 86' lang='lat' dir='ltr'><strong>praedictarum</strong></span> <span class='ocrx_word' id='word_1_66' title='bbox 1766 1586 1979 1661; x_wconf 87' lang='lat' dir='ltr'><strong>trium</strong></span> <span class='ocrx_word' id='word_1_67' title='bbox 2020 1587 2437 1661; x_wconf 80' lang='lat' dir='ltr'><strong>Provincia-</strong></span> 
     </span>
     <span class='ocr_line' id='line_1_12' title="bbox 313 1706 2437 1800; baseline -0.003 -19"><span class='ocrx_word' id='word_1_68' title='bbox 313 1732 466 1783; x_wconf 84' lang='lat' dir='ltr'><strong>rum</strong></span> <span class='ocrx_word' id='word_1_69' title='bbox 505 1708 887 1783; x_wconf 87' lang='lat' dir='ltr'><strong>Territoria</strong></span> <span class='ocrx_word' id='word_1_70' title='bbox 925 1730 1088 1781; x_wconf 90' lang='lat' dir='ltr'><strong>cum</strong></span> <span class='ocrx_word' id='word_1_71' title='bbox 1127 1706 1456 1781; x_wconf 85' lang='lat' dir='ltr'><strong>omnibus</strong></span> <span class='ocrx_word' id='word_1_72' title='bbox 1491 1718 1565 1778; x_wconf 88' lang='lat' dir='ltr'><strong>et</strong></span> <span class='ocrx_word' id='word_1_73' title='bbox 1601 1706 1893 1800; x_wconf 83' lang='lat' dir='ltr'><strong>singulis</strong></span> <span class='ocrx_word' id='word_1_74' title='bbox 1930 1706 2143 1779; x_wconf 88' lang='lat' dir='ltr'><strong>modo</strong></span> <span class='ocrx_word' id='word_1_75' title='bbox 2186 1726 2437 1778; x_wconf 88' lang='lat' dir='ltr'><strong>recen-</strong></span> 
     </span>
     <span class='ocr_line' id='line_1_13' title="bbox 311 1822 2429 1921; baseline -0.002 -20"><span class='ocrx_word' id='word_1_76' title='bbox 311 1829 490 1912; x_wconf 77' lang='lat' dir='ltr'><strong>sitis,</strong></span> <span class='ocrx_word' id='word_1_77' title='bbox 529 1826 818 1921; x_wconf 88' lang='lat' dir='ltr'><strong>aliisque</strong></span> <span class='ocrx_word' id='word_1_78' title='bbox 857 1823 1386 1897; x_wconf 81' lang='lat' dir='ltr'><strong>inhaerentibus</strong></span> <span class='ocrx_word' id='word_1_79' title='bbox 1439 1822 1845 1897; x_wconf 77' lang='lat' dir='ltr'><strong>accessoriis</strong></span> <span class='ocrx_word' id='word_1_80' title='bbox 1897 1822 2048 1895; x_wconf 86' lang='lat' dir='ltr'><strong>sive</strong></span> <span class='ocrx_word' id='word_1_81' title='bbox 2096 1822 2429 1909; x_wconf 78' lang='lat' dir='ltr'><strong>realibuS,</strong></span> 
     </span>
     <span class='ocr_line' id='line_1_14' title="bbox 311 1939 2433 2039; baseline -0.002 -22"><span class='ocrx_word' id='word_1_82' title='bbox 311 1946 460 2019; x_wconf 86' lang='lat' dir='ltr'><strong>sive</strong></span> <span class='ocrx_word' id='word_1_83' title='bbox 512 1942 1020 2039; x_wconf 74' lang='lat' dir='ltr'><strong>personalibuS,</strong></span> <span class='ocrx_word' id='word_1_84' title='bbox 1061 1942 1208 2014; x_wconf 75' lang='lat' dir='ltr'><strong>sive</strong></span> <span class='ocrx_word' id='word_1_85' title='bbox 1244 1941 1492 2012; x_wconf 79' lang='lat' dir='ltr'><strong>mixtis</strong></span> <span class='ocrx_word' id='word_1_86' title='bbox 1529 1939 1600 2011; x_wconf 93' lang='lat' dir='ltr'><strong>in</strong></span> <span class='ocrx_word' id='word_1_87' title='bbox 1637 1941 1996 2035; x_wconf 80' lang='lat' dir='ltr'><strong>propriam</strong></span> <span class='ocrx_word' id='word_1_88' title='bbox 2032 1951 2433 2036; x_wconf 81' lang='lat' dir='ltr'><strong>etsepara-</strong></span> 
     </span>
     <span class='ocr_line' id='line_1_15' title="bbox 314 2056 2427 2156; baseline -0.002 -21"><span class='ocrx_word' id='word_1_89' title='bbox 314 2075 459 2135; x_wconf 87' lang='lat' dir='ltr'><strong>tam</strong></span> <span class='ocrx_word' id='word_1_90' title='bbox 533 2083 702 2134; x_wconf 84' lang='lat' dir='ltr'><strong>mox</strong></span> <span class='ocrx_word' id='word_1_91' title='bbox 773 2061 1052 2134; x_wconf 87' lang='lat' dir='ltr'><strong>noviter</strong></span> <span class='ocrx_word' id='word_1_92' title='bbox 1122 2060 1490 2156; x_wconf 83' lang='lat' dir='ltr'><strong>erigendae</strong></span> <span class='ocrx_word' id='word_1_93' title='bbox 1559 2056 2005 2154; x_wconf 86' lang='lat' dir='ltr'><strong>Episcopalis</strong></span> <span class='ocrx_word' id='word_1_94' title='bbox 2072 2056 2427 2131; x_wconf 86' lang='lat' dir='ltr'><strong>Ecclesiae</strong></span> 
     </span>
     <span class='ocr_line' id='line_1_16' title="bbox 315 2176 2433 2277; baseline 0 -24"><span class='ocrx_word' id='word_1_95' title='bbox 315 2180 766 2255; x_wconf 79' lang='lat' dir='ltr'><strong>Victoriensis</strong></span> <span class='ocrx_word' id='word_1_96' title='bbox 803 2202 928 2253; x_wconf 80' lang='lat' dir='ltr'><strong>seu</strong></span> <span class='ocrx_word' id='word_1_97' title='bbox 963 2181 1050 2252; x_wconf 88' lang='lat' dir='ltr'><strong>de</strong></span> <span class='ocrx_word' id='word_1_98' title='bbox 1091 2178 1398 2252; x_wconf 82' lang='lat' dir='ltr'><strong>Victoria</strong></span> <span class='ocrx_word' id='word_1_99' title='bbox 1445 2177 1837 2252; x_wconf 87' lang='lat' dir='ltr'><strong>Dioecesim</strong></span> <span class='ocrx_word' id='word_1_100' title='bbox 1874 2178 2085 2253; x_wconf 87' lang='lat' dir='ltr'><strong>simili</strong></span> <span class='ocrx_word' id='word_1_101' title='bbox 2128 2176 2433 2277; x_wconf 78' lang='lat' dir='ltr'><strong>Aposto-</strong></span> 
     </span>
     <span class='ocr_line' id='line_1_17' title="bbox 307 2294 2437 2391; baseline -0.002 -20"><span class='ocrx_word' id='word_1_102' title='bbox 307 2298 434 2371; x_wconf 89' lang='lat' dir='ltr'><strong>lica</strong></span> <span class='ocrx_word' id='word_1_103' title='bbox 491 2298 911 2371; x_wconf 82' lang='lat' dir='ltr'><strong>auctoritate</strong></span> <span class='ocrx_word' id='word_1_104' title='bbox 965 2300 1182 2368; x_wconf 85' lang='lat' dir='ltr'><strong>etiam</strong></span> <span class='ocrx_word' id='word_1_105' title='bbox 1241 2311 1582 2390; x_wconf 88' lang='lat' dir='ltr'><strong>perpetuo</strong></span> <span class='ocrx_word' id='word_1_106' title='bbox 1641 2294 2151 2391; x_wconf 84' lang='lat' dir='ltr'><strong>p1·aefinimus;</strong></span> <span class='ocrx_word' id='word_1_107' title='bbox 2211 2320 2437 2371; x_wconf 86' lang='lat' dir='ltr'><strong>reser-</strong></span> 
     </span>
     <span class='ocr_line' id='line_1_18' title="bbox 312 2412 2432 2509; baseline 0 -22"><span class='ocrx_word' id='word_1_108' title='bbox 312 2416 538 2487; x_wconf 84' lang='lat' dir='ltr'><strong>vando</strong></span> <span class='ocrx_word' id='word_1_109' title='bbox 593 2426 832 2487; x_wconf 89' lang='lat' dir='ltr'><strong>tamen</strong></span> <span class='ocrx_word' id='word_1_110' title='bbox 917 2413 1118 2487; x_wconf 86' lang='lat' dir='ltr'><strong>nobis</strong></span> <span class='ocrx_word' id='word_1_111' title='bbox 1197 2412 1610 2509; x_wconf 77' lang='lat' dir='ltr'><strong>Nosti-isque</strong></span> <span class='ocrx_word' id='word_1_112' title='bbox 1688 2414 1759 2485; x_wconf 92' lang='lat' dir='ltr'><strong>in</strong></span> <span class='ocrx_word' id='word_1_113' title='bbox 1826 2412 2227 2509; x_wconf 85' lang='lat' dir='ltr'><strong>Apostolica</strong></span> <span class='ocrx_word' id='word_1_114' title='bbox 2288 2412 2432 2487; x_wconf 76' lang='lat' dir='ltr'><strong>Ca·-</strong></span> 
     </span>
     <span class='ocr_line' id='line_1_19' title="bbox 319 2524 2423 2606; baseline 0 -3"><span class='ocrx_word' id='word_1_115' title='bbox 319 2532 568 2605; x_wconf 83' lang='lat' dir='ltr'><strong>thedra</strong></span> <span class='ocrx_word' id='word_1_116' title='bbox 627 2524 1166 2605; x_wconf 78' lang='lat' dir='ltr'><strong>Successoribus</strong></span> <span class='ocrx_word' id='word_1_117' title='bbox 1219 2526 1512 2603; x_wconf 85' lang='lat' dir='ltr'><strong>liberam</strong></span> <span class='ocrx_word' id='word_1_118' title='bbox 1565 2529 1975 2604; x_wconf 85' lang='lat' dir='ltr'><strong>facultatem</strong></span> <span class='ocrx_word' id='word_1_119' title='bbox 2032 2530 2423 2606; x_wconf 88' lang='lat' dir='ltr'><strong>Dioecesim</strong></span> 
     </span>
     <span class='ocr_line' id='line_1_20' title="bbox 309 2648 2427 2748; baseline 0.001 -27"><span class='ocrx_word' id='word_1_120' title='bbox 309 2650 546 2744; x_wconf 76' lang='lat' dir='ltr'><strong>ipsam·</strong></span> <span class='ocrx_word' id='word_1_121' title='bbox 616 2649 1062 2745; x_wconf 86' lang='lat' dir='ltr'><strong>aliquatenus</strong></span> <span class='ocrx_word' id='word_1_122' title='bbox 1123 2648 1677 2723; x_wconf 86' lang='lat' dir='ltr'><strong>dismembrandi</strong></span> <span class='ocrx_word' id='word_1_123' title='bbox 1709 2701 1729 2735; x_wconf 92' lang='lat'><strong>,</strong></span> <span class='ocrx_word' id='word_1_124' title='bbox 1800 2650 2217 2748; x_wconf 88' lang='lat' dir='ltr'><strong>noviterque</strong></span> <span class='ocrx_word' id='word_1_125' title='bbox 2288 2654 2427 2725; x_wconf 89' lang='lat' dir='ltr'><strong>cir-</strong></span> 
     </span>
     <span class='ocr_line' id='line_1_21' title="bbox 310 2767 2435 2865; baseline -0 -22"><span class='ocrx_word' id='word_1_126' title='bbox 310 2767 852 2853; x_wconf 87' lang='lat' dir='ltr'><strong>cumscribendi,</strong></span> <span class='ocrx_word' id='word_1_127' title='bbox 909 2770 968 2841; x_wconf 90' lang='lat' dir='ltr'><strong>si</strong></span> <span class='ocrx_word' id='word_1_128' title='bbox 1023 2781 1098 2841; x_wconf 88' lang='lat' dir='ltr'><strong>et</strong></span> <span class='ocrx_word' id='word_1_129' title='bbox 1151 2768 1430 2865; x_wconf 86' lang='lat' dir='ltr'><strong>quando</strong></span> <span class='ocrx_word' id='word_1_130' title='bbox 1478 2778 1769 2863; x_wconf 85' lang='lat' dir='ltr'><strong>propter</strong></span> <span class='ocrx_word' id='word_1_131' title='bbox 1822 2792 2065 2843; x_wconf 87' lang='lat' dir='ltr'><strong>eorum</strong></span> <span class='ocrx_word' id='word_1_132' title='bbox 2119 2772 2435 2845; x_wconf 87' lang='lat' dir='ltr'><strong>locorum</strong></span> 
     </span>
     <span class='ocr_line' id='line_1_22' title="bbox 311 2886 2443 2982; baseline 0.001 -25"><span class='ocrx_word' id='word_1_133' title='bbox 311 2888 383 2957; x_wconf 91' lang='lat' dir='ltr'><strong>in</strong></span> <span class='ocrx_word' id='word_1_134' title='bbox 424 2886 678 2959; x_wconf 89' lang='lat' dir='ltr'><strong>melius</strong></span> <span class='ocrx_word' id='word_1_135' title='bbox 713 2886 1309 2982; x_wconf 88' lang='lat' dir='ltr'><strong>disponendorum</strong></span> <span class='ocrx_word' id='word_1_136' title='bbox 1349 2888 1919 2958; x_wconf 86' lang='lat' dir='ltr'><strong>circumstantias</strong></span> <span class='ocrx_word' id='word_1_137' title='bbox 1959 2886 2189 2960; x_wconf 87' lang='lat' dir='ltr'><strong>visum</strong></span> <span class='ocrx_word' id='word_1_138' title='bbox 2230 2886 2443 2959; x_wconf 89' lang='lat' dir='ltr'><strong>fuerit</strong></span> 
     </span>
     <span class='ocr_line' id='line_1_23' title="bbox 309 3002 2445 3098; baseline -0.001 -21"><span class='ocrx_word' id='word_1_139' title='bbox 309 3005 384 3077; x_wconf 92' lang='lat' dir='ltr'><strong>in</strong></span> <span class='ocrx_word' id='word_1_140' title='bbox 423 3002 730 3077; x_wconf 86' lang='lat' dir='ltr'><strong>Domino</strong></span> <span class='ocrx_word' id='word_1_141' title='bbox 767 3004 1129 3098; x_wconf 79' lang='lat' dir='ltr'><strong>expedire3</strong></span> <span class='ocrx_word' id='word_1_142' title='bbox 1165 3003 1396 3097; x_wconf 88' lang='lat' dir='ltr'><strong>aliqua</strong></span> <span class='ocrx_word' id='word_1_143' title='bbox 1435 3003 1729 3075; x_wconf 88' lang='lat' dir='ltr'><strong>minime</strong></span> <span class='ocrx_word' id='word_1_144' title='bbox 1773 3004 2265 3096; x_wconf 80' lang='lat' dir='ltr'><strong>praetermissa</strong></span> <span class='ocrx_word' id='word_1_145' title='bbox 2312 3016 2445 3075; x_wconf 76' lang='lat' dir='ltr'><strong>ter·</strong></span> 
     </span>
     <span class='ocr_line' id='line_1_24' title="bbox 309 3117 2437 3216; baseline -0 -22"><span class='ocrx_word' id='word_1_146' title='bbox 309 3122 604 3196; x_wconf 83' lang='lat' dir='ltr'><strong>ritoriali</strong></span> <span class='ocrx_word' id='word_1_147' title='bbox 633 3122 1233 3216; x_wconf 86' lang='lat' dir='ltr'><strong>compensatione,</strong></span> <span class='ocrx_word' id='word_1_148' title='bbox 1265 3142 1444 3215; x_wconf 85' lang='lat' dir='ltr'><strong>quae</strong></span> <span class='ocrx_word' id='word_1_149' title='bbox 1471 3117 2437 3216; x_wconf 82' lang='lat' dir='ltr'><strong>CalaguritanoEpiscopatui</strong></span> 
     </span>
     <span class='ocr_line' id='line_1_25' title="bbox 309 3238 2444 3335; baseline -0.004 -20"><span class='ocrx_word' id='word_1_150' title='bbox 309 3240 408 3315; x_wconf 89' lang='lat' dir='ltr'><strong>ob</strong></span> <span class='ocrx_word' id='word_1_151' title='bbox 461 3240 922 3335; x_wconf 87' lang='lat' dir='ltr'><strong>plurimarum</strong></span> <span class='ocrx_word' id='word_1_152' title='bbox 977 3262 1206 3313; x_wconf 85' lang='lat' dir='ltr'><strong>novae</strong></span> <span class='ocrx_word' id='word_1_153' title='bbox 1263 3238 1682 3313; x_wconf 86' lang='lat' dir='ltr'><strong>Victoriensi</strong></span> <span class='ocrx_word' id='word_1_154' title='bbox 1720 3238 2075 3311; x_wconf 88' lang='lat' dir='ltr'><strong>Ecclesiae</strong></span> <span class='ocrx_word' id='word_1_155' title='bbox 2113 3240 2444 3312; x_wconf 79' lang='lat' dir='ltr'><strong>unienda-</strong></span> 
     </span>
     <span class='ocr_line' id='line_1_26' title="bbox 305 3340 2441 3453; baseline 0 -24"><span class='ocrx_word' id='word_1_156' title='bbox 305 3380 472 3432; x_wconf 87' lang='lat' dir='ltr'><strong>rum</strong></span> <span class='ocrx_word' id='word_1_157' title='bbox 527 3356 1016 3431; x_wconf 86' lang='lat' dir='ltr'><strong>Paroeciarum</strong></span> <span class='ocrx_word' id='word_1_158' title='bbox 1081 3340 1530 3430; x_wconf 86' lang='lat' dir='ltr'><strong>amissionem</strong></span> <span class='ocrx_word' id='word_1_159' title='bbox 1589 3358 1931 3451; x_wconf 87' lang='lat' dir='ltr'><strong>praestari</strong></span> <span class='ocrx_word' id='word_1_160' title='bbox 1996 3380 2205 3453; x_wconf 86' lang='lat' dir='ltr'><strong>posse</strong></span> <span class='ocrx_word' id='word_1_161' title='bbox 2266 3380 2441 3431; x_wconf 87' lang='lat' dir='ltr'><strong>cen-</strong></span> 
     </span>
     <span class='ocr_line' id='line_1_27' title="bbox 309 3474 2439 3572; baseline -0.001 -22"><span class='ocrx_word' id='word_1_162' title='bbox 309 3476 610 3557; x_wconf 88' lang='lat' dir='ltr'><strong>sebitur‚</strong></span> <span class='ocrx_word' id='word_1_163' title='bbox 644 3476 922 3571; x_wconf 87' lang='lat' dir='ltr'><strong>quando</strong></span> <span class='ocrx_word' id='word_1_164' title='bbox 961 3476 1094 3547; x_wconf 85' lang='lat' dir='ltr'><strong>alia</strong></span> <span class='ocrx_word' id='word_1_165' title='bbox 1131 3498 1414 3571; x_wconf 87' lang='lat' dir='ltr'><strong>quoque</strong></span> <span class='ocrx_word' id='word_1_166' title='bbox 1445 3474 1889 3549; x_wconf 88' lang='lat' dir='ltr'><strong>Dioecesium</strong></span> <span class='ocrx_word' id='word_1_167' title='bbox 1943 3474 2439 3572; x_wconf 83' lang='lat' dir='ltr'><strong>Hispaniarum</strong></span> 
     </span>
     <span class='ocr_line' id='line_1_28' title="bbox 309 3590 2309 3687; baseline -0.001 -22"><span class='ocrx_word' id='word_1_168' title='bbox 309 3594 912 3668; x_wconf 83' lang='lat' dir='ltr'><strong>accommodatior</strong></span> <span class='ocrx_word' id='word_1_169' title='bbox 963 3593 1519 3687; x_wconf 76' lang='lat' dir='ltr'><strong>circumscriptio</strong></span> <span class='ocrx_word' id='word_1_170' title='bbox 1573 3590 1787 3666; x_wconf 85' lang='lat' dir='ltr'><strong>fuerit</strong></span> <span class='ocrx_word' id='word_1_171' title='bbox 1840 3592 2309 3687; x_wconf 88' lang='lat' dir='ltr'><strong>adimplenda.</strong></span> 
     </span>
    </p>

    <p class='ocr_par' dir='ltr' id='par_1_5' title="bbox 301 3706 2480 4401">
     <span class='ocr_line' id='line_1_29' title="bbox 471 3706 2449 3805; baseline 0.001 -24"><span class='ocrx_word' id='word_1_172' title='bbox 471 3706 1052 3805; x_wconf 87' lang='lat' dir='ltr'><strong>Quandoquidem</strong></span> <span class='ocrx_word' id='word_1_173' title='bbox 1083 3710 1382 3782; x_wconf 87' lang='lat' dir='ltr'><strong>civicum</strong></span> <span class='ocrx_word' id='word_1_174' title='bbox 1413 3709 1576 3783; x_wconf 91' lang='lat' dir='ltr'><strong>illud</strong></span> <span class='ocrx_word' id='word_1_175' title='bbox 1609 3710 1945 3805; x_wconf 87' lang='lat' dir='ltr'><strong>oppidum</strong></span> <span class='ocrx_word' id='word_1_176' title='bbox 1982 3708 2289 3783; x_wconf 79' lang='lat' dir='ltr'><strong>Victoria</strong></span> <span class='ocrx_word' id='word_1_177' title='bbox 2312 3732 2449 3785; x_wconf 80' lang='lat' dir='ltr'><strong>seu</strong></span> 
     </span>
     <span class='ocr_line' id='line_1_30' title="bbox 313 3824 2441 3921; baseline 0 -24"><span class='ocrx_word' id='word_1_178' title='bbox 313 3824 754 3901; x_wconf 85' lang='lat' dir='ltr'><strong>Victoriense</strong></span> <span class='ocrx_word' id='word_1_179' title='bbox 807 3840 1316 3921; x_wconf 88' lang='lat' dir='ltr'><strong>nuncupatum,</strong></span> <span class='ocrx_word' id='word_1_180' title='bbox 1373 3828 1561 3921; x_wconf 85' lang='lat' dir='ltr'><strong>quod</strong></span> <span class='ocrx_word' id='word_1_181' title='bbox 1597 3826 2067 3921; x_wconf 86' lang='lat' dir='ltr'><strong>peculiaribus</strong></span> <span class='ocrx_word' id='word_1_182' title='bbox 2106 3826 2329 3899; x_wconf 86' lang='lat' dir='ltr'><strong>titulis</strong></span> <span class='ocrx_word' id='word_1_183' title='bbox 2366 3836 2441 3898; x_wconf 89' lang='lat' dir='ltr'><strong>et</strong></span> 
     </span>
     <span class='ocr_line' id='line_1_31' title="bbox 307 3944 2447 4042; baseline -0.001 -25"><span class='ocrx_word' id='word_1_184' title='bbox 307 3946 849 4042; x_wconf 79' lang='lat' dir='ltr'><strong>praerogativis,</strong></span> <span class='ocrx_word' id='word_1_185' title='bbox 888 3968 1020 4019; x_wconf 85' lang='lat' dir='ltr'><strong>nec</strong></span> <span class='ocrx_word' id='word_1_186' title='bbox 1055 3968 1195 4019; x_wconf 90' lang='lat' dir='ltr'><strong>non</strong></span> <span class='ocrx_word' id='word_1_187' title='bbox 1233 3945 1861 4039; x_wconf 86' lang='lat' dir='ltr'><strong>opportunioribus</strong></span> <span class='ocrx_word' id='word_1_188' title='bbox 1899 3944 2289 4018; x_wconf 88' lang='lat' dir='ltr'><strong>commodis</strong></span> <span class='ocrx_word' id='word_1_189' title='bbox 2326 3956 2447 4016; x_wconf 74' lang='lat' dir='ltr'><strong>at·-</strong></span> 
     </span>
     <span class='ocr_line' id='line_1_32' title="bbox 301 4062 2480 4160; baseline -0.001 -23"><span class='ocrx_word' id='word_1_190' title='bbox 301 4088 450 4159; x_wconf 86' lang='lat' dir='ltr'><strong>que</strong></span> <span class='ocrx_word' id='word_1_191' title='bbox 481 4064 946 4150; x_wconf 77' lang='lat' dir='ltr'><strong>adminiculis,</strong></span> <span class='ocrx_word' id='word_1_192' title='bbox 987 4086 1198 4160; x_wconf 83' lang='lat' dir='ltr'><strong>quam</strong></span> <span class='ocrx_word' id='word_1_193' title='bbox 1257 4062 1500 4137; x_wconf 88' lang='lat' dir='ltr'><strong>idonee</strong></span> <span class='ocrx_word' id='word_1_194' title='bbox 1540 4065 1722 4137; x_wconf 89' lang='lat' dir='ltr'><strong>inter</strong></span> <span class='ocrx_word' id='word_1_195' title='bbox 1757 4077 1988 4137; x_wconf 85' lang='lat' dir='ltr'><strong>cetera</strong></span> <span class='ocrx_word' id='word_1_196' title='bbox 2028 4063 2153 4135; x_wconf 87' lang='lat' dir='ltr'><strong>illa·</strong></span> <span class='ocrx_word' id='word_1_197' title='bbox 2178 4063 2480 4159; x_wconf 67' lang='lat' dir='ltr'><strong>oppida,</strong></span> 
     </span>
     <span class='ocr_line' id='line_1_33' title="bbox 308 4184 2441 4282; baseline -0.002 -21"><span class='ocrx_word' id='word_1_198' title='bbox 308 4188 632 4261; x_wconf 87' lang='lat' dir='ltr'><strong>eminere</strong></span> <span class='ocrx_word' id='word_1_199' title='bbox 679 4187 1112 4282; x_wconf 88' lang='lat' dir='ltr'><strong>perhibetur,</strong></span> <span class='ocrx_word' id='word_1_200' title='bbox 1172 4188 1240 4257; x_wconf 87' lang='lat' dir='ltr'><strong>in</strong></span> <span class='ocrx_word' id='word_1_201' title='bbox 1295 4186 1658 4259; x_wconf 87' lang='lat' dir='ltr'><strong>civitatem</strong></span> <span class='ocrx_word' id='word_1_202' title='bbox 1702 4185 2233 4282; x_wconf 81' lang='lat' dir='ltr'><strong>Episcopalcm,</strong></span> <span class='ocrx_word' id='word_1_203' title='bbox 2264 4184 2441 4259; x_wconf 86' lang='lat' dir='ltr'><strong>frui·-</strong></span> 
     </span>
     <span class='ocr_line' id='line_1_34' title="bbox 309 4304 2441 4401; baseline -0.001 -24"><span class='ocrx_word' id='word_1_204' title='bbox 309 4319 558 4379; x_wconf 80' lang='lat' dir='ltr'><strong>turam</strong></span> <span class='ocrx_word' id='word_1_205' title='bbox 611 4308 940 4399; x_wconf 86' lang='lat' dir='ltr'><strong>deinceps</strong></span> <span class='ocrx_word' id='word_1_206' title='bbox 995 4305 1322 4379; x_wconf 88' lang='lat' dir='ltr'><strong>omnibus</strong></span> <span class='ocrx_word' id='word_1_207' title='bbox 1378 4318 1450 4377; x_wconf 86' lang='lat' dir='ltr'><strong>ct</strong></span> <span class='ocrx_word' id='word_1_208' title='bbox 1485 4306 1777 4401; x_wconf 76' lang='lat' dir='ltr'><strong>singulis</strong></span> <span class='ocrx_word' id='word_1_209' title='bbox 1814 4304 2195 4382; x_wconf 82' lang='lat' dir='ltr'><strong>honoribus</strong></span> <span class='ocrx_word' id='word_1_210' title='bbox 2232 4325 2441 4399; x_wconf 83' lang='lat' dir='ltr'><strong>prae·-</strong></span> 
     </span>
    </p>
   </div>
  </div>
 </body>
</html>
