3317 5267
2331 421 2493 510 585.

342 541 795 618 contentione
862 539 933 616 id
994 559 1217 614 unum
1274 561 1445 638 prae
1496 537 1718 616 oculis
1771 537 2107 630 babeant,
2165 541 2470 620 catholi-

341 683 465 736 cae
518 661 855 734 nimirum
906 658 1267 734 doctrinae
1314 660 1727 757 puritatem,
1799 661 2016 736 divini
2069 660 2306 748 cultus
2357 659 2474 735 ni·-

338 787 597 865 torem‚
652 799 1073 875 morumque
1122 777 1575 853 honestatem
1628 799 1812 873 quae
1863 779 2102 854 omnia
2157 789 2310 854 tum
2385 780 2474 857 ad

337 894 721 970 christiani.
752 894 1060 968 nominis
1112 893 1633 968 incrementum
1685 895 2168 991 maximopere
2195 891 2292 972 in·
2334 896 2474 972 illis

341 1011 703 1086 Amen-icae
754 1009 1179 1108 regionibus,
1254 1022 1411 1085 tum
1463 1011 1551 1086 ad
1604 1010 1826 1108 ipsius
1877 1011 2342 1108 reipublicae
2381 1014 2474 1091 de

334 1125 721 1225 Nicer-agua
757 1128 1305 1227 prosperitatem
1334 1127 2062 1284 tranquillitatemque
2089 1131 2474 1268 curandam

291 1346 302 1350 -
337 1243 732 1319 conferent.
2347 1263 2355 1281 ’

330 1375 335 1380 ·
492 1341 969 1440 Decernentes
1022 1364 1309 1440 easdem
1334 1377 1702 1461 presentes
1740 1361 2046 1440 Litteras
2081 1363 2272 1442 nullo
2307 1367 2474 1440 um·-

332 1502 547 1577 quam
602 1491 922 1578 tempore
972 1481 1061 1556 de
1116 1480 1593 1577 subreptionis
1667 1490 1745 1556 et
1808 1479 2320 1577 obreptionis,
2315 1489 2472 1555 aaut

284 1603 287 1606 ’
331 1597 675 1672 nullitatis
728 1598 905 1673 vitio
958 1597 1071 1674 vel
1124 1598 1539 1672 intentionis
1586 1595 1932 1684 Nostrae‚·
1957 1609 2082 1671 aut
2117 1596 2252 1672 alio
2289 1618 2472 1698 quo-

332 1737 639 1813 eumque
689 1715 1023 1813 quamvis
1087 1727 1347 1812 magno
1424 1728 1547 1792 aut
1624 1716 2108 1813 inexcogitato
2185 1701 2470 1791 defectu

333 1833 565 1908 notari
620 1844 747 1908 aut
776 1833 1176 1930 impugnari
1200 1855 1437 1932 posse,
1490 1833 1617 1907 sed
1668 1853 1952 1931 semper
1995 1832 2236 1908 firmas
2288 1831 2468 1906 vuli-

324 1945 453 2026 das
503 1961 581 2024 et
628 1949 945 2026 efficaces
988 1951 1305 2026 ‘existere
1352 1960 1430 2024 et
1487 1947 1637 2024 sore
1692 2001 1717 2037 ‚
1777 1971 2082 2046 suosque
2117 1948 2468 2046 plenarios

327 2081 405 2141 et
454 2067 771 2165 integros
820 2066 1115 2144 effectus
1168 2067 1406 2144 sortiri
1459 2079 1537 2146 et
1588 2067 1916 2154 obtinere
1965 2079 2044 2142 et
2091 2064 2468 2142 inviolabi-

322 2185 487 2260 liter
534 2185 893 2262 observari
927 2185 1193 2262 debere
1240 2207 1615 2299 quousque
1671 2186 2120 2262 conditiones
2147 2199 2222 2259 et
2257 2195 2464 2348 pacta

252 2301 257 2309 '
322 2304 397 2378 in
432 2301 917 2380 Conventione
968 2317 1306 2402 expressa
1358 2315 1761 2383 serventur.
2232 2347 2242 2352 -
2341 2341 2378 2352 ··
2441 2340 2449 2349 ·

258 2418 271 2431 '
476 2423 631 2524 Non
684 2423 1135 2499 obstantibus
1194 2423 1617 2520 Apostolicis
1695 2425 1916 2502 etiam
1965 2425 2038 2496 in
2095 2420 2464 2522 synodali-

290 2540 478 2647 bus,
534 2552 611 2614 et
662 2539 1175 2614 universalibus
1228 2536 1556 2614 Conciliis
1610 2539 1824 2617 editis
1871 2539 2292 2636 specialibus
2345 2538 2456 2612 vel

282 2741 287 2746 ,
321 2655 796 2757 generalibus
788 2659 1435 2736 constitutionibus
1488 2671 1563 2733 et
1616 2659 2172 2739 ordinationibus
2199 2683 2284 2736 uc
2309 2659 2457 2739 No·-

314 2777 487 2852 'stris
538 2783 633 2850 et
646 2775 1129 2852 (lancelini-iae
1200 2773 1646 2873 Apostolicae
1695 2775 1984 2874 regulis,
2037 2777 2458 2906 praesertim

318 2895 409 2971 de
459 2896 610 2971 iure
661 2896 985 2993 quaesito
1020 2919 1162 2970 non
1192 2885 1528 2982 tollendo,
1566 2918 1700 2970 nec
1751 2913 1896 2972 non
1948 2889 2458 2994 quarumcum—

316 3035 457 3112 que
508 3013 991 3122 ecclesiarum,
1060 3013 1587 3118 capitulorum,
1632 3011 2106 3110 aliorumque
2176 3016 2456 3112 piorum

312 3129 628 3206 locorum
679 3113 1207 3244 fundationibus
1258 3129 1475 3226 etiam
1530 3128 2110 3205 confirmatione
2144 3127 2453 3230 Aposto-

314 3247 479 3335 lica,
534 3247 647 3322 vel
698 3248 999 3360 quevis
1008 3218 1347 3321 firmitate
1386 3243 1534 3334 alia
1589 3245 1944 3334 roboratis
1982 3299 2003 3336 ,
2031 3247 2452 3346 privilegiis

316 3388 600 3463 quoque
652 3351 973 3440 indultis
992 3376 1071 3438 et
1118 3353 1375 3440 litteris
1408 3361 1842 3460 Apostolicis
1893 3364 1964 3439 in
2019 3366 2454 3440 contrarium

312 3481 843 3580 quomodolibet
900 3483 1253 3558 concessis
1304 3507 1389 3558 co
1406 3481 1752 3556 nfirmstis
1803 3494 1882 3559 et
1915 3483 2271 3560 innovatis
2343 3508 2452 3562 ce·

314 3599 636 3696 terisque·
678 3585 1054 3674 contrariis
1102 3598 1692 3708 quibuscumque.
1774 3595 2046 3688 Quibus
2120 3600 2449 3678 omnibus

308 3729 387 3792 et
436 3718 729 3814 singulis
781 3718 1059 3794 illorum
1114 3729 1395 3794 tenores
1448 3743 1577 3816 pro
1630 3718 1983 3814 expressis
2036 3731 2112 3794 et
2163 3720 2249 3795 ad
2291 3745 2450 3796 ver-

308 3833 487 3909 bum
541 3836 827 3910 insertis
882 3833 1254 3925 habentes,
1312 3837 1566 3912 ceteris
1620 3836 1694 3909 in
1757 3859 1892 3911 suo
1955 3836 2206 3912 robore
2278 3861 2448 3937 per-

308 3955 693 4041 mansuris,
769 3955 856 4028 ad
910 3955 1461 4051 praemissorum
1492 3953 1828 4029 effectum
1858 3954 2234 4032 dumtaxat
2282 3979 2450 4054 spe-

310 4070 583 4146 cialiter
634 4081 711 4146 ct
762 4093 1097 4170 expresse
1158 4072 1605 4170 derogamus.

465 4185 867 4284 Apostolira
956 4213 1237 4288 quoque
1324 4195 1746 4268 auctoritate
1835 4175 2304 4282 deceruimus}²
2359 4202 2444 4267 ut
