3317 5267
873 456 970 639 121t²
979 455 1236 663 6palam
1273 564 1817 649 declat-aremus„
1860 572 2239 659 usurpatas
2278 560 2691 639 Pontificiae
2738 560 3043 641 Nostrae

868 685 1154 759 ditionis
1207 682 1612 763 Provincias
1667 686 1737 756 in
1794 680 2091 757 liberam
2152 693 2657 779 usurpatorum
2710 684 3043 780 proprie——

875 810 1096 874 tatem
1147 802 1420 876 cedere.
1463 800 1618 891 Qua
1672 820 1843 873 sane
1899 798 2141 873 audaci
2196 808 2273 872 et
2320 796 2662 873 hactenus
2717 800 3059 883 inaudita.

867 920 1340 1018 postulatione
1393 928 1845 1016 quaererent,
1902 929 1985 991 ut
2034 917 2126 990 ab
2178 915 2313 990 hac
2366 918 2771 1015 Apostolica
2822 916 3037 1005 Sede,

867 1061 1048 1137 quae
1073 1060 1358 1134 semper
1379 1035 1518 1111 fuit
1543 1048 1618 1111 et
1643 1037 1785 1111 erit
1806 1035 2133 1109 veritatis
2161 1034 2612 1133 iustitiaeque
2638 1058 3045 1133 propugna-

865 1156 1128 1242 culum,
1181 1156 1598 1240 saneiretur,
1639 1176 1792 1227 rem
1834 1152 2095 1225 iniuste
2158 1151 2643 1249 violenterque
2678 1154 3039 1251 direptam

859 1295 1066 1369 posse
1102 1272 1478 1370 tranquille
1509 1272 1953 1367 honesteque
1981 1266 2323 1365 possideri
2352 1268 2443 1341 ab
2470 1268 2715 1367 iniquo
2741 1293 3043 1367 aggres-

859 1412 1044 1477 sore3
1099 1398 1320 1487 utque
1357 1389 1458 1460 ita
1497 1386 1759 1461 falsum
1796 1386 2353 1461 constitueretur
2385 1386 2837 1483 principium,
2884 1386 3041 1461 for-

859 1519 1182 1581 tunatam
1235 1526 1496 1600 nempe
1547 1502 1714 1579 faeti
1770 1502 2191 1577 iniustitiam
2243 1501 2515 1577 nullum
2553 1502 2725 1577 iuris
2764 1505 3043 1578 saneti-

857 1624 987 1697 tati
1015 1622 1526 1697 detrimentum
1555 1619 1833 1695 afferre.
1874 1617 2071 1711 Quae
2106 1619 2493 1715 pastinatio
2532 1620 2621 1693 iis
2654 1622 2876 1696 etiam
2916 1644 3041 1695 re-

856 1751 1130 1840 pugnat
1177 1739 1612 1816 solemnibus
1666 1735 1927 1825 verbis,
1958 1737 2215 1834 quibus
2253 1738 2329 1811 in
2364 1760 2626 1835 magno
2662 1752 2738 1812 et
2776 1738 3037 1814 illustri

851 1858 1118 1932 Senatu
1169 1856 1592 1953 nuperrimis
1643 1854 1839 1929 hisce
1891 1854 2143 1929 diebus
2196 1854 2635 1929 declaratum
2689 1868 2829 1945 est,
2888 1854 3037 1929 Ro·-

853 2000 1151 2051 manum
1187 1972 1606 2072 Pontificem
1658 1996 1809 2046 esse
1852 1970 2565 2071 Repraesentatur-em
2590 1974 3033 2073 praecipuae

849 2098 954 2171 vis
1007 2093 1304 2171 moralis
1356 2095 1435 2167 in
1491 2094 1817 2167 humna
1846 2092 2197 2166 societate.
2250 2090 2361 2165 Ex
2398 2118 2542 2191 quo
2578 2094 2749 2169 illud
2784 2118 3031 2170 conse-

847 2216 1088 2311 quitur
1117 2264 1138 2301 ,
1193 2234 1364 2288 eum
1414 2210 1608 2286 nullo
1662 2210 1875 2285 modo
1928 2232 2138 2306 posse
2192 2210 2595 2285 vandalicae
2648 2212 3031 2308 spolationi

843 2332 1270 2419 consentire,
1325 2330 1500 2427 quin
1534 2327 2079 2403 fundamentum
2122 2326 2339 2401 violet
2370 2326 2557 2403 illius
2592 2328 2883 2404 moralis
2918 2329 3030 2404 di-

846 2448 1206 2544 sciplinae,
1259 2447 1458 2520 cuius
1511 2445 1665 2541 ipse
1716 2442 1938 2517 veluti
1992 2442 2223 2538 prima
2275 2440 2501 2517 sonna
2536 2456 2611 2519 et
2644 2446 2883 2545 imago
2916 2447 3035 2522 di·-

843 2562 1228 2662 gnoscitur.

995 2678 1145 2753 lam
1207 2701 1376 2755 vero
1428 2680 1857 2779 quicumque
1913 2677 2027 2751 vel
2078 2700 2313 2753 errore
2364 2680 2705 2775 deceptus
2756 2681 2873 2755 vel
2926 2684 3027 2755 ti-

841 2820 1044 2871 more
1089 2796 1454 2894 perculsus
1505 2796 1841 2893 praehere
1878 2794 2055 2869 velit
2088 2794 2376 2870 consilia
2414 2796 2695 2871 iniustis
2736 2810 3025 2895 pertur—

841 2914 1170 2990 batorum
1221 2914 1445 2989 civilis
1497 2914 1856 2990 societatis
1910 2914 2096 2987 votis
2144 2924 2619 2989 consentanea
2652 2969 2672 3004 ,
2730 2938 3022 2992 neeesse

841 3042 960 3107 est
991 3043 1078 3108 ut
1109 3032 1304 3109 hisce
1354 3034 1809 3131 potissimum
1862 3032 2303 3129 temporibus
2356 3031 2489 3107 sibi
2526 3034 2827 3109 omnino
2850 3060 3023 3133 per-

837 3154 1156 3239 suadeat,
1211 3152 1368 3227 illos
1420 3174 1783 3250 nunquam
1836 3162 2213 3229 contentos
2265 3150 2415 3228 fore
2446 3203 2467 3238 ,
2524 3153 2661 3227 nisi
2712 3153 3023 3229 viderint

837 3292 1050 3345 omne
1082 3270 1528 3345 auctoritatis
1566 3269 2027 3365 principium,
2066 3290 2279 3344 omne
2315 3270 2671 3369 religionis
2704 3271 3015 3361 frenum,

833 3408 1263 3486 omnemque
1315 3387 1488 3461 iuris
1539 3387 1997 3484 iustitiaeque
2052 3386 2373 3484 regulam
2422 3390 2515 3464 de
2564 3391 2803 3466 medio
2836 3392 3013 3468 tolli.

833 3501 1068 3601 Atque
1103 3506 1514 3580 huiusmodi
1547 3505 2011 3583 subversores
2050 3506 2123 3579 in
2162 3506 2390 3582 civilis
2426 3508 2791 3585 societatis
2826 3510 3021 3584 cala-

829 3623 1159 3697 mitatem
1213 3623 1384 3697 illud
1435 3624 1578 3697 iam
1631 3635 1787 3697 tum
1846 3646 2023 3700 voce
2072 3635 2231 3699 tum
2298 3626 2585 3723 scriptis
2648 3630 3017 3725 assequuti

827 3755 1026 3831 sunt,
1077 3754 1163 3817 ut
1215 3742 1568 3817 humanas
1603 3754 1891 3819 mentes
1926 3744 2434 3840 perverterint,
2471 3746 2815 3822 moralem
2850 3770 3017 3822 sen-

829 3882 992 3935 sum
1033 3858 1586 3944 debilitaverint,
1643 3869 1719 3933 et
1760 3858 2153 3935 iniustitiae
2189 3860 2555 3937 horrorem
2592 3864 3011 3961 eripuerint3

825 3990 1042 4075 atque
1092 3978 1330 4055 ornnia
1381 3990 1733 4054 conantur
1780 3988 1865 4051 ut
1915 3980 2195 4053 cunctis
2230 3982 2739 4078 persuadeant,
2774 3984 2889 4057 ius
2924 3982 3015 4055 ab

825 4096 1144 4171 honestis
1195 4094 1528 4194 gentibus
1581 4096 1991 4171 invocatum
2030 4098 2205 4172 nihil
2244 4098 2435 4173 aliud
2486 4122 2669 4189 esse,
2708 4101 2849 4175 nisi
2898 4101 3012 4175 in·-

817 4216 1080 4290 iustam
1157 4217 1600 4294 voluntatem
1676 4237 1859 4311 quae
1922 4216 2185 4294 debeat
2250 4221 2541 4297 omnino
2610 4222 3000 4299 contemni.
