3317 5267
857 439 1000 510 518

852 558 1146 632 domum
1197 576 1526 628 reversus
1563 555 1741 626 mire
1784 554 2008 626 auxit.
2054 552 2495 626 Acerrimum
2532 558 2813 654 corpori
2850 583 2983 634 suo

848 673 1114 748 bellum
1165 673 1500 760 indicere,
1553 693 1823 749 asseres
1880 693 2006 767 pro
2058 670 2399 766 stragulo,
2438 694 2611 746 saxa
2650 699 2781 771 pro
2808 677 2975 772 pul-

843 791 1068 864 vinari
1131 788 1416 875 hahere,
1481 789 1797 886 flagellis,
1860 788 2127 874 ciliciis,
2198 787 2625 888 jejuniisque
2696 817 2975 870 exeru-

843 907 1036 993 ciari,
1092 931 1302 1004 super
1354 908 1540 1003 ipsas
1593 905 1833 1004 spinas'
1886 907 2116 980 nudus
2174 904 2501 994 volutari,
2560 910 2751 986 nullo
2814 914 2971 990 vul·

843 1047 1010 1099 nere
1063 1047 1322 1122 magna
1374 1026 1702 1099 omnium
1756 1024 2249 1100 admiratione.

997 1143 1062 1236 §.
1130 1143 1201 1214 3.
1271 1139 1510 1214 Prima
1573 1143 1971 1216 litterarum
2036 1123 2457 1228 rudimenta,
2496 1143 2751 1239 quibus
2826 1151 2979 1240 pari

844 1259 1202 1354 diligentia
1253 1279 1544 1353 operam
1602 1259 1919 1344 dederat,
1962 1257 2329 1352 repentina
2368 1271 2745 1352 parentum
2786 1285 2983 1340 mors

845 1375 1151 1470 abrupit.
1212 1373 1496 1448 Tutoris
1549 1373 1658 1446 sui
1710 1373 2056 1448 desiderio
2108 1371 2413 1446 familiae
2466 1376 2751 1452 utilitati
2808 1403 2985 1474 pro-

843 1493 1112 1588 spicere
1165 1490 1514 1586 cupientis
1567 1512 1815 1585 parere
1861 1492 2129 1585 jussus,
2170 1493 2585 1566 mercatoris
2618 1495 2979 1571 officinam

845 1610 1206 1706 ingressus
1259 1609 1408 1680 heri
1465 1608 1576 1682 sui
1629 1609 1933 1708 negotiis
1988 1608 2315 1686 curandis
2366 1611 2673 1698 deditus,
2746 1637 2983 1712 neque

845 1737 1248 1822 susceptam
1305 1727 1490 1800 vitae
1543 1727 2131 1802 consuetudinem
2184 1728 2495 1824 reliquit,
2552 1753 2783 1826 neque
2848 1757 2983 1806 vo-

763 1893 776 1904 ·
848 1859 1006 1920 tum
1057 1843 1458 1918 solitudinis
1511 1843 2070 1938 amplectendae.

998 1963 1063 2056 §-
1123 1966 1195 2030 4.
1257 1960 1460 2033 Anno
1513 1961 1771 2034 aetatis
1850 1962 2269 2036 duodecimo
2346 1964 2660 2038 nondum
2716 1919 2979 2062 exple-

845 2093 944 2166 to,
1003 2078 1444 2176 propinquiS,
1517 2077 1763 2150 amicis
1818 2077 2227 2175 patriaeque
2284 2079 2677 2154 valedicens
2742 2103 2975 2154 novus

845 2197 1228 2281 Abraham,
1281 2197 1703 2290 cognatione
1758 2205 1833 2268 et
1883 2195 2097 2268 domo
2150 2218 2281 2268 sua
2332 2198 2723 2292 egrediens,
2759 2198 2973 2294 longo

845 2315 1092 2386 itinere
1143 2311 1610 2386 Barcinonam
1665 2310 1897 2408 petiit,
1956 2309 2191 2407 ibique
2228 2313 2773 2406 augustissimae
2816 2315 2976 2391 Tri·-

843 2429 1088 2500 nitatis
1142 2426 1471 2514 familiae,
1538 2449 1755 2523 quam
1816 2426 2239 2522 pientissimi
2308 2420 2453 2499 Viri
2514 2427 2825 2508 Joannes
2884 2431 2973 2504 de

805 2545 1084 2618 ·Matha
1148 2554 1222 2617 et
1293 2543 1484 2616 Felix
1558 2539 1950 2616 De-Valois
2020 2543 2315 2638 coelitus
2386 2546 2637 2621 moniti
2714 2569 2975 2644 magna

843 2659 1150 2756 proximi
1209 2659 1318 2734 sui
1381 2681 1460 2731 ac
1524 2655 1973 2754 perfeetionis
2046 2657 2351 2732 utilitate
2423 2663 2971 2752 constituerant,

844 2775 1142 2851 adscribi
1193 2777 1426 2874 petiit.
1486 2776 1863 2874 Tyroeinio
1916 2775 2203 2874 expleto
2238 2777 2325 2850 ad
2362 2777 2785 2855 coenobium
2816 2805 2979 2854 san·

843 2894 942 2968 cti
993 2891 1358 2992 Lamberti
1410 2917 1629 2991 prope
1684 2890 2317 2990 Caesaraugustam
2354 2917 2432 2968 se
2466 2895 2785 2970 conferre
2808 2897 2971 2992 jus-

843 3035 966 3086 sus
1035 3012 1286 3086 studiis
1357 3011 1831 3098 conficiendi5‚
1904 3009 2123 3082 sacris
2194 3013 2696 3109 perpetuisque
2786 3015 2975 3090 votis

843 3126 1305 3214 celebrandis,
1378 3128 1550 3201 dum
1623 3126 1742 3200 hie
1812 3135 2210 3199 moraretur
2282 3127 2588 3223 accepit,
2660 3127 2970 3204 Beatum

843 3242 1191 3338 Joannem
1238 3241 1637 3341 Baptistam
1689 3265 1733 3314 a
1767 3237 2247 3338 Conceptione
2302 3243 2737 3343 primaevam
2772 3245 2975 3334 Ordi-

843 3365 953 3437 nis
1015 3367 1124 3439 sui
1185 3367 1498 3466 regulam
1563 3362 2017 3436 instaurasse.
2087 3359 2473 3436 Severioris
2552 3363 2763 3452 vitae,
2840 3389 2979 3440 au-

845 3493 1214 3581 steraeque
1277 3481 1755 3581 poenitentiae
1818 3501 2057 3552 amore
2122 3481 2349 3576 magis
2414 3482 2783 3580 magisque
2842 3485 2973 3556 fla-

849 3624 1084 3695 grans,
1141 3602 1542 3697 praesidum
1597 3597 1803 3672 venia
1856 3595 2009 3691 ejus
2064 3597 2357 3694 vestigia
2410 3611 2751 3694 sequutus
2804 3614 2913 3673 est
2936 3625 2969 3690 3

843 3713 1310 3814 Pampelonae
1365 3738 1645 3794 summa
1698 3711 1921 3787 animi
1976 3707 2341 3810 voluptate
2394 3717 2741 3790 solemnia
2808 3731 3001 3810 vota,

839 3836 1356 3927 pronunciavit.

997 3951 1059 4044 §-
1125 3953 1192 4021 5.
1254 3948 1431 4024 Cum
1487 3950 1560 4022 in
1617 3945 1979 4020 academia
2028 3943 2367 4024 Beazensi
2410 3950 2747 4046 primum,
2813 3964 2969 4029 tum

843 4063 918 4136 in
972 4067 1460 4142 Salmaticensi
1516 4065 2043 4140 moderatorum
2092 4061 2297 4158 jussu
2348 4065 2837 4164 philosophiae
2890 4089 2973 4142 ac

838 4169 1232 4280 theologiae
1297 4183 1548 4258 studiis
1608 4205 1901 4280 operam
1964 4182 2189 4268 daret,
2256 4186 2587 4260 sacerdos
2648 4209 2738 4260 ex
2800 4183 2969 4260 obe·
