3317 5267
882 414 909 480 ¹
929 412 1022 480 ⁰6
1674 518 2202 599 CONVENTIO

870 796 878 801 -
1032 758 1229 832 Inter
1253 755 1720 831 Sanctitatem
1755 756 1978 831 Suam
2013 754 2220 831 Pium
2249 753 2350 829 IX
2381 756 2760 835 Summum
2797 757 2997 835 Pon-

883 875 1170 963 tificem,
1198 886 1277 949 et
1309 874 1608 971 Regiam
1648 872 2160 947 celsitudinem
2193 872 2412 949 Suam
2451 870 2998 950 serenissimam

755 1027 762 1031 ·
880 992 1311 1067 Fridericum
1362 989 1698 1088 Magnum
1753 987 2021 1065 Ducem
2073 989 2451 1065 Badarum.

1030 1110 1111 1184 In
1163 1112 1448 1185 nomine
1500 1110 2001 1185 Sanctissimae
2035 1121 2110 1184 et
2159 1110 2566 1186 individuae
2593 1110 2996 1188 Trinitatis.

1028 1230 1383 1303 Sanctitas
1434 1226 1577 1303 Sua
1610 1226 1952 1301 Summus
1987 1224 2318 1304 Pontifex
2356 1226 2524 1303 Pius
2563 1225 2692 1317 IX,
2729 1237 2806 1301 et
2847 1228 3000 1306 Re-

874 1347 991 1443 gia
1067 1345 1427 1422 Celsitudo
1476 1344 1619 1419 Sua
1669 1343 2136 1419 Sereniseima
2215 1342 2614 1421 Fridericus
2693 1343 2996 1441 Magnus

875 1464 1039 1541 Dux
1088 1466 1442 1541 Badarum
1504 1474 1928 1559 exoptantae
1979 1464 2281 1560 negotiis
2313 1463 2669 1539 Ecclesiae
2721 1463 2996 1541 Catho-

878 1586 1055 1661 licae
1109 1584 1471 1659 Romanae
1506 1583 1578 1655 in
1632 1580 1888 1678 Magno
1939 1579 2216 1659 Ducatu
2287 1582 2640 1659 Badarum
2715 1582 3006 1680 prospi-

876 1728 1062 1794 cere,
1116 1727 1283 1779 suos
1336 1701 1998 1797 Plenipotentiarios
2049 1703 2601 1792 constituerunt,
2667 1701 3000 1782 videlicet

877 1820 1235 1895 Sanctitas
1286 1820 1429 1897 Sua
1495 1817 1766 1897 Effium
1802 1815 2189 1901 Dominum
2226 1817 2556 1896 carolum
2593 1818 3001 1917 Augustum

880 1936 956 2012 S.
1013 1937 1105 2010 R.
1158 1936 1245 2013 Ε.
1306 1936 1525 2013 Tituli
1574 1936 1651 2011 S.
1709 1933 2126 2011 Anastasiae
2180 1934 2684 2034 Presbyterum
2743 1935 3000 2015 Candi-

880 2054 1115 2131 nalem
1167 2053 1257 2129 de
1280 2120 1287 2129 .
1308 2053 1641 2145 Reisach,

1036 2172 1257 2269 Regia
1308 2170 1668 2249 Celsitudo
1701 2170 1846 2248 Sua
1893 2169 2192 2269 Magnus
2229 2169 2390 2247 Dux
2439 2170 2793 2249 Badarum
2843 2172 3004 2249 No-

878 2288 1102 2362 bilem
1154 2286 1399 2363 Virum
1453 2288 1838 2365 Dominum
1894 2286 2378 2366 Christianum
2457 2286 2857 2365 Gustavum
2908 2290 3006 2365 li·-

882 2405 1133 2481 berum
1160 2406 1509 2484 Batonem
1560 2408 1649 2484 de
1686 2408 2107 2484 Berckheim
2135 2408 2360 2485 Suum
2395 2408 2798 2487 ministrum
2835 2408 3005 2484 Ple-

884 2524 1463 2618 nipotentiarium
1514 2524 1702 2621 apud
1753 2523 2088 2599 Sanctam
2139 2524 2422 2613 Sedem,
2477 2536 2555 2599 et
2605 2524 2998 2603 Dominum

886 2640 1335 2717 Franciscum
1362 2640 1690 2716 Carolum
1719 2641 2051 2719 Rosshirt
2093 2642 2150 2715 Ι.
2207 2642 2296 2715 U.
2353 2640 2734 2727 Doctorem
2783 2664 3002 2719 suum

888 2758 1215 2857 Supremi
1264 2758 1659 2833 Tribunalis
1713 2756 2232 2835 Consiliarium.

1040 2872 1176 2965 Qui
1226 2873 1637 2971 Plenipoten
1646 2876 1826 2949 tiarii
1877 2887 2042 2971 post
2091 2876 2226 2951 sihi
2302 2886 2554 2954 mutuo
2593 2877 2854 2953 tradita
2903 2876 3008 2951 le-

884 2992 1133 3089 gitima
1182 3005 1257 3067 et
1280 2994 1690 3071 authentica
1713 3016 1884 3070 suae
1919 2993 2486 3091 plenipotentiae
2519 2994 3002 3071 instrumenta

787 3157 796 3166 ·
884 3111 973 3187 de
1022 3111 1479 3209 sequentibus
1534 3109 1864 3185 Articulis
1915 3120 2427 3187 convenerunt.

1797 3344 1972 3419 Αιτ.
2033 3342 2090 3419 l.

874 3634 884 3643 -
1042 3577 1240 3660 Circa
1292 3582 1767 3678 provisionem
1805 3580 2006 3657 Sedis
2043 3579 2670 3678 Archiepiscopalis
2701 3580 3004 3657 Fribur-

891 3701 1151 3797 gensis,
1206 3697 1762 3781 Canonicatuum
1815 3712 1894 3775 et
1941 3698 2506 3779 Praebendarum
2560 3699 3004 3783 cathedralis

888 3814 1243 3893 Ecclesiae
1318 3837 1401 3891 ea
1451 3827 1732 3891 tantum
1785 3816 2254 3897 servahuntur
2281 3870 2309 3908 ,.
2359 3818 2448 3893 de
2499 3818 2759 3919 quibus
2829 3842 2998 3897 cum

888 3933 1147 4011 Sancta
1199 3934 1379 4013 Sede
1429 3945 1862 4013 conventum
1909 3947 2047 4013 est.
