3317 5267
850 402 879 471 i
948 404 993 473 4

836 403 939 589 u?
970 511 1375 588 huiusmodi
1408 510 1666 587 Noster
1699 510 1912 589 timor
1949 512 2160 610 plane
2181 528 2672 593 evanesceret.
2703 516 2810 593 Ac
2846 540 2974 617 pa-

841 647 1045 707 terna
1096 629 1214 703 illa
1266 630 1589 719 caritate,
1646 652 1790 727 qua
1839 630 2322 727 sempiternae
2374 636 2698 709 omnium
2753 636 2984 711 saluti

840 750 1243 848 prospicere
1295 748 1664 837 debemus,
1705 749 1782 823 in
1815 750 2053 847 Ipsius
2081 760 2412 825 mentem
2447 756 2984 842 revocavimuS,

687 855 703 871 ’
840 867 931 941 ab
1010 864 1341 941 omnibus
1419 865 1818 941 districtam
1905 865 2282 963 aliquando
2360 870 2719 945 rationem
2799 884 2986 945 ante

840 984 1149 1059 tribunal
1198 980 1461 1059 Christi
1515 1006 1672 1057 esse
1723 983 2158 1060 reddendam
2197 1036 2220 1072 ‚
2295 997 2373 1059 et
2428 989 2979 1063 severissimum

842 1102 1179 1177 iudicium
1232 1099 1718 1187 subeundum,
1769 1122 1852 1175 ac
1889 1110 2268 1198 propterea
2303 1104 2564 1201 cuique
2593 1104 2808 1179 enixe
2839 1129 2978 1180 cu·-

838 1220 1139 1295 randum
1192 1231 1275 1293 ut
1328 1218 1858 1295 misericordiae
1907 1219 2148 1315 potius
2199 1243 2420 1317 quam
2475 1223 2802 1298 iustitiae
2853 1222 2986 1299 ef—

840 1338 1069 1415 fectus
1120 1338 1599 1435 experiatur„
2098 1346 2104 1355 '

1002 1454 1197 1529 Haec
1245 1454 1666 1552 praesertim
1720 1456 1906 1528 inter
1931 1454 2068 1529 alia
2083 1478 2385 1533 ‘summo
2419 1454 2786 1536 Gallorum
2821 1457 2980 1535 Im-

839 1574 1151 1670 peratori
1198 1574 1732 1669 respondimus,
1767 1596 1958 1671 quae
1992 1573 2244 1664 Vobis,
2281 1574 2748 1653 venerabiles
2793 1577 2979 1653 Fra-

840 1704 1015 1779 treS,
1055 1691 1511 1787 significanda
1538 1696 1698 1766 esse
1731 1692 2026 1767 omnino
2061 1692 2666 1785 existimavimus,
2706 1708 2792 1771 ut
2828 1694 2981 1773 voe

840 1810 909 1881 in
963 1810 1243 1905 primis,
1298 1820 1375 1881 et
1428 1808 1802 1883 universus
1853 1808 2246 1887 catholicus
2299 1809 2492 1887 orbis
2547 1812 2776 1909 magis
2812 1834 2986 1887 ma-

837 1930 1087 2025 gisque
1140 1939 1503 2024 agnoscat,
1544 1926 1718 2015 Nos,
1750 1926 1900 2001 Deo
1929 1912 2362 2017 auxiliante,
2392 1952 2524 2025 pro
2562 1930 2977 2027 gravissimi

840 2046 1049 2121 officii
1102 2044 1340 2121 Nostri
1392 2044 1633 2121 debito
1687 2044 1926 2121 omnia
1979 2046 2336 2141 impavide
2397 2047 2640 2125 conari
2670 2098 2693 2135 ,
2747 2046 2976 2121 nihil·-

839 2188 979 2261 que
1032 2165 1467 2239 intentatum
1520 2163 1917 2261 relinquere
1971 2174 2052 2237 ut
2103 2163 2490 2260 religioniS,
2529 2188 2612 2239 ac
2647 2166 2972 2241 iustitiae

836 2303 1127 2355 causam
1180 2279 1460 2355 fortiter
1512 2302 2073 2377 propugnemus‚
2131 2293 2207 2355 et
2257 2280 2542 2357 civilem
2599 2282 2976 2359 Romanae

838 2398 1201 2473 Ecclesiae
1251 2398 1730 2495 principatum
1771 2450 1796 2483 ‚
1849 2398 2148 2497 eiusque
2204 2400 2630 2497 temporales
2683 2424 2980 2499 posses-

838 2518 1083 2593 siones
1136 2539 1223 2591 ac
1245 2519 1424 2604 iura,
1454 2540 1639 2615 quae
1669 2518 1757 2593 ad
1797 2517 2212 2593 universum
2251 2516 2684 2593 catholicum
2717 2516 2974 2593 orbem

835 2636 1229 2731 pertinent,
1280 2636 1586 2733 integra,
1636 2645 1714 2708 et
1765 2635 2107 2711 inviolata
2157 2646 2568 2712 constanter
2643 2646 2981 2713 tueamur

838 2763 915 2826 et
966 2774 1367 2839 servemus,
1416 2775 1547 2827 nec
1584 2776 1732 2827 non
1765 2752 1996 2826 iustae
2029 2752 2332 2827 aliorum
2370 2750 2786 2850 Principum
2809 2776 2980 2829 cau·-

844 2894 965 2947 sae
1019 2871 1555 2967 prospiciamus.
1616 2868 1716 2943 Ac
1769 2869 2015 2945 divino
2067 2870 2262 2946 Illius
2309 2870 2574 2947 auxilio
2627 2868 2792 2945 freti
2843 2873 2982 2969 qui

835 2992 1018 3066 dixit
1070 2991 1151 3064 in
1202 2988 1473 3065 mundo
1518 3012 1942 3090 pressuram
1993 2988 2356 3080 habebitis,
2414 2988 2538 3065 sed
2599 2987 2978 3088 confidite,

848 3133 969 3205 eqo
1024 3109 1163 3183 vici
1216 3108 1573 3183 mnndum
1606 3107 1833 3207 (loan.
1889 3132 1956 3183 c.
2021 3111 2146 3182 16.
2175 3132 2250 3181 v.
2293 3106 2478 3207 33.),
2519 3122 2586 3181 et
2621 3106 2806 3181 beati
2839 3109 2976 3209 qui

824 3230 1395 3327 persecutionem
1440 3228 1820 3329 patiuntur
1864 3241 2158 3328 propter
2233 3228 2592 3303 iustitiam
2673 3226 2968 3325 (matth.

830 3372 893 3421 c.
936 3349 1005 3417 5.
1038 3371 1108 3420 v.
1176 3344 1359 3447 10.)‚
1415 3346 1645 3444 parati
1681 3368 1929 3420 sumus
1985 3345 2284 3420 illustria
2334 3342 2978 3422 praedecessorum

830 3466 1251 3541 Nostrorum
1305 3465 1606 3562 vestigia
1658 3464 2021 3562 persequi,
2078 3464 2409 3561 exempla
2461 3463 2832 3551 aemulari,
2889 3476 2976 3539 et

829 3608 1079 3684 aspera
1132 3608 1455 3683 quaeque
1504 3598 1579 3660 et
1630 3584 1884 3659 acerba
1919 3586 2223 3681 perpeti,
2263 3608 2346 3659 ac
2387 3584 2502 3659 vel
2537 3584 2768 3682 ipsam
2823 3584 2980 3657 ani-

828 3727 1025 3778 mam
1078 3726 1373 3801 ponere‚
1427 3714 1816 3800 antequam
1870 3700 2028 3792 Dei,
2081 3702 2476 3792 Ecclesiae,
2511 3726 2596 3777 ac
2649 3701 2974 3778 iustitiae

822 3844 1123 3898 causam
1176 3819 1321 3895 ullo
1373 3821 1587 3895 modo
1636 3821 2082 3895 doeeramus.
2118 3820 2259 3895 Sed
2312 3820 2426 3895 vel
2479 3818 2685 3893 facile
2737 3818 2972 3895 conii-

832 3960 994 4012 cere
1047 3938 1375 4034 potestis,
1418 3934 1874 4011 Venerabiles
1899 3935 2224 4024 Fran-ee,
2255 3958 2482 4033 quam.
2511 3934 2768 4011 acerbo
2803 3958 2974 4011 con—

831 4055 1153 4129 ficiamur
1204 4057 1469 4133 dolore.
1526 4055 1850 4129 videntes
1901 4077 2045 4150 quo
2098 4054 2478 4129 teterrimo
2547 4076 2744 4129 sane·
2779 4052 2972 4129 bello

823 4171 1285 4247 sanctissima
1336 4186 1581 4247 nostra
1630 4171 1878 4269 religio
1959 4172 2274 4246 maximo
2345 4187 2512 4247 cum
2565 4171 2970 4245 animarum

821 4288 1259 4364 detrimento
1314 4301 1641 4378 vexetur,
1695 4287 2091 4387 quibusque
2147 4290 2486 4363 maximis
2557 4285 2966 4364 turbinibus
