3317 5267
893 432 1038 508 314

887 550 1356 648 Episcopatus
1413 570 1662 626 mensa
1714 562 1909 626 certo
1960 555 2222 629 certius
2274 576 2507 628 annua
2531 552 3021 630 constituatur

891 688 1172 739 summa
1207 668 1578 743 duodecim
1613 669 1911 742 millium
1938 668 2340 745 francorum
2370 682 2699 746 monetae
2726 672 3012 745 illarum

889 783 1226 878 partium,
1259 808 1440 883 quae
1469 808 1558 858 ex
1587 784 1867 881 publico
1893 785 2174 861 Haitani
2204 786 2539 863 Gubernii
2570 792 2868 876 aerario,
2906 792 3017 863 si·-

892 900 1039 973 cuti
1069 898 1160 973 ab
1186 922 1272 975 eo
1307 924 1647 999 sponsum
1680 911 1817 988 est,
1849 903 1922 975 in
1950 904 2123 976 duas
2160 926 2423 1000 aequas
2458 905 2871 992 solutiones,
2902 904 3015 977 al-

897 1030 1146 1091 teram·
1191 1042 1452 1117 nempe
1524 1022 1636 1095 die
1700 1022 1927 1118 prima
1984 1024 2249 1096 mensis
2302 1022 2655 1109 Ianuarii,
2712 1023 3017 1097 alteram

897 1148 1138 1209 autem
1189 1138 1302 1212 die
1354 1140 1584 1235 prima
1636 1142 1905 1213 mensis
1969 1138 2117 1213 iulii
2182 1140 2559 1236 cujuslibet
2620 1142 2788 1214 anni
2848 1142 3017 1215 dili-

896 1267 1144 1350 genter
1181 1259 1638 1352 rependatur,
1696 1258 1919 1333 donec
1958 1269 2077 1332 tot
2102 1257 2381 1333 stabilia
2432 1259 2617 1333 bona
2670 1282 2813 1335 non
2870 1260 3017 1333 mi·-

895 1394 1138 1446 norem
1167 1374 1476 1471 nullique
1503 1376 1904 1451 deductioni
1960 1375 2351 1451 obnoxium
2406 1378 2759 1450 redditum
2788 1388 3015 1473 quot-

899 1490 1103 1563 annis
1155 1488 1479 1579 allatura,
1535 1492 1743 1588 pleno
1777 1490 2139 1590 liberoque
2204 1514 2369 1566 cum
2404 1494 2719 1567 dominio
2772 1490 3019 1567 favore

899 1608 1122 1704 ipsius
1177 1629 1466 1685 mensae
1519 1610 1899 1707 subrogata
1952 1634 2095 1685 non
2147 1608 2389 1695 fuerit.

1055 1726 1158 1802 Ad
1213 1726 1618 1825 Capitulum
1657 1728 2077 1804 Cathedrale
2114 1753 2282 1804 vero
2318 1730 2506 1827 quod
2544 1732 2832 1813 attinet,
2874 1728 3015 1803 Nos

902 1845 1144 1919 habita
1177 1849 1450 1923 ratione
1486 1850 1823 1944 penuriae
1858 1850 2332 1936 sacerdotum,
2370 1872 2551 1947 quae
2588 1850 2728 1923 illic
2764 1850 3019 1922 hacte-

903 1987 1038 2038 nus
1090 1965 1526 2061 perhibetur,
1572 1958 1977 2063 Apostclica
2016 1968 2301 2041 interim
2338 1967 2763 2041 auctoritate
2796 1966 3017 2062 jube-

907 2102 1095 2168 mus,
1135 2093 1216 2157 ut
1251 2104 1465 2179 quam
1503 2084 1715 2157 citius
1754 2082 1905 2156 fieri
1942 2080 2205 2178 poterit
2235 2080 2440 2177 juxta
2476 2081 2857 2155 Sacrorum
2884 2078 3019 2153 Ca-

905 2220 1174 2273 nonum
1202 2201 1631 2297 praescripta
1659 2197 2069 2295 Capitulum
2098 2198 2197 2270 ibi
2228 2198 2639 2301 instituatur
2666 2197 2858 2293 quod
2882 2196 3018 2291 pri·

908 2317 1128 2391 mitus
1163 2342 1254 2391 ex
1283 2320 1594 2417 quinque
1629 2318 1887 2393 saltem
1940 2329 2221 2393 constet
2256 2317 2655 2405 CanoniciS,
2714 2338 3015 2413 quorum

911 2432 1092 2505 alter
1142 2434 1448 2530 primam
1505 2434 1990 2538 Archidiaconi
2044 2432 2507 2531 Dignitatem,
2538 2435 2719 2506 alter
2754 2454 3021 2505 secun-

911 2548 1076 2621 dam
1132 2548 1502 2645 Theologi,
1539 2549 1719 2623 alter
1759 2552 2041 2623 tertiam
2097 2545 2625 2625 Paenitentiarii
2678 2570 2846 2623 cum
2874 2547 3019 2621 suis

913 2665 1198 2752 muniis,
1253 2665 1638 2741 honoribus
1690 2678 1765 2739 et
1820 2667 2149 2741 oneribus
2202 2690 2291 2741 ex
2352 2665 2507 2762 jure
2560 2666 2899 2741 canonico
2948 2675 3022 2739 et

917 2780 1334 2878 Apostolicis
1385 2783 2013 2859 constitutionibus
2064 2786 2461 2882 respective
2496 2786 2793 2859 adnexis
2818 2804 3012 2880 prae-

913 2898 1246 2975 seferant:
1289 2902 1402 2975 alii
1443 2926 1608 2979 vero
1644 2903 1783 2979 duo
1812 2904 1924 2978 vel
1954 2906 2188 3000 plures
2224 2902 2560 2978 Canonici
2596 2914 2811 2977 sunto
2847 2902 3021 2975 sim-

913 3017 1188 3115 pliciter
1223 3019 1570 3109 titulares,
1609 3023 1871 3119 quique
1906 3043 2153 3096 omnes
2190 3034 2265 3094 et
2300 3022 2557 3117 singuli
2592 3020 2833 3094 divina
2868 3018 3023 3093 offi-

915 3136 1022 3209 cia
1099 3147 1176 3209 et
1232 3134 1725 3211 Ecclesiastica
1796 3137 2039 3211 munia
2098 3160 2180 3211 ac
2240 3150 2477 3211 cetera
2539 3138 2775 3213 omnia
2840 3156 3020 3232 quae

916 3249 1439 3328 cathedralium
1466 3253 1953 3350 Capitulorum
2006 3254 2287 3351 propria
2336 3262 2507 3326 sunt
2558 3253 2695 3327 rite
2720 3252 3024 3349 diligen-

919 3379 1166 3464 terque
1201 3368 1396 3445 obire
1435 3380 1837 3456 teneantur,
1872 3392 1953 3443 ac
1986 3370 2261 3443 cunctis
2294 3366 2597 3465 juribus»,
2634 3366 3023 3442 honoribus

919 3484 1188 3577 gratiis,
1240 3483 1622 3573 favoribus,
1679 3484 1967 3559 indultis
2018 3496 2095 3557 et
2145 3483 2523 3580 privilegiis
2556 3506 2739 3579 quae
2776 3483 2911 3555 alia
2936 3483 3021 3553 il-

910 3600 1140 3674 larum
1175 3602 1482 3695 partium
1519 3599 1843 3696 Capitula
1880 3599 2318 3675 Cathedralia
2352 3598 3020 3697 eorumque-singuli

918 3713 1372 3813 praebendati
1423 3718 1813 3814 respective
1866 3717 2216 3804 obtinent,
2272 3718 2657 3793 dummodo
2706 3706 3026 3814 legitimo

918 3835 990 3907 in
1042 3860 1178 3910 usu
1215 3836 1382 3923 sint,
1423 3858 1554 3911 nec
1589 3837 1917 3947 peculiari
1954 3860 2045 3910 ex
2072 3835 2527 3911 concessione
2564 3846 2691 3909 aut
2724 3858 3023 3910 oneroso

923 3953 1130 4027 titulo
1175 3954 1528 4050 postulata
1577 3966 1652 4027 et
1706 3956 2055 4050 adquisita
2116 3952 2421 4049 gaudere
2484 3952 2817 4027 debeant.
2883 3952 3027 4047 Spe

913 4074 1203 4167 insuper
1233 4072 1378 4149 Nos
1411 4073 1574 4148 freti
1610 4075 1799 4171 quod
1836 4098 1963 4169 pro
1996 4071 2514 4147 Ecclesiasticis
2544 4070 3023 4145 functionibus

918 4189 1304 4285 impensius
1353 4191 1769 4289 peragendis
1820 4202 1893 4265 et
1940 4190 2293 4265 bonorum
2342 4210 2637 4285 operum
2664 4185 3013 4261 fructibus
