3317 5267
2267 434 2415 505 3⁹27

307 576 490 652 quae
542 550 844 646 denique
899 546 1376 623 observationi
1424 547 1632 642 juxta
1666 546 1919 623 Sacros
1972 546 2303 622 Canones
2340 560 2415 621 et

311 668 750 767 Apostolieas
763 664 1326 741 constitutiones
1355 666 1675 763 apprime
1700 666 2219 754 mandanda‚ex
2246 690 2419 765 quo-

307 812 470 863 rum
525 788 846 863 omnium
899 786 1163 859 trutina
1201 798 1274 859 et
1310 783 1805 862 distributione
1844 788 2189 883 superiori
2234 811 2421 863 anno
2520 772 2526 779 ’

310 904 592 982 Domini
629 902 1002 977 millesimo
1039 904 1630 999 octingentesimo
1668 905 2111 1001 sexagesimo
2160 905 2273 978 die
2312 906 2421 977 vi-

307 1026 578 1123 gesima
629 1034 880 1116 octava
919 1022 1183 1095 mensis
1221 1024 1455 1096 martii
1494 1023 1681 1097 inter
1718 1024 1899 1098 hanc
1950 1022 2023 1096 S.
2070 1022 2445 1119 Apostoli-·

305 1162 464 1217 cam
519 1140 776 1218 Sedem
815 1139 1183 1235 dictaeque
1236 1138 1580 1214 Haitanae
1637 1139 2091 1236 Reipublicae
2144 1138 2421 1214 Guber-

307 1258 506 1335 nium
557 1258 882 1333 consulto
919 1257 1092 1329 inita
1127 1255 1266 1330 fuit
1300 1259 1598 1353 provida
1635 1255 2061 1345 Conventio,
2092 1281 2272 1356 quae
2310 1259 2423 1332 die

309 1377 646 1475 vigesima
701 1375 948 1471 quinta
985 1377 1408 1472 septembris
1449 1378 1769 1473 ejusdem
1806 1378 1968 1451 anni
2006 1390 2161 1449 rata
2184 1377 2426 1451 utrin-

303 1482 632 1592 que'fuit
681 1490 1234 1589 solemniterque
1287 1493 1725 1568 confirmata.
1832 1512 1845 1525 ·

437 1608 586 1684 ‘His
623 1608 874 1705 positis
913 1619 1076 1681 cum
1112 1633 1502 1685 consonum
1541 1610 1634 1683 sit
1670 1632 1928 1707 pronas
1966 1633 2171 1685 aures
2198 1610 2427 1684 inten-

303 1728 474 1803 dere
527 1727 924 1802 enunciatis
988 1728 1585 1823 postulationibus
1622 1783 1642 1819 ‚
1699 1730 1957 1832 quibus
2009 1734 2423 1831 sponsiones

303 1846 602 1921 omnino
651 1842 1164 1919 confirmantur
1197 1846 1520 1943 religiosa
1557 1848 1734 1921 dicti
1758 1847 2099 1923 Gubernii
2138 1850 2425 1922 munifi-

307 1962 544 2037 centia
599 1973 674 2035 et
707 1960 844 2035 fide
881 1960 1188 2056 prolatas
1225 1974 1310 2035 ut
1345 1963 1518 2037 haec
1555 1986 1744 2039 nova
1778 1987 2014 2039 rerum
2054 1966 2423 2063 dispositio
2557 1982 2565 1991 ·

305 2079 528 2179 probe
554 2078 798 2155 confici
835 2080 1268 2177 singulisque
1307 2082 1634 2178 congruis
1659 2082 2141 2158 dotationibus
2167 2107 2425 2181 perpe-

307 2185 438 2257 tim
472 2184 688 2259 tutari
719 2184 979 2274 valeat3
1007 2210 1138 2261 nos
1163 2198 1537 2282 propterea
1563 2187 1685 2283 qui
1714 2187 1787 2259 in
1813 2188 2197 2263 celsissima
2222 2187 2421 2262 Beati

305 2300 500 2376 Petri
536 2301 716 2375 Sede
753 2302 918 2378 licet
947 2305 1406 2377 immerentes
1431 2306 1751 2381 collocati
1776 2328 1981 2380 curas
2016 2326 2263 2381 omnes
2300 2330 2425 2381 su-

301 2419 684 2516 ecepimus,
727 2421 1228 2519 assiduamque
1259 2440 1543 2517 operam
1573 2423 1921 2512 dedimus,
1952 2424 2103 2501 sive
2140 2425 2227 2500 ad
2262 2424 2423 2500 fidei

303 2538 634 2635 dogmata
662 2539 1148 2626 custodienda,
1183 2539 1332 2612 sive
1357 2538 1450 2613 ad
1477 2538 1831 2615 Ecclesiae
1851 2541 2013 2637 jura
2036 2542 2424 2617 defenden-

307 2659 588 2745 da,sive
615 2658 1246 2734 adEcelesiasticae
1263 2658 1707 2735 Hierarchiae
1734 2662 2057 2737 decorem
2086 2663 2420 2760 amplian-

301 2776 501 2863 dum,
517 2776 668 2850 sive
693 2776 784 2850 ad
795 2774 1366 2851 christifidelium
1391 2800 1476 2850 ea
1501 2780 1873 2853 commoda
1900 2781 2244 2874 augenda,
2273 2781 2425 2875 qui-
2450 2770 2453 2773 ’

299 2889 434 2969 bus
461 2894 550 2967 ad
577 2894 1032 2968 sanctitatem
1082 2893 1580 2991 justitiamque
1615 2897 1843 2991 magis
1874 2897 2239 2993 magisque
2270 2920 2429 2969 mo-

273 3038 420 3089 ·res
443 3039 608 3091 suos
638 3024 1171 3111 componerent,
1201 3012 1530 3109 nullaque
1556 3013 1628 3085 in
1655 3036 1735 3087 re
1762 3016 2117 3089 ardentius
2148 3012 2427 3088 adlabo-

303 3135 644 3220 ravimuS,
688 3154 902 3230 quam
939 3143 1024 3206 ut
1062 3132 1135 3203 in
1175 3130 1504 3205 universo
1540 3144 1886 3205 terrarum
1925 3132 2095 3207 orbe
2131 3152 2425 3205 munere

177 3294 186 3301 ·
302 3252 562 3331 Nostro
591 3252 888 3348 impigre
917 3248 1402 3347 fungeremur,
1444 3249 1957 3346 postulationes
1994 3251 2421 3347 praemissas

303 3394 396 3444 ex
431 3372 674 3445 animo
713 3367 1086 3442 laudantes
1113 3388 1196 3441 ac
1234 3368 1306 3441 in
1344 3368 1432 3440 iis
1467 3378 1869 3455 contentas,
1906 3370 2220 3465 aliasque
2256 3370 2427 3443 dicti

301 3488 639 3565 Gubernii
692 3486 1262 3573 deliberationes,
1323 3499 1400 3560 et
1445 3486 1895 3576 confirmatas
1948 3490 2181 3586 quoad
2234 3512 2415 3586 opus

298 3620 416 3683 est
449 3608 894 3704 sponsiones,
935 3614 1284 3701 acceptas,
1341 3615 1673 3702 ratasque
1734 3602 2231 3679 inviolabiliter
2281 3608 2419 3678 ha-

301 3728 554 3803 bentes
595 3780 616 3815 ‚
669 3750 804 3801 nee
855 3748 998 3801 non
1051 3726 1468 3823 quorumvis
1529 3727 1598 3797 in
1670 3726 2073 3822 hujusmodi
2128 3728 2421 3823 negotio

302 3846 644 3919 interesse
673 3842 1090 3917 habentium
1121 3864 1248 3915 seu
1274 3841 1801 3938 quomodolibet
1826 3841 2089 3930 habere
2118 3866 2419 3940 praesu-

301 3964 652 4037 mentium
716 3960 1094 4035 consensui
1155 3982 1538 4055 supremae
1592 3958 1889 4035 Nostrae
1960 3960 2417 4058 Apostolicae

305 4079 680 4176 potestatis
733 4078 1182 4174 plenitudine
1227 4077 1478 4151 harum
1532 4076 1717 4152 serie
1749 4076 2038 4152 omnino
2090 4076 2427 4173 supplen-
