3317 5267
868 401 1011 472 552

862 515 1139 613 sariam
1187 514 1575 618 multisque
1623 514 1853 590 modis
1905 515 2080 591 olim
2129 515 2404 592 locutus
2475 527 2656 590 essct
2670 515 2996 615 patribus

868 631 949 705 in
998 633 1385 731 prophetis,
1438 633 1826 708 novissime
1875 633 2096 710 Nobis
2145 633 2419 710 locutus
2473 649 2572 708 cst
2627 633 2710 705 in
2785 632 2998 722 Filio,

858 773 995 850 per
1046 773 1259 851 quem
1312 753 1478 850 fecit
1533 765 1599 826 et
1652 750 1936 826 saecula
1995 751 2098 853 (1)
2111 807 2402 826 ..........
2487 751 2722 826 Deum
2809 753 3010 826 enim

867 893 1079 945 nemo
1130 871 1307 948 vidit
1359 895 1706 974 unquam.
1770 872 2197 970 Uniqcnitus
2254 873 2513 963 Filius,
2569 873 2700 975 qui
2761 889 2866 947 cst
2923 873 3008 945 in

865 993 1034 1066 sinu
1086 991 1331 1066 Patris
1383 994 1533 1093 ipsc
1584 995 1957 1068 enarravit
2017 991 2153 1093 (2).
2215 991 2668 1092 Quapropter
2697 993 3012 1090 Aposto-

866 1109 1005 1198 lus,
1058 1113 1179 1207 qui
1232 1124 1481 1208 gentes
1534 1109 1762 1186 Deum
1816 1134 1945 1208 per
1995 1133 2105 1197 ea,
2162 1133 2350 1210 quae
2404 1111 2590 1186 facta
2623 1123 2822 1198 sunt,
2877 1135 3010 1186 co-

870 1228 1201 1323 gnovisse
1256 1240 1581 1306 testatur,
1638 1230 1991 1304 disserens
2027 1226 2116 1302 dc
2143 1228 2390 1326 qratia
2443 1241 2510 1300 et
2563 1226 2868 1302 veritate
2899 1224 3010 1324 (3)

864 1367 1053 1446 quac
1099 1367 1227 1443 per
1282 1343 1523 1420 Iesum
1582 1344 1953 1422 Christum
2003 1345 2196 1445 facta
2250 1361 2379 1434 est,
2435 1344 2830 1449 loquimur,
2887 1345 3011 1419 in-

866 1463 1048 1558 quit,
1106 1460 1242 1534 Dei
1293 1429 1728 1564 sspicntiam
1779 1467 1862 1536 in
1918 1464 2281 1563 mysterio,
2337 1487 2526 1564 quac
2593 1460 3012 1536 abscondita

876 1593 977 1652 cst
985 1632 1215 1652 ........
1270 1605 1487 1682 quam
1513 1605 1724 1654 nemo
1751 1581 2169 1680 principum
2197 1581 2414 1678 hujus
2437 1578 2709 1655 saeculi
2743 1603 3009 1677 coquo-

866 1697 963 1770 vit
972 1749 1203 1768 ........
1263 1697 1482 1774 Nobis
1534 1713 1780 1774 autem
1834 1697 2177 1773 revelavit
2234 1699 2428 1774 Deus
2473 1721 2610 1798 per
2649 1697 3008 1798 Spiritum

856 1815 1102 1892 Suum
1111 1872 1279 1890 ......
1341 1816 1662 1918 Spiritus
1723 1817 1921 1891 enim
1969 1818 2219 1892 omnia
2297 1833 2666 1892 scrutatur
2695 1869 2718 1907 ‚
2783 1817 3010 1890 ctiam

858 1933 1229 2033 profunda
1280 1934 1439 2010 Dei.
1502 1933 1680 2024 Quis
1733 1934 1934 2032 enim
1983 1934 2366 2010 hominum
2415 1936 2549 2009 scit
2597 1957 2784 2036 quae
2833 1949 3006 2007 sunt

869 2052 1211 2144 hominis,
1268 2053 1415 2129 nisi
1471 2055 1772 2154 spiritus
1823 2054 2138 2128 hominis
2168 2106 2188 2142 ,
2273 2056 2400 2156 qui
2455 2056 2536 2128 in
2613 2057 2770 2153 ipso
2835 2051 3005 2128 cst?

866 2172 979 2247 Ita
1031 2189 1098 2246 ct
1148 2197 1332 2274 quac
1385 2172 1517 2247 Dei
1568 2187 1738 2246 sunt
1767 2223 1787 2262 ,
1843 2195 2051 2248 nemo
2102 2175 2422 2273 coqnovit
2454 2226 2476 2262 ,
2532 2174 2687 2247 nisi
2764 2170 3007 2273 Spiri-

870 2305 987 2365 tus
1041 2289 1177 2366 Dei
1234 2289 1364 2390 (4).

890 2435 903 2444 ·
1023 2409 1231 2484 Hisce
1318 2410 1609 2508 aliisque
1683 2410 1832 2486 fere
1883 2411 2276 2486 innumeris
2357 2408 2618 2484 divinis
2703 2407 3004 2506 eloquiis

874 2525 1325 2600 inhaerentes
1370 2527 1497 2600 SS.
1556 2527 1804 2602 Patres
1839 2529 1913 2602 in
1949 2527 2312 2604 Ecclesiae
2347 2527 2672 2602 doctrina
2709 2527 3004 2600 traden-

870 2646 957 2720 da
1008 2644 1455 2719 continenter
1483 2647 1936 2744 distinguere
1987 2656 2328 2722 curarunt
2379 2665 2619 2718 rerum
2706 2645 3006 2722 >divina-

874 2783 1035 2834 rum
1089 2762 1480 2851 notionem,
1507 2786 1692 2860 quae
1725 2764 2066 2838 naturalis
2100 2762 2608 2859 intelligentiae
2661 2761 2735 2835 vi
2755 2763 2994 2837 omni-

874 2877 1009 2954 bus
1060 2869 1177 2954 est
1222 2882 1621 2957 communis
1674 2881 1764 2956 ab
1813 2881 2090 2956 illarum
2144 2901 2380 2954 rerum
2433 2878 2715 2964 notitia,
2805 2901 3004 2976 quae

860 3021 1003 3096 per
1052 2999 1394 3096 Spiritum
1448 2999 1790 3073 Sanctum
1841 2999 1976 3074 fide
2027 2999 2435 3094 suscipitur,
2475 3007 2550 3071 et
2573 3007 2996 3072 constanter

840 3116 1295 3224 nocuerunt,
1346 3137 1477 3211 per
1524 3116 1711 3190 hanc
1761 3137 1842 3189 ea
1895 3113 2112 3190 Nobis
2173 3114 2246 3188 in
2329 3111 2614 3189 Christo
2691 3113 3002 3188 revelari

878 3235 1244 3331 mysteria,
1318 3255 1499 3331 quae
1554 3257 1696 3308 non
1749 3235 1980 3310 solum
2017 3233 2406 3306 humanam
2449 3230 3002 3329 philosophiam,

878 3373 1125 3426 verum
1198 3353 1413 3426 etiam
1497 3352 1904 3450 Angelicam
1981 3351 2380 3425 naturalem
2457 3349 3006 3446 intelligentiam

878 3469 1365 3556 trascendunt,
1418 3493 1744 3567 quaeque
1793 3470 2072 3544 etiamsi
2127 3469 2370 3544 divina
2426 3467 2865 3573 revelatione
2891 3469 3010 3540 in·-

880 3587 1273 3674 notuerint‚
1326 3597 1402 3662 et
1450 3587 1602 3684 ipsa
1656 3587 1792 3663 fide
1825 3587 2089 3664 fuerint
2125 3597 2492 3683 suscepta,
2531 3597 2778 3660 tamen
2801 3594 3008 3661 saci-o

885 3705 1117 3780 adhuc
1169 3707 1391 3804 ipsius
1444 3708 1603 3782 fidei
1658 3709 1814 3784 velo
1867 3719 2056 3782 tecta
2105 3718 2180 3782 et
2214 3706 2512 3783 obscura
2545 3703 2842 3800 ealigine
2877 3701 3010 3780 oh-

1044 3923 1122 3998 ‹1›
1164 3921 1319 3989 Eeh-
1360 3939 1431 3988 v.
1458 3922 1563 3988 12.

1048 4017 1129 4091 (Ω)
1170 4013 1341 4081 loan.
1380 4015 1439 4082 1.
1484 4034 1545 4082 v.
1580 4016 1682 4080 18.

1041 4111 1137 4194 (3)
1180 4111 1348 4176 Ioan.
1392 4111 1451 4176 1.
1497 4131 1561 4177 v.
1612 4113 1708 4176 17.

1050 4205 1137 4287 (4)
1179 4205 1241 4268 1.
1286 4207 1423 4273 Cor.
1472 4207 1543 4273 ll.
1590 4226 1650 4272 v.
1697 4207 1755 4271 7.
1803 4207 1862 4272 8.
1908 4209 2005 4272 10.
2051 4209 2151 4273 11.
