3317 5267
901 480 999 552 30

903 591 1350 677 Matrimonia
1411 592 1857 667 detestantur
1894 645 1914 679 ,
1974 604 2126 668 tum
2204 594 2761 670 constantissimi
2840 592 3027 671 illius

901 710 1166 797 studii,.
1195 733 1339 807 quo
1391 710 1650 783 Sancta
1702 710 1929 785 Mater
1979 709 2295 787 Ecclesia
2345 732 2715 810 nunquam
2748 714 3029 789 destitit

814 915 819 922 ,
895 829 1072 904 filios
1123 852 1290 903 suos
1359 841 1711 917 avertere,
1766 853 1849 904 ac
1898 830 2255 904 deterrere
2305 830 2397 903 ab
2448 830 2699 905 iisdem
2778 832 3033 905 mixtis

896 948 1240 1045 conjugiis
1293 948 1368 1020 in
1419 967 1694 1034 eorum,
1734 958 1809 1020 et
1842 946 2125 1023 futurae
2158 948 2374 1043 prolis
2410 950 2799 1043 perniciem
2850 970 3029 1023 con-

901 1068 1286 1147 trahendis,

1051 1183 1204 1259 lam
1256 1200 1428 1258 vero
1477 1185 1668 1281 quod
1721 1185 1983 1257 attinet
2032 1185 2119 1256 ad
2156 1184 2549 1279 praedictas
2584 1183 3026 1258 conditiones

899 1302 988 1376 de
1025 1300 1136 1374 his
1171 1323 1429 1397 nempe
1466 1300 1715 1375 mixtis
1750 1302 2017 1398 nuptiis
2051 1311 2255 1374 extra
2292 1299 2707 1387 Ecclesiam,
2745 1312 2822 1374 et
2870 1300 3027 1374 sine

897 1417 1196 1495 Parochi
1238 1416 1753 1508 benedictione,
1810 1420 2085 1517 alioque
2136 1440 2335 1494 sacro
2380 1420 2523 1493 ritu
2558 1418 3025 1505 celebrandis,

893 1558 1060 1612 cum
1109 1538 1548 1613 conditiones
1598 1538 1795 1633 ipsae
1847 1539 1920 1611 in
1970 1537 2293 1635 plurimis
2344 1536 2683 1610 similium
2735 1537 3027 1633 dispen-

891 1654 1248 1729 sationum
1304 1652 1695 1747 Rescriptis
1744 1653 1954 1740 clare,
2020 1664 2405 1749 aperteque
2482 1651 2751 1726 fuerint
2798 1673 3030 1727 enun-

896 1770 1147 1859 cintae,
1201 1770 1278 1842 in
1328 1769 1482 1843 aliis
1536 1791 1707 1843 vero
1754 1769 2129 1865 permultis
2182 1769 2571 1865 Rescriptis
2648 1770 2837 1857 haud
2892 1792 3027 1843 ex-

897 1886 1134 1983 plicite
1157 1904 1563 1981 expressae,
1604 1885 1933 1981 quamvis
1970 1885 2223 1959 iisdem
2260 1883 2651 1982 Rescriptis
2686 1884 3029 1981 implicite

895 1996 1451 2093 continerentur,
1507 2006 1761 2080 iccirco
1812 2004 2315 2080 Sanctissimus
2370 2000 2717 2081 Dominus
2767 2002 3031 2079 Noster

893 2146 1024 2222 pro
1073 2145 1381 2211 summa,
1436 2146 1518 2197 ae
1571 2122 1909 2219 singulari
1934 2144 2064 2197 sua
2098 2122 2475 2219 prudentia
2509 2121 2693 2195 hane
2743 2118 3023 2196 formu-

893 2242 1122 2315 larum
1177 2240 1600 2315 varietatem
1650 2240 1739 2313 de
1790 2240 2025 2313 medio
2077 2240 2463 2315 tollendam
2513 2238 2955 2313 existimavit
2993 2236 3035 2325 ,'

898 2382 982 2433 ac
1027 2358 1242 2456 jussit
1291 2362 1364 2431 in
1415 2368 1810 2455 posterum,
1850 2378 2094 2446 unam,
2132 2358 2601 2461 eamdemque
2646 2354 3025 2433 formulam

895 2499 1050 2553 esse
1107 2474 1590 2551 adhibendam
1643 2472 1735 2547 ab
1772 2474 2104 2551 omnibus
2130 2472 2833 2573 Congregationibus,
2888 2495 3021 2570 per

892 2616 1070 2691 quas
1119 2592 1300 2666 haec
1358 2589 1761 2688 Apostolica
1795 2592 2015 2667 Sedes
2046 2591 2611 2689 dispensationes
2644 2612 2859 2687 super
2892 2590 3033 2665 hoc

879 2712 1164 2784 mixtae
1213 2709 1570 2806 religionis
1620 2709 2135 2807 impedimento
2170 2708 2553 2784 concedere
2604 2706 2813 2783 solet.
2872 2702 3025 2780 Ita-

894 2856 1060 2930 que,
1095 2831 1320 2905 rebus
1381 2828 1715 2907 omnibus
1746 2844 2029 2908 maturo
2060 2829 2393 2905 examine
2427 2828 2821 2926 perpensis,
2852 2828 3033 2903 teni·

896 2948 1292 3045 porumque
1341 2948 1616 3021 ratione
1668 2946 1935 3034 habita,
1974 2958 2053 3021 et
2092 2946 2181 3021 iis
2218 2945 2705 3033 consideratis,
2748 2966 2935 3041 quae
2984 2966 3032 3017 a

895 3063 1213 3160 pluribus
1261 3063 1636 3158 Episcopis
1687 3061 2011 3158 exposita
2062 3062 2259 3137 fuere
2288 3114 2311 3151 ‚
2364 3074 2583 3159 atque
2632 3062 2708 3133 in
2784 3060 3032 3136 consi-

892 3180 1068 3254 lium
1119 3177 1452 3253 adhibitis
1503 3176 1858 3251 nonnullis
1892 3178 1967 3251 S.
2010 3178 2101 3253 R.
2143 3177 2231 3251 E.
2272 3176 2793 3265 Cardinalibus,
2834 3177 3031 3251 idem

891 3296 1396 3373 Sanctissimus
1448 3291 1793 3369 Dominus
1846 3294 2101 3371 Noster
2152 3295 2529 3395 constituit
2555 3347 2578 3384 ‚
2636 3296 2707 3369 in
2764 3294 3027 3369 harum

894 3415 1502 3512 dispensationum
1553 3412 2005 3487 concessione
2038 3414 2377 3490 utendam
2430 3434 2588 3489 esse
2638 3412 3023 3488 sormidam

894 3534 1080 3607 illius
1130 3531 1484 3628 ‘Rescripti
1516 3579 1537 3617 ,
1591 3553 1735 3627 quo
1786 3529 2069 3603 etiamsi
2119 3528 2557 3605 conditiones
2616 3531 3026 3627 praedictae

891 3654 982 3727 de
1031 3649 1280 3725 mixtis
1329 3647 1523 3721 hisce
1573 3647 1918 3744 conjugiis
1952 3660 2159 3721 extra
2192 3646 2611 3735 Ecclesiam,
2646 3658 2721 3724 et
2752 3648 3023 3744 absque

891 3768 1188 3845 Parochi
1239 3764 1753 3852 benedictione,
1810 3764 2087 3861 alioque
2164 3763 2637 3844 ecclesiastico
2692 3765 2837 3837 ritu
2888 3786 3027 3838 ce—

893 3885 1245 3961 lebrandis
1296 3883 1486 3956 haud
1537 3890 1779 3978 aperte
1831 3880 2275 3957 declarantur
2304 3933 2325 3968 ,
2380 3893 2625 3956 tamen
2654 3879 3027 3976 implicite

891 4006 1365 4080 eontinentur.
1399 4000 1500 4073 Ae
1541 3998 1895 4073 Sanctitas
1932 3998 2075 4073 Sua
2113 4020 2362 4075 omnes
2404 3995 3027 4097 Archiepiscopos,

891 4122 1306 4218 Episcopus,
1363 4118 1676 4213 aliosque
1726 4114 2073 4192 Locorum
2109 4114 2509 4191 ordinarios
2562 4115 3033 4189 vehementer

891 4244 966 4317 in
1021 4238 1322 4327 Domino
1380 4248 1652 4347 monet,
1691 4235 2039 4325 hortatur,
2070 4248 2145 4311 et
2181 4237 2472 4325 excitat,
2510 4236 2753 4333 eisque
2802 4256 3031 4309 man-
