3317 5267
870 471 1014 541 590

856 585 1057 684 legiis
1096 637 1117 674 ,
1172 584 1428 661 scholis
1479 597 1555 659 et
1602 585 1756 660 aliis
1809 579 2136 662 omnibus
2188 585 2630 661 educationis
2681 607 2814 661 seu
2867 587 2982 662 in·-

856 707 1267 782 structionis
1292 707 1587 782 istitutis
1614 707 1750 782 erit
1777 706 1984 804 plane
2008 703 2389 781 conformis
2419 707 2786 783 doctrinae
2802 709 2994 784 eius-

857 826 1021 901 dem
1048 825 1431 902 catholicae
1456 826 1838 924 religionis,
1853 837 1929 901 et
1953 825 2204 901 iccirco
2215 824 2548 923 Episcopi
2565 837 2642 901 et
2666 826 2996 904 locorum

858 943 1205 1020 Ordinarii
1252 943 1455 1018 liberi
1507 945 1799 1019 omnino
1849 953 2061 1018 erunt
2109 942 2184 1016 in
2233 943 2598 1040 dirigenda
2632 943 2995 1035 doctrina,

864 1085 1045 1160 quae
1094 1061 1182 1136 ad
1237 1060 1724 1157 TheologicaS,
1762 1070 1838 1134 et
1871 1056 2208 1135 Canonici
2279 1061 2453 1135 iuris
2507 1057 2890 1136 facultates
2923 1073 3004 1136 et

862 1179 951 1254 ad
986 1179 1157 1252 alias
1190 1178 1701 1253 ecclesiasticas
1735 1179 2029 1275 eiusque
2063 1179 2342 1277 generis
2386 1177 2793 1275 disciplinas
2828 1202 2999 1278 per-

738 1303 745 1310 ’
859 1295 1066 1370 tinet.
1121 1294 1417 1393 Insuper
1476 1295 1692 1370 iidem
1761 1292 2110 1369 Ordinarii
2177 1305 2254 1368 et
2308 1293 2644 1392 Episcopi
2705 1307 2998 1392 praeter

812 1513 817 1520 .
858 1415 1053 1490 illam
1106 1415 1676 1503 sollicitudinem,
1732 1435 1950 1512 quam
1999 1437 2094 1488 ex
2144 1415 2410 1510 proprii
2449 1414 2826 1490 ministerii
2877 1413 2996 1492 of-

858 1535 1019 1611 ficio
1070 1536 1141 1610 in
1182 1533 1585 1632 religiosam
1637 1534 2028 1609 iuventutis
2073 1534 2566 1610 educationem
2617 1547 2990 1624 exercent,

860 1653 1343 1751 advigilabant
1396 1654 1639 1742 etiam,
1695 1661 1780 1726 ut
1827 1652 1904 1724 in
1939 1653 2188 1749 quavis
2227 1651 2564 1728 tradenda
2613 1651 2992 1750 disciplina

856 1771 1031 1870 nihil
1082 1772 1293 1859 adsit,
1348 1771 1537 1869 quod
1590 1767 1978 1845 catholicae
2029 1769 2350 1866 religioni
2401 1769 2696 1866 eiusque
2729 1769 2992 1845 doctri-

854 1911 989 1964 nae
1040 1911 1125 1963 ac
1172 1907 1455 1962 morum
1503 1886 1860 1962 honestati
1921 1886 2334 1961 adversetur
2369 1908 2396 1974 3
2457 1885 2648 1982 quod
2699 1885 2764 1960 si
2819 1909 2990 1960 um-

828 2009 1071 2114 ·quam
1132 2007 1451 2084 evenerit
1488 2059 1509 2096 ,
1592 2005 2110 2104 Episcoporum
2171 2017 2386 2104 atque
2445 1990 2986 2084 Ordinatiorum

858 2149 1071 2206 curae
1122 2128 1262 2202 erit
1312 2126 1498 2224 apud
1552 2123 1992 2200 Gubernium
2040 2147 2320 2221 urgere,
2373 2136 2456 2200 ut
2505 2135 2990 2223 opportunum

856 2245 1103 2319 statim
1156 2242 1489 2322 adhibeat
1546 2241 1966 2318 remedium.

1740 2475 1918 2550 Αιτ.
1975 2475 2096 2550 Ill.

870 2741 923 2754 ··
1008 2713 1342 2814 Episcopi
1390 2723 1756 2811 praeterea
1805 2713 1960 2786 iure
1993 2735 2125 2788 suo
2158 2709 2492 2786 fruuntur
2525 2715 2984 2791 examinandi

856 2845 931 2910 et
980 2851 1353 2909 censuram
1404 2827 1674 2904 ferendi
1727 2829 1802 2901 in
1855 2851 2104 2904 omnes
2151 2827 2386 2903 libros
2417 2840 2516 2906 et
2565 2829 2986 2928 publicatio-

853 2974 983 3026 nes
1032 2967 1479 3048 quacumque
1530 2946 1806 3022 ratione
1857 2947 1932 3019 in
1995 2945 2246 3042 vulgus
2283 2945 2606 3036 emissas,
2659 2971 2842 3046 quae
2893 2951 2984 3026 ad

850 3071 1015 3146 fidei
1066 3070 1397 3166 dogmata
1429 3117 1450 3154 ,
1506 3064 1862 3141 Ecclesiae
1893 3064 2356 3162 „disciplinam
2388 3117 2409 3154 ,
2465 3077 2541 3140 et
2591 3067 2682 3142 ad
2732 3069 2990 3165 publi-

766 3219 771 3226 ·
854 3212 1014 3265 cam
1066 3209 1346 3264 morum
1400 3185 1852 3261 honestatem
1890 3185 2141 3282 quovis
2197 3185 2410 3260 modo
2457 3187 2820 3284 pertinent
2851 3213 2985 3286 per

848 3327 1192 3403 congruas
1245 3303 1631 3402 pastorales
1683 3303 2022 3399 'epistolas
2077 3302 2188 3378 vel
2241 3299 2553 3378 Decreta
2601 3327 2786 3404 quae
2847 3329 2980 3383 eo-

849 3423 1175 3498 rumdem
1228 3420 1564 3495 librorum
1600 3419 2278 3509 errores-damnent,
2316 3441 2704 3519 eorumque
2727 3421 2984 3501 lectio-

849 3562 1017 3616 nem
1068 3536 1516 3637 prohibeant,
1568 3549 1647 3613 et
1705 3537 2136 3634 Supremam
2197 3535 2634 3614 Gubernium
2687 3539 2763 3616 S.
2817 3541 2980 3618 sal-

848 3657 1115 3734 vetoris
1140 3675 1428 3732 omnem
1454 3655 1896 3730 auctoritatis
1923 3679 2092 3732 suae
2117 3675 2330 3753 opem
2353 3668 2434 3732 et
2455 3678 2746 3754 operam
2771 3681 2976 3755 prae-

848 3775 1067 3852 stabit
1120 3772 1208 3847 ad
1260 3771 1595 3846 tutandas
1642 3772 2166 3869 dispositiones,
2221 3795 2400 3871 quas
2451 3773 2587 3870 ipsi
2635 3771 2976 3875 Episcopi

750 3921 758 3934 ·
850 3895 1053 3969 iuxta
1104 3891 1476 3968 canonicas
1529 3893 1930 3966 sanctiones
1967 3893 2363 3989 suscepturi
2409 3904 2621 3968 erunt
2667 3894 2756 3969 ad
2807 3896 2980 3970 reli-

848 4013 1133 4108 gionem
1198 4009 1533 4084 tuendam
1573 4062 1594 4097 ,
1675 4021 1890 4106 atque
1953 3997 2070 4086 ad'
2116 4012 2574 4088 devitandum
2636 4013 2978 4112 quidquid

752 4215 761 4226 ,
849 4131 1081 4204 eidem
1134 4129 1453 4228 religioni
1504 4130 1864 4205 adversari
1905 4131 2152 4227 possit.
