3317 5267
877 430 1018 501 170

866 546 1043 622 licae
1094 542 1295 619 Sedis
1346 545 1498 619 iura
1556 544 1958 642 proculcata
2019 545 2235 619 etiam
2291 554 2506 642 atque
2565 544 2786 617 etiam
2847 568 2982 619 re·-

872 664 1175 739 clamare
1210 686 1576 761 nunquam
1613 665 2044 739 desinemus.
2985 669 2998 678 '

1026 779 1287 853 Verum
1342 780 1414 853 in
1468 780 1601 855 hac
1657 790 1858 854 tanta
1911 792 2318 878 temporum
2367 802 2746 877 rerumque
2799 802 2994 853 con-

869 900 1219 985 versione,
1259 899 1331 972 in
1366 898 1501 973 hac
1536 911 1738 974 tanta
1775 898 2130 974 Ecclesiae
2175 900 2725 996 oppugnatione,
2763 898 2996 971 omni-

868 1040 1133 1116 umque
1194 1018 1594 1093 divinorum
1635 1071 1656 1106 ,
1715 1017 2330 1115 humanorumque
2383 1016 2642 1090 iurium
2695 1014 2994 1090 concul-

872 1138 1147 1212 catione
1186 1190 1207 1225 ,
1262 1149 1338 1211 et
1390 1135 1778 1214 Sacerdotii
1848 1146 2268 1231 contemptu
2329 1159 2472 1210 non
2537 1137 2992 1211 concidamus

873 1256 1135 1342 animo,
1195 1253 1643 1330 Venerabiles
1712 1254 2021 1329 Fratres
2079 1252 2372 1329 Caelum
2421 1254 2616 1327 enim
2665 1266 2742 1327 et
2797 1266 2991 1328 terra

871 1371 1299 1462 transibunt,
1334 1374 1551 1449 verba
1576 1386 1816 1448 autem
1845 1372 2492 1469 promissionesque
2519 1370 2803 1447 Domini
2843 1396 2992 1447 non

869 1489 1383 1587 praeteribunt,
1424 1513 1531 1578 ae,
1576 1491 1789 1565 veluti
1829 1491 2146 1589 apprime
2182 1489 2435 1578 nostis,
2487 1486 2990 1563 florentissima

870 1608 1167 1704 imperia
1196 1660 1217 1694 ,
1274 1630 1489 1704 regna
1511 1660 1534 1696 ,
1588 1610 1912 1683 nationes
1935 1660 1956 1695 ,
2013 1607 2226 1681 urbes
2278 1618 2353 1681 et
2403 1606 2724 1704 regiones
2775 1606 2991 1682 dissi-

872 1726 1051 1821 pari,
1104 1724 1319 1798 deleri
1354 1736 1431 1798 et
1466 1748 1792 1801 corruere
1827 1736 2152 1821 possunt,
2191 1718 2317 1798 s‘ed
2353 1722 2669 1797 Ecclesia
2704 1746 2744 1796 a
2781 1720 2994 1798 Chri-

870 1853 985 1915 sto
1036 1840 1341 1917 Domino
1400 1840 1694 1917 fundata
1733 1896 1754 1931 ,
1835 1855 1910 1917 et
1961 1842 2437 1938 omnipotenti
2489 1840 2666 1916 Eius
2718 1844 2990 1917 virtute

870 1961 1317 2035 continenter
1374 1972 1774 2037 sustentata
1845 1972 1922 2035 et
1987 1961 2336 2035 illustrata
2397 1962 2591 2036 nullo
2665 1986 2988 2059 unquam

870 2079 1083 2154 modo
1118 2078 1416 2155 convelli
1452 2092 1528 2155 et
1560 2078 1968 2154 labefactari
2011 2090 2275 2175 potest,
2331 2090 2408 2152 et
2458 2082 2988 2175 persecutioni-

864 2192 997 2269 bus
1048 2219 1190 2270 non
1242 2197 1547 2273 vincitur
1574 2249 1595 2286 ,
1650 2222 1794 2275 non
1845 2196 2292 2270 imminuitur
2313 2248 2335 2283 ,
2417 2196 2540 2271 sed
2619 2208 2928 2293 augetur
2951 2252 2975 2285 ,

869 2314 1211 2410 novisque
1246 2338 1527 2412 semper
1563 2338 1645 2390 ac
1681 2313 2266 2411 splendidioribus
2301 2326 2690 2389 exornatur
2725 2315 2990 2389 trium-

869 2430 1057 2527 phis.
1120 2458 1154 2503 «
1189 2430 1337 2507 Hoc
1388 2435 1579 2506 enim
1634 2432 1989 2507 Ecclesiae
2049 2434 2414 2530 proprium
2449 2444 2562 2507 est
2599 2483 2620 2520 ,
2677 2444 2760 2506 ut
2813 2444 2988 2508 tunc

878 2572 913 2616 »
974 2552 1211 2622 vincat
1262 2570 1427 2623 cum
1476 2550 1803 2636 laeditur,
1845 2558 2014 2622 tunc
2049 2547 2480 2648 intelligatur
2525 2570 2692 2623 cum
2743 2552 2988 2647 argui-

881 2690 915 2735 »
976 2677 1117 2755 tur,
1175 2679 1344 2742 tunc
1394 2665 1716 2744 obtineat
1765 2688 1929 2742 cum
1979 2668 2326 2741 deseritur
2357 2692 2390 2735 ιι
2437 2662 2566 2764 (¹).

1026 2784 1131 2859 Ne
1182 2786 1746 2860 intermittamus
1795 2798 2036 2859 autem
2088 2786 2162 2858 in
2213 2785 2410 2859 omni
2468 2784 2631 2872 fide,
2695 2806 2849 2881 spe,
2907 2795 2984 2858 et

868 2904 1269 2980 humilitate
1296 2907 1523 2982 cordis
1558 2907 1709 2983 dies
1736 2917 2120 3003 noctesque
2145 2906 2524 2981 ardentiori
2545 2930 2592 2980 u
2609 2926 2786 3002 sque
2821 2917 2984 2980 stu-

871 3025 989 3099 dio
1040 3024 1680 3099 misericordiarum
1733 3021 1962 3098 Deum
2015 3046 2214 3098 orare
2275 3036 2350 3097 et
2411 3022 2778 3096 obsecrare
2817 3074 2838 3108 ,
2897 3034 2982 3093 ut

872 3164 1001 3239 per
1052 3145 1307 3216 merita
1359 3140 1716 3238 Unigeniti
1773 3140 1932 3215 Filii
1981 3139 2104 3214 Sui
2165 3137 2450 3215 Domini
2503 3138 2740 3213 Nostri
2803 3136 2980 3211 Jesu

869 3258 1133 3334 Christi
1185 3258 1357 3332 velit
1408 3259 1728 3334 omnium
1771 3257 2398 3354 praevaricantium
2449 3255 2800 3353 propitius
2834 3255 2978 3329 mi·-

866 3377 1083 3451 sereri
1117 3428 1136 3464 ,
1196 3398 1459 3472 eosque
1510 3374 1796 3449 caelesti
1851 3396 1978 3447 sua
2025 3373 2248 3469 gratia
2299 3371 2716 3469 perfundere
2747 3424 2768 3459 ,
2823 3370 2977 3445 illu-

866 3488 1153 3589 straref,
1207 3504 1423 3592 atque
1475 3494 1563 3567 ad
1613 3514 1694 3566 se
1741 3502 2154 3567 convertere
2179 3542 2202 3579 ,
2255 3490 2586 3563 reducere
2615 3540 2638 3576 ,
2693 3498 2920 3585 utque
2949 3540 2972 3575 ,

868 3608 1198 3687 omnibus
1258 3610 1645 3709 profligatis
1707 3607 2057 3683 erroribus
2097 3660 2118 3694 ,
2183 3606 2652 3704 omnibusque
2713 3607 2974 3681 amotis

865 3730 1357 3830 iniquitatibus
1398 3782 1419 3818 ‚
1472 3729 1712 3804 divina
1763 3752 1890 3803 sua
1940 3726 2182 3826 religio
2221 3780 2242 3818 ,
2301 3730 2594 3824 eiusque
2647 3728 2974 3800 salutaris

868 3849 1215 3936 doctrina,
1258 3871 1439 3945 quae
1476 3848 1564 3921 ad
1602 3845 2066 3942 temporalem
2105 3868 2387 3945 quoque
2427 3866 2806 3941 regnorum
2841 3866 2976 3940 po—

862 3966 1327 4064 pulorumque
1379 3965 1788 4042 felicitatem
1837 3974 1912 4037 et
1961 3960 2546 4061 tranquillitatem
2597 3974 2970 4060 tantopere

1026 4214 1115 4298 (1)
1156 4213 1408 4281 S.Hilar.
1452 4214 1529 4281 de
1568 4212 1783 4281 Trinit.
1829 4208 1932 4276 lib.
1977 4210 2036 4275 7.
2084 4228 2138 4274 c.
2187 4208 2243 4274 4.
