3317 5267
2398 470 2495 541 25

356 584 608 659 sertim
644 576 1052 669 munerum,
1083 602 1166 655 ac
1189 579 1536 656 bonorum
1563 581 1869 677 copiam,
1900 603 2083 679 quae
2108 604 2201 655 ex
2226 584 2361 657 hac
2387 585 2501 655 in-

353 702 656 787 cruenti,
687 700 1050 796 divinique
1076 697 1408 772 Sacriflcii
1433 698 1899 809 applicatione
1928 698 2001 772 in
2027 698 2489 773 christianam

349 818 632 915 plebem
687 838 931 893 eorum
983 836 1190 889 curae
1267 816 1727 889 commissam
1776 815 2054 891 abunde
2106 817 2483 892 redundat.

353 933 536 1009 Cum
591 958 762 1009 vero
813 932 958 1007 Nos
1009 932 1304 1005 minime
1338 931 1584 1020 lateat,
1623 933 2013 1028 peculiares
2050 957 2255 1009 casus
2316 959 2493 1011 con-

352 1054 628 1151 tingere
678 1072 918 1149 posse,
973 1052 1046 1123 in
1097 1048 1360 1147 quibus
1409 1072 1540 1147 pro
1591 1072 1671 1124 re
1722 1073 1807 1125 ac
1858 1062 2179 1148 tempore
2260 1051 2493 1151 aliqua

353 1170 574 1245 huius
623 1168 1074 1265 obligationis
1143 1168 1468 1243 remissio
1545 1166 1871 1263 parochis
1920 1170 2017 1243 sit
2068 1168 2439 1248 tribuenda
2466 1218 2489 1258 ,

347 1288 588 1362 sciatis
639 1287 944 1362 velimus
974 1339 997 1374 ,
1040 1285 1130 1359 ab
1181 1284 1514 1360 omnibus
1567 1284 1901 1360 Nostram
1956 1280 2251 1363 Concilii
2305 1288 2494 1365 Gon-

349 1406 834 1502 gregationem
888 1402 1094 1477 unice
1147 1421 1306 1475 esse
1341 1402 1737 1475 adeundam
1774 1403 1865 1477 ad
1902 1400 2305 1478 huiusmodi
2358 1404 2491 1479 ob-

349 1520 640 1595 tinenda
696 1519 975 1593 indulta
1008 1570 1028 1605 ‚
1071 1516 1206 1591 illis
1255 1517 1640 1591 dumtaxat
1690 1518 2035 1615 exceptis,
2076 1517 2199 1615 qui
2252 1543 2295 1593 a
2346 1518 2491 1597 No-

346 1650 498 1710 stra
549 1634 1112 1733 Congrcgatione
1145 1632 1308 1707 fidei
1344 1633 1843 1729 propagandae
1878 1636 2281 1729 praeposita
2306 1658 2489 1734 pen-

343 1756 481 1830 den
489 1766 545 1843 t,
601 1776 768 1829 cum
823 1766 1262 1852 opportunas
1313 1753 1598 1850 utrique
1633 1750 2181 1850 Congregationi
2234 1770 2491 1833 contu·-

354 1872 652 1947 lerimus
703 1870 1110 1947 facultates.
2576 1969 2583 1975 ·

497 1992 686 2067 Nihil
737 1994 950 2090 plane
983 1992 1423 2079 dubitamus,
1465 1990 1921 2066 venerabiles
1962 1994 2276 2083 Fratres,
2316 1999 2487 2095 quin

339 2133 472 2207 pro
524 2111 783 2184 eximia
837 2122 1078 2184 vestra
1139 2110 1516 2206 episcopali
1595 2110 2069 2185 sollicitudine
2148 2115 2481 2191 omnibus

339 2240 414 2303 et
465 2230 758 2327 singulis
811 2241 1208 2303 vestrarum
1249 2226 1693 2304 Dioecesium
1732 2232 2084 2326 parochis,
2124 2230 2315 2307 nulla
2367 2232 2483 2307 in·-

351 2346 704 2443 terposita
753 2368 980 2433 mora,
1037 2346 1282 2421 sedulo
1361 2344 1823 2421 manifestare
1892 2348 2127 2423 velitis
2179 2374 2361 2448 quae
2412 2352 2485 2425 in

335 2462 534 2537 hisce
576 2462 852 2538 Nostris
888 2460 1178 2535 Litteris
1213 2463 1304 2535 de
1339 2484 1585 2538 eorum
1623 2462 2049 2561 obligatione
2086 2467 2483 2563 applicandi

335 2604 470 2679 pro
521 2580 786 2679 populo
825 2577 972 2655 sibi
1023 2580 1408 2657 commisso
1459 2592 1991 2657 sacrosanctum
2059 2581 2313 2659 Missae
2366 2606 2484 2659 sa-

333 2698 674 2775 crificium
731 2716 1062 2795 suprema
1115 2698 1374 2773 Nostra
1427 2700 1853 2774 auctoritate
1926 2702 2336 2777 confirmatu
2344 2722 2427 2776 us
2458 2757 2479 2792 ,

333 2840 418 2890 ac
469 2816 706 2890 denuo
755 2816 1264 2889 constituimus
1296 2867 1319 2902 ,
1377 2815 1710 2891 volumus
1735 2867 1758 2904 ‚
1814 2819 2293 2916 praecipimus
2334 2872 2357 2901 ,
2406 2832 2483 2894 et

329 2934 782 3009 mandamus.
846 2929 950 3006 Ac
1001 2931 1624 3028 persuasissimum
1678 2954 1961 3033 quoque
2025 2935 2239 3011 Nobis
2292 2948 2417 3009 est
2454 2990 2477 3023 ,

337 3050 482 3127 Vos
534 3051 926 3125 maximam
977 3047 1416 3127 adhibituros
1453 3074 1610 3126 esse
1662 3052 2125 3149 vigilantiam,
2181 3064 2265 3125 ut
2316 3054 2475 3125 ani-

335 3188 623 3242 marum
675 3176 1042 3243 curatores
1094 3167 1274 3242 hanc
1327 3170 1542 3242 etiam
1613 3171 1725 3244 sui
1802 3171 2121 3243 muneris
2200 3182 2477 3265 partem

329 3286 706 3383 diligenter
783 3281 1152 3380 impleant,
1207 3306 1292 3359 ac
1343 3287 1661 3361 studiose
1738 3286 2129 3360 observent
2202 3306 2385 3381 quae
2435 3308 2477 3359 a

327 3403 550 3479 Nobis
600 3400 672 3476 in
727 3402 922 3477 hisce
975 3400 1266 3477 Litteris
1317 3414 1590 3477 statuta
1671 3416 1887 3501 atque
1940 3402 2209 3476 sancita
2278 3412 2470 3477 sunt.

325 3520 685 3618 Optamus
738 3532 980 3595 autem
1036 3532 1122 3593 ut
1171 3519 1430 3595 harum
1483 3518 1911 3596 Litterarum
1974 3520 2340 3617 exemplar
2400 3522 2475 3593 in

336 3638 712 3714 Tabulario
763 3639 1184 3736 episcopalis
1237 3641 1586 3736 cuiusque
1639 3649 1960 3713 vestrum
2018 3636 2269 3713 Curiae
2320 3662 2473 3735 per-

323 3767 548 3853 petuo
601 3766 1031 3829 asservetur.
1990 3758 1995 3763 “

484 3874 666 3947 Cum
719 3884 989 3962 autem,
1031 3874 1482 3952 venerabiles
1525 3876 1836 3963 Fratres,
1874 3874 2097 3972 probe
2130 3877 2465 3960 noscatis,

323 4002 779 4091 sacrosancto
829 3984 1084 4067 Missae
1132 3992 1472 4069 sacrificio
1525 4016 1859 4091 magnam
1946 3993 2167 4066 fidelis
2228 3993 2467 4089 populi

321 4107 666 4183 contineri
721 4108 1218 4197 eruditionem,
1275 4133 1364 4185 ne
1415 4112 1909 4185 intermittatis
1946 4130 2290 4207 unquam,
2346 4130 2467 4206 pa-

325 4224 580 4301 rochos
633 4228 1050 4323 praesertim
1083 4280 1104 4317 ,
1161 4228 1472 4327 aliosque
1523 4227 1744 4305 divini
1801 4227 1997 4303 verbi
2050 4250 2465 4325 praeconeS,
