3317 5267
702 511 710 519 ·
2313 473 2456 546 628

310 610 449 686 que
500 585 949 674 Sodalltates,
980 585 1353 674 Beneficia,
1384 597 1459 662 et
1486 583 1982 685 cappellaniae
2021 589 2240 664 etiam
2279 587 2450 664 iuris

310 715 731 798 patronatus
780 703 931 778 suis
982 703 1375 780 redditibus
1430 703 1800 800 spoliatae.
1857 701 2096 801 Atque
2135 725 2264 800 per
2287 727 2450 780 eas-

308 819 476 894 dem
530 821 1029 896 iniustissimas
1080 820 1273 918 leges
1303 872 1325 909 ,
1380 831 1457 896 et
1506 821 1800 896 decreta
1853 819 2256 918 legitimum
2308 819 2452 894 Ec-

310 935 570 1012 clesiae
620 937 1057 1034 acquirendi,
1114 959 1197 1012 ac
1248 938 1655 1034 possidendi
1709 937 1818 1012 ius
1873 939 2166 1014 omnino
2223 959 2455 1034 oppu-

310 1066 639 1151 gnatum,
668 1066 745 1129 et
768 1056 1115 1154 cuiusque
1148 1055 1525 1132 acatholici
1561 1055 1799 1132 cultus
1825 1054 2117 1132 libertas
2153 1056 2450 1143 sancita,

310 1185 389 1247 et
438 1195 689 1250 omnes
724 1175 1097 1271 utriusque
1114 1197 1336 1248 sexus
1370 1173 1782 1272 Religiosae
1809 1173 2143 1250 Familiae
2179 1175 2254 1248 in
2277 1171 2457 1248 Neo-

314 1293 723 1389 granatensi
774 1293 1135 1369 territorio
1186 1304 1551 1370 morantes
1600 1295 1694 1370 de
1753 1292 1990 1370 medio
2067 1291 2389 1368 sublatae
2427 1343 2450 1379 ,

313 1433 701 1509 earumque
752 1412 1137 1487 existentia
1196 1411 1404 1509 plane
1440 1411 1844 1500 interdicta,
1873 1419 1950 1486 et
1975 1411 2196 1486 vetita
2231 1410 2452 1484 etiam

312 1530 637 1604 omnium
686 1528 1117 1606 Litterarum
1150 1581 1171 1619 ,
1224 1542 1301 1606 et
1348 1531 1696 1629 cuiusque
1743 1529 2203 1629 Apostolicae.
2239 1528 2452 1604 huius

313 1645 515 1722 Sedis
564 1648 920 1745 Rescripti
973 1649 1453 1746 promulgatio
1491 1701 1514 1738 ,
1566 1659 1647 1723 et
1698 1648 1888 1724 exilii
1943 1671 2174 1756 poena
2225 1646 2452 1722 eccle-

314 1765 617 1840 siasticis
668 1766 864 1854 viris,
920 1765 1117 1840 laicis
1172 1790 1341 1842 vero
1392 1766 1664 1842 multae
1717 1777 1795 1841 et
1829 1766 2128 1842 carceris
2163 1765 2451 1854 indicta,

316 1878 377 1952 si
430 1879 595 1956 huic
645 1882 1067 1958 ordinationi
1092 1882 1381 1958 obedire
1433 1883 1944 1958 recusaverint.
1985 1883 2284 1980 Insuper
2305 1883 2456 1958 eis-

312 1998 479 2072 dem
563 1999 1001 2076 detestandis
1050 2001 1329 2099 legibus
1380 2025 1463 2076 ac
1512 2001 1821 2077 decretis
1879 2001 2220 2076 statuitur
2264 2051 2287 2090 ,
2369 2011 2454 2076 ut

290 2101 683 2215 ‘utriusque
734 2116 923 2194 Cleri
973 2120 1107 2195 viri
1158 2122 1351 2196 exilii
1403 2144 1633 2219 poena
1672 2120 2092 2207 afficiantur,
2149 2119 2270 2216 qui
2312 2119 2452 2215 legi

316 2233 505 2308 circa
550 2233 901 2312 bonorum
950 2235 1312 2314 Ecclesiae
1380 2238 1880 2335 spoliationem
1957 2237 2454 2334 obtemperare

314 2345 865 2426 detrectaverint
902 2404 925 2441 ,
981 2364 1203 2451 utque
1253 2361 1505 2429 omnes
1580 2354 2040 2430 ecclesiastici
2127 2353 2456 2428 homines

308 2467 497 2542 sacri
546 2469 919 2546 ministerii
992 2472 1237 2547 munia
1288 2471 1485 2548 obire
1567 2472 1863 2572 minime
1910 2481 2180 2569 queant
2217 2520 2240 2559 ,
2317 2469 2458 2546 nisi

315 2583 649 2680 primum·
678 2586 1067 2664 iuraverint
1102 2641 1126 2678 ,
1210 2601 1293 2666 se'
1338 2589 1942 2687 Neogranatensis
1996 2585 2456 2685 Reipublicae

316 2703 833 2793 constitutioni,
886 2706 1303 2806 cunctisque
1354 2707 1543 2783 illius
1600 2706 1878 2805 legibus
1905 2705 2267 2782 Ecclesiae
2295 2716 2460 2783 tan-.-

307 2829 551 2916 topere
602 2823 917 2900 adversis
966 2827 1113 2899 iam
1162 2827 1379 2901 editis
1406 2877 1429 2913 ,
1484 2836 1563 2900 et
1614 2825 1688 2898 in
1741 2837 2112 2922 posterum
2165 2823 2456 2898 edendis

316 2935 611 3035 obsequi
651 2991 673 3028 ,
729 2963 813 3016 ac
862 2940 1079 3016 simul
1130 2942 1324 3018 exilii
1378 2929 1618 3039 poena*
1661 2941 1748 3015 iis
1799 2939 2134 3016 omnibus
2199 2938 2459 3036 infligi-

316 3065 459 3144 tur,
512 3058 636 3156 qui
688 3059 1095 3136 huiusmodi
1124 3061 1427 3157 impium
1474 3060 1942 3156 illicitumque
1969 3057 2458 3134 iusiurandum

314 3186 675 3269 praestare
726 3179 1021 3253 minime
1070 3177 1445 3254 voluerint.
1500 3175 1696 3250 Haec
1746 3187 1822 3251 et
1899 3175 2034 3250 alia
2095 3173 2322 3249 multa
2373 3197 2460 3250 0-

318 3294 565 3372 mnino
616 3296 879 3370 iniusta
930 3308 1005 3370 et
1030 3296 1277 3392 impia,
1309 3317 1491 3392 quae
1550 3294 1966 3393 singillatim
2013 3313 2456 3369 commemo-

314 3431 475 3484 rare
527 3412 791 3499 taedet,
846 3423 1095 3486 contra
1128 3411 1523 3488 Ecclesiam
1582 3434 1625 3484 a
1664 3410 2256 3508 Neogranatensis
2285 3409 2458 3486 Rei-

316 3528 639 3625 publicae
692 3527 1078 3620 Gubernio,
1133 3531 1561 3630 proculcatis
1612 3529 1944 3607 omnibus
1993 3529 2280 3619 divinis,
2329 3528 2461 3604 hu·-

317 3649 693 3746 manisque
746 3649 1043 3738 iuribuS,
1098 3661 1269 3726 sunt
1319 3650 1732 3726 constituta.

478 3762 659 3838 Cum
710 3777 953 3841 autem
1010 3790 1165 3858 vos,
1222 3765 1678 3842 venerabiles
1731 3764 2043 3851 Fratres,
2072 3787 2202 3861 pro
2254 3785 2460 3860 egre-

318 3883 433 3980 gia
491 3895 728 3959 vestra
782 3885 1147 3983 religione,
1202 3895 1279 3958 et
1330 3885 1595 3958 virtute
1647 3882 1842 3956 haud
1879 3879 2262 3956 omiseritis
2299 3891 2456 3954 tum

324 4026 499 4078 voce
530 4055 551 4092 ,
611 4015 765 4078 tum
816 4005 1099 4103 scriptis
1150 4013 1561 4080 constanter
1617 4002 1958 4078 obsistere
2012 4010 2124 4084 tot
2201 3998 2460 4096 iniquis

318 4121 813 4220 sacrilegisque
866 4123 1185 4198 eiusdem
1236 4118 1575 4198 Gubernii
1630 4117 1948 4205 ausibus,
2003 4125 2081 4190 et
2126 4115 2458 4204 decretis,

1855 4353 1948 4422 40
