<?xml version="1.0" encoding="UTF-8"?>
<!DOCTYPE html PUBLIC "-//W3C//DTD XHTML 1.0 Transitional//EN"
    "http://www.w3.org/TR/xhtml1/DTD/xhtml1-transitional.dtd">
<html xmlns="http://www.w3.org/1999/xhtml" xml:lang="en" lang="en">
 <head>
  <title>
</title>
<meta http-equiv="Content-Type" content="text/html;charset=utf-8" />
  <meta name='ocr-system' content='tesseract 3.04.00' />
  <meta name='ocr-capabilities' content='ocr_page ocr_carea ocr_par ocr_line ocrx_word'/>
</head>
<body>
  <div class='ocr_page' id='page_1' title='image "./piiixpontificis00ixgoog_0441.png"; bbox 0 0 3317 5267; ppageno 0'>
   <div class='ocr_carea' id='block_1_1' title="bbox 323 536 2466 4042">
    <p class='ocr_par' dir='ltr' id='par_1_1' title="bbox 323 536 2556 4057">
     <span class='ocr_line' id='line_1_1' title="bbox 332 536 2461 635; baseline -0.004 -5"><span class='ocrx_word' id='word_1_1' title='bbox 332 546 865 629; x_wconf 85' lang='lat' dir='ltr'><strong>consulendum.</strong></span> <span class='ocrx_word' id='word_1_2' title='bbox 922 538 1021 613; x_wconf 89' lang='lat' dir='ltr'><strong>Et</strong></span> <span class='ocrx_word' id='word_1_3' title='bbox 1068 538 1409 635; x_wconf 88' lang='lat' dir='ltr'><strong>quoniam</strong></span> <span class='ocrx_word' id='word_1_4' title='bbox 1456 536 1698 628; x_wconf 84' lang='lat' dir='ltr'>Vobis,</span> <span class='ocrx_word' id='word_1_5' title='bbox 1760 540 2214 621; x_wconf 77' lang='lat' dir='ltr'><strong>venerabiles</strong></span> <span class='ocrx_word' id='word_1_6' title='bbox 2267 545 2461 621; x_wconf 86' lang='lat' dir='ltr'><strong>Fra-</strong></span> 
     </span>
     <span class='ocr_line' id='line_1_2' title="bbox 336 657 2466 763; baseline 0.001 -24"><span class='ocrx_word' id='word_1_7' title='bbox 336 681 511 759; x_wconf 84' lang='lat' dir='ltr'><strong>tres,</strong></span> <span class='ocrx_word' id='word_1_8' title='bbox 566 662 885 761; x_wconf 88' lang='lat' dir='ltr'><strong>apprime</strong></span> <span class='ocrx_word' id='word_1_9' title='bbox 938 666 1125 733; x_wconf 74' lang='lat' dir='ltr'><strong>nota·</strong></span> <span class='ocrx_word' id='word_1_10' title='bbox 1163 666 1277 732; x_wconf 88' lang='lat' dir='ltr'><strong>est</strong></span> <span class='ocrx_word' id='word_1_11' title='bbox 1326 657 1637 733; x_wconf 89' lang='lat' dir='ltr'><strong>conditio</strong></span> <span class='ocrx_word' id='word_1_12' title='bbox 1691 670 1768 733; x_wconf 86' lang='lat' dir='ltr'><strong>et</strong></span> <span class='ocrx_word' id='word_1_13' title='bbox 1804 672 2034 737; x_wconf 86' lang='lat' dir='ltr'><strong>status</strong></span> <span class='ocrx_word' id='word_1_14' title='bbox 2071 665 2300 763; x_wconf 84' lang='lat' dir='ltr'><strong>gregis</strong></span> <span class='ocrx_word' id='word_1_15' title='bbox 2335 690 2466 741; x_wconf 88' lang='lat' dir='ltr'><strong>cu-</strong></span> 
     </span>
     <span class='ocr_line' id='line_1_3' title="bbox 330 778 2463 879; baseline 0 -21"><span class='ocrx_word' id='word_1_16' title='bbox 330 807 453 858; x_wconf 89' lang='lat' dir='ltr'><strong>rae</strong></span> <span class='ocrx_word' id='word_1_17' title='bbox 506 794 787 857; x_wconf 83' lang='lat' dir='ltr'><strong>vestrae</strong></span> <span class='ocrx_word' id='word_1_18' title='bbox 822 779 1090 865; x_wconf 80' lang='lat' dir='ltr'><strong>traditi,</strong></span> <span class='ocrx_word' id='word_1_19' title='bbox 1129 778 1381 851; x_wconf 78' lang='lat' dir='ltr'>iccirco</span> <span class='ocrx_word' id='word_1_20' title='bbox 1417 800 1549 874; x_wconf 89' lang='lat' dir='ltr'><strong>pro</strong></span> <span class='ocrx_word' id='word_1_21' title='bbox 1588 790 1828 853; x_wconf 87' lang='lat' dir='ltr'><strong>vestra</strong></span> <span class='ocrx_word' id='word_1_22' title='bbox 1865 783 2206 878; x_wconf 80' lang='lat' dir='ltr'><strong>sapientia</strong></span> <span class='ocrx_word' id='word_1_23' title='bbox 2243 783 2463 879; x_wconf 85' lang='lat' dir='ltr'><strong>probe</strong></span> 
     </span>
     <span class='ocr_line' id='line_1_4' title="bbox 331 897 2458 991; baseline 0.001 -18"><span class='ocrx_word' id='word_1_24' title='bbox 331 902 585 989; x_wconf 76' lang='lat' dir='ltr'><strong>nostiS,</strong></span> <span class='ocrx_word' id='word_1_25' title='bbox 682 898 995 971; x_wconf 79' lang='lat' dir='ltr'><strong>maxime</strong></span> <span class='ocrx_word' id='word_1_26' title='bbox 1066 906 1419 991; x_wconf 80' lang='lat' dir='ltr'><strong>oportere,</strong></span> <span class='ocrx_word' id='word_1_27' title='bbox 1498 907 1579 969; x_wconf 89' lang='lat' dir='ltr'><strong>ut</strong></span> <span class='ocrx_word' id='word_1_28' title='bbox 1652 897 1744 969; x_wconf 89' lang='lat' dir='ltr'><strong>de</strong></span> <span class='ocrx_word' id='word_1_29' title='bbox 1819 897 2032 972; x_wconf 86' lang='lat' dir='ltr'><strong>rebus</strong></span> <span class='ocrx_word' id='word_1_30' title='bbox 2102 900 2458 991; x_wconf 85' lang='lat' dir='ltr'><strong>omnihus,</strong></span> 
     </span>
     <span class='ocr_line' id='line_1_5' title="bbox 328 1010 2463 1116; baseline 0 -25"><span class='ocrx_word' id='word_1_31' title='bbox 328 1038 510 1115; x_wconf 86' lang='lat' dir='ltr'><strong>quae</strong></span> <span class='ocrx_word' id='word_1_32' title='bbox 564 1023 839 1089; x_wconf 78' lang='lat' dir='ltr'><strong>vestras</strong></span> <span class='ocrx_word' id='word_1_33' title='bbox 900 1010 1281 1099; x_wconf 81' lang='lat' dir='ltr'><strong>Ecclesias,</strong></span> <span class='ocrx_word' id='word_1_34' title='bbox 1350 1024 1814 1109; x_wconf 75' lang='lat' dir='ltr'><strong>vestrumque</strong></span> <span class='ocrx_word' id='word_1_35' title='bbox 1876 1037 2160 1112; x_wconf 80' lang='lat' dir='ltr'><strong>gregem</strong></span> <span class='ocrx_word' id='word_1_36' title='bbox 2220 1018 2463 1116; x_wconf 77' lang='lat' dir='ltr'><strong>respi—</strong></span> 
     </span>
     <span class='ocr_line' id='line_1_6' title="bbox 324 1126 2465 1226; baseline 0 -19"><span class='ocrx_word' id='word_1_37' title='bbox 324 1134 547 1219; x_wconf 88' lang='lat' dir='ltr'><strong>ciunt,</strong></span> <span class='ocrx_word' id='word_1_38' title='bbox 602 1131 895 1216; x_wconf 85' lang='lat' dir='ltr'><strong>maiore,</strong></span> <span class='ocrx_word' id='word_1_39' title='bbox 954 1150 1095 1226; x_wconf 88' lang='lat' dir='ltr'><strong>qua</strong></span> <span class='ocrx_word' id='word_1_40' title='bbox 1150 1126 1302 1201; x_wconf 82' lang='lat' dir='ltr'><strong>fleri</strong></span> <span class='ocrx_word' id='word_1_41' title='bbox 1358 1139 1625 1224; x_wconf 87' lang='lat' dir='ltr'><strong>potest,</strong></span> <span class='ocrx_word' id='word_1_42' title='bbox 1681 1130 2044 1205; x_wconf 85' lang='lat' dir='ltr'><strong>celeritate</strong></span> <span class='ocrx_word' id='word_1_43' title='bbox 2095 1131 2237 1207; x_wconf 93' lang='lat' dir='ltr'><strong>Nos</strong></span> <span class='ocrx_word' id='word_1_44' title='bbox 2287 1134 2465 1207; x_wconf 87' lang='lat' dir='ltr'><strong>dili-</strong></span> 
     </span>
     <span class='ocr_line' id='line_1_7' title="bbox 326 1248 2461 1352; baseline 0 -23"><span class='ocrx_word' id='word_1_45' title='bbox 326 1255 739 1352; x_wconf 85' lang='lat' dir='ltr'><strong>gentissime</strong></span> <span class='ocrx_word' id='word_1_46' title='bbox 792 1252 1125 1325; x_wconf 86' lang='lat' dir='ltr'><strong>certiores</strong></span> <span class='ocrx_word' id='word_1_47' title='bbox 1176 1248 1409 1325; x_wconf 87' lang='lat' dir='ltr'><strong>facere</strong></span> <span class='ocrx_word' id='word_1_48' title='bbox 1461 1251 1726 1338; x_wconf 77' lang='lat' dir='ltr'><strong>velitiS,</strong></span> <span class='ocrx_word' id='word_1_49' title='bbox 1783 1264 1859 1325; x_wconf 91' lang='lat' dir='ltr'><strong>et</strong></span> <span class='ocrx_word' id='word_1_50' title='bbox 1911 1264 2311 1327; x_wconf 78' lang='lat' dir='ltr'>accuratam</span> <span class='ocrx_word' id='word_1_51' title='bbox 2372 1255 2461 1329; x_wconf 91' lang='lat' dir='ltr'><strong>de</strong></span> 
     </span>
     <span class='ocr_line' id='line_1_8' title="bbox 324 1366 2464 1458; baseline 0 -14"><span class='ocrx_word' id='word_1_52' title='bbox 324 1382 729 1445; x_wconf 85' lang='lat' dir='ltr'><strong>vestrarum</strong></span> <span class='ocrx_word' id='word_1_53' title='bbox 780 1366 1227 1443; x_wconf 89' lang='lat' dir='ltr'><strong>Dioecesium</strong></span> <span class='ocrx_word' id='word_1_54' title='bbox 1280 1378 1475 1443; x_wconf 87' lang='lat' dir='ltr'><strong>statu</strong></span> <span class='ocrx_word' id='word_1_55' title='bbox 1526 1368 1949 1443; x_wconf 82' lang='lat' dir='ltr'><strong>relationem</strong></span> <span class='ocrx_word' id='word_1_56' title='bbox 2001 1369 2334 1458; x_wconf 87' lang='lat' dir='ltr'><strong>mittatis,</strong></span> <span class='ocrx_word' id='word_1_57' title='bbox 2391 1372 2464 1445; x_wconf 90' lang='lat' dir='ltr'><strong>in</strong></span> 
     </span>
     <span class='ocr_line' id='line_1_9' title="bbox 325 1484 2464 1585; baseline 0 -22"><span class='ocrx_word' id='word_1_58' title='bbox 325 1510 463 1585; x_wconf 87' lang='lat' dir='ltr'><strong>qua</strong></span> <span class='ocrx_word' id='word_1_59' title='bbox 516 1488 759 1563; x_wconf 90' lang='lat' dir='ltr'><strong>sedulo</strong></span> <span class='ocrx_word' id='word_1_60' title='bbox 824 1494 1225 1582; x_wconf 81' lang='lat' dir='ltr'><strong>exponatur</strong></span> <span class='ocrx_word' id='word_1_61' title='bbox 1282 1484 1621 1582; x_wconf 87' lang='lat' dir='ltr'><strong>quidquid</strong></span> <span class='ocrx_word' id='word_1_62' title='bbox 1684 1487 1770 1559; x_wconf 90' lang='lat' dir='ltr'><strong>ad</strong></span> <span class='ocrx_word' id='word_1_63' title='bbox 1833 1486 2026 1582; x_wconf 87' lang='lat' dir='ltr'><strong>ipsas</strong></span> <span class='ocrx_word' id='word_1_64' title='bbox 2091 1486 2464 1564; x_wconf 87' lang='lat' dir='ltr'><strong>Dioeceses</strong></span> 
     </span>
     <span class='ocr_line' id='line_1_10' title="bbox 328 1600 2459 1703; baseline 0.001 -27"><span class='ocrx_word' id='word_1_65' title='bbox 328 1614 629 1701; x_wconf 84' lang='lat' dir='ltr'><strong>spectet,</strong></span> <span class='ocrx_word' id='word_1_66' title='bbox 684 1628 825 1701; x_wconf 92' lang='lat' dir='ltr'><strong>quo</strong></span> <span class='ocrx_word' id='word_1_67' title='bbox 878 1603 1187 1677; x_wconf 83' lang='lat' dir='ltr'><strong>fidelium</strong></span> <span class='ocrx_word' id='word_1_68' title='bbox 1244 1602 1313 1673; x_wconf 88' lang='lat' dir='ltr'><strong>in</strong></span> <span class='ocrx_word' id='word_1_69' title='bbox 1368 1601 1637 1675; x_wconf 88' lang='lat' dir='ltr'><strong>eisdem</strong></span> <span class='ocrx_word' id='word_1_70' title='bbox 1697 1600 2156 1677; x_wconf 88' lang='lat' dir='ltr'><strong>Dioecesihus</strong></span> <span class='ocrx_word' id='word_1_71' title='bbox 2189 1607 2459 1703; x_wconf 82' lang='lat' dir='ltr'><strong>degen-</strong></span> 
     </span>
     <span class='ocr_line' id='line_1_11' title="bbox 328 1719 2448 1818; baseline 0.001 -25"><span class='ocrx_word' id='word_1_72' title='bbox 328 1723 509 1797; x_wconf 86' lang='lat' dir='ltr'><strong>tium</strong></span> <span class='ocrx_word' id='word_1_73' title='bbox 561 1720 1107 1797; x_wconf 85' lang='lat' dir='ltr'><strong>necessitatibus</strong></span> <span class='ocrx_word' id='word_1_74' title='bbox 1161 1719 1355 1793; x_wconf 89' lang='lat' dir='ltr'><strong>omni</strong></span> <span class='ocrx_word' id='word_1_75' title='bbox 1408 1742 1575 1793; x_wconf 84' lang='lat' dir='ltr'><strong>cura</strong></span> <span class='ocrx_word' id='word_1_76' title='bbox 1626 1722 2028 1817; x_wconf 85' lang='lat' dir='ltr'><strong>prospicere</strong></span> <span class='ocrx_word' id='word_1_77' title='bbox 2065 1726 2448 1818; x_wconf 88' lang='lat' dir='ltr'><strong>possimus.</strong></span> 
     </span>
     <span class='ocr_line' id='line_1_12' title="bbox 327 1834 2458 1940; baseline 0.003 -29"><span class='ocrx_word' id='word_1_78' title='bbox 327 1838 627 1913; x_wconf 88' lang='lat' dir='ltr'><strong>Summa</strong></span> <span class='ocrx_word' id='word_1_79' title='bbox 698 1850 891 1913; x_wconf 85' lang='lat' dir='ltr'><strong>certe</strong></span> <span class='ocrx_word' id='word_1_80' title='bbox 964 1837 1101 1911; x_wconf 85' lang='lat' dir='ltr'><strong>erit</strong></span> <span class='ocrx_word' id='word_1_81' title='bbox 1170 1834 1425 1909; x_wconf 87' lang='lat' dir='ltr'><strong>Nostra</strong></span> <span class='ocrx_word' id='word_1_82' title='bbox 1498 1838 1890 1913; x_wconf 85' lang='lat' dir='ltr'><strong>consolatio</strong></span> <span class='ocrx_word' id='word_1_83' title='bbox 1930 1891 1953 1927; x_wconf 96' lang='lat'><strong>,</strong></span> <span class='ocrx_word' id='word_1_84' title='bbox 2026 1840 2086 1914; x_wconf 88' lang='lat' dir='ltr'><strong>si</strong></span> <span class='ocrx_word' id='word_1_85' title='bbox 2157 1844 2458 1940; x_wconf 88' lang='lat' dir='ltr'><strong>quisque</strong></span> 
     </span>
     <span class='ocr_line' id='line_1_13' title="bbox 332 1952 2462 2057; baseline 0.003 -30"><span class='ocrx_word' id='word_1_86' title='bbox 332 1954 698 2043; x_wconf 85' lang='lat' dir='ltr'><strong>Vestrum,</strong></span> <span class='ocrx_word' id='word_1_87' title='bbox 744 1953 1191 2029; x_wconf 73' lang='lat' dir='ltr'><strong>venerabiles</strong></span> <span class='ocrx_word' id='word_1_88' title='bbox 1248 1952 1557 2040; x_wconf 78' lang='lat' dir='ltr'><strong>FratreS,</strong></span> <span class='ocrx_word' id='word_1_89' title='bbox 1614 1976 1864 2029; x_wconf 90' lang='lat' dir='ltr'><strong>omnes</strong></span> <span class='ocrx_word' id='word_1_90' title='bbox 1917 1980 2086 2031; x_wconf 87' lang='lat' dir='ltr'><strong>suae</strong></span> <span class='ocrx_word' id='word_1_91' title='bbox 2136 1962 2462 2057; x_wconf 85' lang='lat' dir='ltr'><strong>propriae</strong></span> 
     </span>
     <span class='ocr_line' id='line_1_14' title="bbox 328 2069 2456 2171; baseline 0.003 -26"><span class='ocrx_word' id='word_1_92' title='bbox 328 2070 689 2147; x_wconf 89' lang='lat' dir='ltr'><strong>Dioecesis</strong></span> <span class='ocrx_word' id='word_1_93' title='bbox 739 2096 853 2146; x_wconf 90' lang='lat' dir='ltr'><strong>res</strong></span> <span class='ocrx_word' id='word_1_94' title='bbox 905 2070 1149 2146; x_wconf 87' lang='lat' dir='ltr'><strong>sedulo</strong></span> <span class='ocrx_word' id='word_1_95' title='bbox 1202 2070 1291 2144; x_wconf 87' lang='lat' dir='ltr'><strong>ad</strong></span> <span class='ocrx_word' id='word_1_96' title='bbox 1344 2069 1489 2145; x_wconf 88' lang='lat' dir='ltr'><strong>Nos</strong></span> <span class='ocrx_word' id='word_1_97' title='bbox 1552 2070 1870 2147; x_wconf 88' lang='lat' dir='ltr'><strong>referens</strong></span> <span class='ocrx_word' id='word_1_98' title='bbox 1929 2075 2456 2171; x_wconf 84' lang='lat' dir='ltr'><strong>significaverit,</strong></span> 
     </span>
     <span class='ocr_line' id='line_1_15' title="bbox 327 2184 2462 2287; baseline 0.003 -26"><span class='ocrx_word' id='word_1_99' title='bbox 327 2200 505 2285; x_wconf 89' lang='lat' dir='ltr'><strong>quot</strong></span> <span class='ocrx_word' id='word_1_100' title='bbox 564 2189 803 2262; x_wconf 85' lang='lat' dir='ltr'><strong>fideles</strong></span> <span class='ocrx_word' id='word_1_101' title='bbox 868 2189 939 2261; x_wconf 89' lang='lat' dir='ltr'><strong>in</strong></span> <span class='ocrx_word' id='word_1_102' title='bbox 1004 2188 1157 2283; x_wconf 85' lang='lat' dir='ltr'><strong>ipsa</strong></span> <span class='ocrx_word' id='word_1_103' title='bbox 1224 2198 1595 2259; x_wconf 85' lang='lat' dir='ltr'><strong>versentur</strong></span> <span class='ocrx_word' id='word_1_104' title='bbox 1654 2184 2002 2278; x_wconf 87' lang='lat' dir='ltr'><strong>Dioecesi‚</strong></span> <span class='ocrx_word' id='word_1_105' title='bbox 2069 2201 2248 2287; x_wconf 88' lang='lat' dir='ltr'><strong>quot</strong></span> <span class='ocrx_word' id='word_1_106' title='bbox 2317 2194 2462 2267; x_wconf 88' lang='lat' dir='ltr'><strong>sint</strong></span> 
     </span>
     <span class='ocr_line' id='line_1_16' title="bbox 332 2302 2460 2400; baseline 0.003 -21"><span class='ocrx_word' id='word_1_107' title='bbox 332 2305 793 2379; x_wconf 85' lang='lat' dir='ltr'><strong>ecclesiastici</strong></span> <span class='ocrx_word' id='word_1_108' title='bbox 846 2304 1007 2390; x_wconf 84' lang='lat' dir='ltr'><strong>viri,</strong></span> <span class='ocrx_word' id='word_1_109' title='bbox 1064 2304 1186 2400; x_wconf 92' lang='lat' dir='ltr'><strong>qui</strong></span> <span class='ocrx_word' id='word_1_110' title='bbox 1239 2303 1507 2398; x_wconf 89' lang='lat' dir='ltr'><strong>proprii</strong></span> <span class='ocrx_word' id='word_1_111' title='bbox 1560 2302 1940 2379; x_wconf 83' lang='lat' dir='ltr'><strong>ministerii</strong></span> <span class='ocrx_word' id='word_1_112' title='bbox 1993 2308 2232 2382; x_wconf 84' lang='lat' dir='ltr'><strong>munia</strong></span> <span class='ocrx_word' id='word_1_113' title='bbox 2283 2308 2460 2385; x_wconf 87' lang='lat' dir='ltr'><strong>obe-</strong></span> 
     </span>
     <span class='ocr_line' id='line_1_17' title="bbox 326 2418 2462 2519; baseline 0.003 -24"><span class='ocrx_word' id='word_1_114' title='bbox 326 2432 535 2496; x_wconf 85' lang='lat' dir='ltr'><strong>untes</strong></span> <span class='ocrx_word' id='word_1_115' title='bbox 588 2423 761 2519; x_wconf 87' lang='lat' dir='ltr'><strong>ipsis</strong></span> <span class='ocrx_word' id='word_1_116' title='bbox 808 2419 1133 2495; x_wconf 84' lang='lat' dir='ltr'><strong>fidelibus</strong></span> <span class='ocrx_word' id='word_1_117' title='bbox 1188 2418 1563 2507; x_wconf 83' lang='lat' dir='ltr'><strong>adsistant,</strong></span> <span class='ocrx_word' id='word_1_118' title='bbox 1620 2444 1802 2517; x_wconf 85' lang='lat' dir='ltr'><strong>quae</strong></span> <span class='ocrx_word' id='word_1_119' title='bbox 1855 2425 2269 2499; x_wconf 87' lang='lat' dir='ltr'><strong>eorumdem</strong></span> <span class='ocrx_word' id='word_1_120' title='bbox 2295 2426 2462 2501; x_wconf 86' lang='lat' dir='ltr'><strong>fide-</strong></span> 
     </span>
     <span class='ocr_line' id='line_1_18' title="bbox 324 2539 2460 2643; baseline 0.003 -29"><span class='ocrx_word' id='word_1_121' title='bbox 324 2541 499 2615; x_wconf 90' lang='lat' dir='ltr'><strong>lium</strong></span> <span class='ocrx_word' id='word_1_122' title='bbox 562 2540 811 2639; x_wconf 82' lang='lat' dir='ltr'><strong>agendi</strong></span> <span class='ocrx_word' id='word_1_123' title='bbox 874 2541 1113 2627; x_wconf 77' lang='lat' dir='ltr'><strong>ratio,</strong></span> <span class='ocrx_word' id='word_1_124' title='bbox 1152 2552 1303 2613; x_wconf 92' lang='lat' dir='ltr'><strong>tum</strong></span> <span class='ocrx_word' id='word_1_125' title='bbox 1375 2539 1605 2635; x_wconf 87' lang='lat' dir='ltr'><strong>quoad</strong></span> <span class='ocrx_word' id='word_1_126' title='bbox 1675 2539 1914 2629; x_wconf 87' lang='lat' dir='ltr'><strong>fidem,</strong></span> <span class='ocrx_word' id='word_1_127' title='bbox 1995 2554 2154 2616; x_wconf 91' lang='lat' dir='ltr'><strong>tum</strong></span> <span class='ocrx_word' id='word_1_128' title='bbox 2223 2546 2460 2643; x_wconf 88' lang='lat' dir='ltr'><strong>quoad</strong></span> 
     </span>
     <span class='ocr_line' id='line_1_19' title="bbox 324 2656 2448 2763; baseline 0.001 -32"><span class='ocrx_word' id='word_1_129' title='bbox 324 2682 601 2735; x_wconf 85' lang='lat' dir='ltr'><strong>morum</strong></span> <span class='ocrx_word' id='word_1_130' title='bbox 652 2660 1125 2743; x_wconf 82' lang='lat' dir='ltr'><strong>honestatem,</strong></span> <span class='ocrx_word' id='word_1_131' title='bbox 1180 2678 1321 2763; x_wconf 85' lang='lat' dir='ltr'><strong>qua</strong></span> <span class='ocrx_word' id='word_1_132' title='bbox 1370 2656 1688 2731; x_wconf 84' lang='lat' dir='ltr'><strong>doctrina</strong></span> <span class='ocrx_word' id='word_1_133' title='bbox 1737 2657 1966 2733; x_wconf 87' lang='lat' dir='ltr'><strong>clerus</strong></span> <span class='ocrx_word' id='word_1_134' title='bbox 2019 2660 2116 2732; x_wconf 89' lang='lat' dir='ltr'><strong>sit</strong></span> <span class='ocrx_word' id='word_1_135' title='bbox 2167 2662 2448 2756; x_wconf 88' lang='lat' dir='ltr'><strong>praedi-</strong></span> 
     </span>
     <span class='ocr_line' id='line_1_20' title="bbox 328 2772 2460 2874; baseline 0.002 -26"><span class='ocrx_word' id='word_1_136' title='bbox 328 2783 471 2863; x_wconf 88' lang='lat' dir='ltr'><strong>tus,</strong></span> <span class='ocrx_word' id='word_1_137' title='bbox 528 2796 849 2872; x_wconf 87' lang='lat' dir='ltr'><strong>quaeque</strong></span> <span class='ocrx_word' id='word_1_138' title='bbox 900 2774 1119 2869; x_wconf 88' lang='lat' dir='ltr'><strong>ipsius</strong></span> <span class='ocrx_word' id='word_1_139' title='bbox 1174 2772 1341 2848; x_wconf 86' lang='lat' dir='ltr'><strong>cleri</strong></span> <span class='ocrx_word' id='word_1_140' title='bbox 1392 2773 1744 2861; x_wconf 83' lang='lat' dir='ltr'><strong>educatio,</strong></span> <span class='ocrx_word' id='word_1_141' title='bbox 1801 2785 1878 2847; x_wconf 92' lang='lat' dir='ltr'><strong>et</strong></span> <span class='ocrx_word' id='word_1_142' title='bbox 1929 2777 2288 2872; x_wconf 88' lang='lat' dir='ltr'><strong>quomodo</strong></span> <span class='ocrx_word' id='word_1_143' title='bbox 2324 2800 2460 2874; x_wconf 87' lang='lat' dir='ltr'><strong>po·-</strong></span> 
     </span>
     <span class='ocr_line' id='line_1_21' title="bbox 324 2890 2459 2988; baseline 0 -23"><span class='ocrx_word' id='word_1_144' title='bbox 324 2890 533 2988; x_wconf 85' lang='lat' dir='ltr'><strong>pulus</strong></span> <span class='ocrx_word' id='word_1_145' title='bbox 584 2892 675 2965; x_wconf 91' lang='lat' dir='ltr'><strong>ad</strong></span> <span class='ocrx_word' id='word_1_146' title='bbox 724 2891 1245 2967; x_wconf 80' lang='lat' dir='ltr'><strong>sanctissimam</strong></span> <span class='ocrx_word' id='word_1_147' title='bbox 1300 2902 1619 2963; x_wconf 87' lang='lat' dir='ltr'><strong>nostram</strong></span> <span class='ocrx_word' id='word_1_148' title='bbox 1657 2890 2100 2986; x_wconf 81' lang='lat' dir='ltr'><strong>religionem,</strong></span> <span class='ocrx_word' id='word_1_149' title='bbox 2131 2914 2459 2968; x_wconf 87' lang='lat' dir='ltr'><strong>morum-</strong></span> 
     </span>
     <span class='ocr_line' id='line_1_22' title="bbox 324 2998 2458 3106; baseline 0.002 -25"><span class='ocrx_word' id='word_1_150' title='bbox 324 3032 465 3105; x_wconf 88' lang='lat' dir='ltr'><strong>que</strong></span> <span class='ocrx_word' id='word_1_151' title='bbox 512 3009 953 3106; x_wconf 88' lang='lat' dir='ltr'><strong>disciplinam</strong></span> <span class='ocrx_word' id='word_1_152' title='bbox 1006 2998 1443 3093; x_wconf 82' lang='lat' dir='ltr'><strong>instituatur,</strong></span> <span class='ocrx_word' id='word_1_153' title='bbox 1500 3017 1575 3078; x_wconf 84' lang='lat' dir='ltr'><strong>et</strong></span> <span class='ocrx_word' id='word_1_154' title='bbox 1630 3028 1772 3102; x_wconf 89' lang='lat' dir='ltr'><strong>qua</strong></span> <span class='ocrx_word' id='word_1_155' title='bbox 1825 3008 2098 3083; x_wconf 88' lang='lat' dir='ltr'><strong>ratione</strong></span> <span class='ocrx_word' id='word_1_156' title='bbox 2153 3010 2458 3105; x_wconf 88' lang='lat' dir='ltr'><strong>populus</strong></span> 
     </span>
     <span class='ocr_line' id='line_1_23' title="bbox 324 3122 2460 3226; baseline 0.001 -25"><span class='ocrx_word' id='word_1_157' title='bbox 324 3128 513 3201; x_wconf 88' lang='lat' dir='ltr'><strong>idem</strong></span> <span class='ocrx_word' id='word_1_158' title='bbox 542 3164 551 3189; x_wconf 54' lang='grc' dir='ltr'>κ</span> <span class='ocrx_word' id='word_1_159' title='bbox 576 3126 658 3201; x_wconf 81' lang='lat' dir='ltr'><strong>ad</strong></span> <span class='ocrx_word' id='word_1_160' title='bbox 725 3127 1091 3222; x_wconf 85' lang='lat' dir='ltr'><strong>pietatem,</strong></span> <span class='ocrx_word' id='word_1_161' title='bbox 1162 3146 1585 3221; x_wconf 87' lang='lat' dir='ltr'><strong>morumque</strong></span> <span class='ocrx_word' id='word_1_162' title='bbox 1646 3122 2082 3219; x_wconf 88' lang='lat' dir='ltr'><strong>probitatem</strong></span> <span class='ocrx_word' id='word_1_163' title='bbox 2144 3127 2460 3226; x_wconf 88' lang='lat' dir='ltr'><strong>quotidie</strong></span> 
     </span>
     <span class='ocr_line' id='line_1_24' title="bbox 324 3238 2458 3341; baseline 0 -24"><span class='ocrx_word' id='word_1_164' title='bbox 324 3244 557 3341; x_wconf 86' lang='lat' dir='ltr'><strong>magis</strong></span> <span class='ocrx_word' id='word_1_165' title='bbox 608 3242 1035 3318; x_wconf 84' lang='lat' dir='ltr'><strong>conformari</strong></span> <span class='ocrx_word' id='word_1_166' title='bbox 1088 3251 1165 3315; x_wconf 89' lang='lat' dir='ltr'><strong>et</strong></span> <span class='ocrx_word' id='word_1_167' title='bbox 1218 3240 1513 3315; x_wconf 83' lang='lat' dir='ltr'><strong>excitari</strong></span> <span class='ocrx_word' id='word_1_168' title='bbox 1566 3254 1808 3337; x_wconf 87' lang='lat' dir='ltr'><strong>queat.</strong></span> <span class='ocrx_word' id='word_1_169' title='bbox 1849 3238 2205 3337; x_wconf 88' lang='lat' dir='ltr'><strong>Optamus</strong></span> <span class='ocrx_word' id='word_1_170' title='bbox 2239 3245 2458 3318; x_wconf 87' lang='lat' dir='ltr'><strong>etiam</strong></span> 
     </span>
     <span class='ocr_line' id='line_1_25' title="bbox 328 3358 2466 3457; baseline 0 -22"><span class='ocrx_word' id='word_1_171' title='bbox 328 3383 781 3457; x_wconf 82' lang='lat' dir='ltr'><strong>summopere</strong></span> <span class='ocrx_word' id='word_1_172' title='bbox 812 3382 1193 3455; x_wconf 80' lang='lat' dir='ltr'><strong>agnoscere</strong></span> <span class='ocrx_word' id='word_1_173' title='bbox 1229 3358 1459 3455; x_wconf 84' lang='lat' dir='ltr'><strong>qualis</strong></span> <span class='ocrx_word' id='word_1_174' title='bbox 1496 3358 1593 3431; x_wconf 89' lang='lat' dir='ltr'><strong>sit</strong></span> <span class='ocrx_word' id='word_1_175' title='bbox 1626 3367 2028 3432; x_wconf 86' lang='lat' dir='ltr'><strong>vestrarum</strong></span> <span class='ocrx_word' id='word_1_176' title='bbox 2059 3358 2466 3437; x_wconf 84' lang='lat' dir='ltr'><strong>scholarum</strong></span> 
     </span>
     <span class='ocr_line' id='line_1_26' title="bbox 325 3474 2462 3572; baseline -0 -19"><span class='ocrx_word' id='word_1_177' title='bbox 325 3478 667 3563; x_wconf 86' lang='lat' dir='ltr'><strong>conditio,</strong></span> <span class='ocrx_word' id='word_1_178' title='bbox 724 3488 798 3550; x_wconf 86' lang='lat' dir='ltr'><strong>ct</strong></span> <span class='ocrx_word' id='word_1_179' title='bbox 850 3498 991 3571; x_wconf 85' lang='lat' dir='ltr'><strong>qua</strong></span> <span class='ocrx_word' id='word_1_180' title='bbox 1048 3474 1447 3572; x_wconf 87' lang='lat' dir='ltr'><strong>frequentia</strong></span> <span class='ocrx_word' id='word_1_181' title='bbox 1501 3474 1655 3547; x_wconf 86' lang='lat' dir='ltr'><strong>illas</strong></span> <span class='ocrx_word' id='word_1_182' title='bbox 1709 3475 2044 3549; x_wconf 83' lang='lat' dir='ltr'><strong>iuventus</strong></span> <span class='ocrx_word' id='word_1_183' title='bbox 2097 3476 2288 3550; x_wconf 89' lang='lat' dir='ltr'><strong>adire</strong></span> <span class='ocrx_word' id='word_1_184' title='bbox 2341 3502 2462 3553; x_wconf 90' lang='lat' dir='ltr'><strong>so-</strong></span> 
     </span>
     <span class='ocr_line' id='line_1_27' title="bbox 323 3589 2462 3689; baseline 0 -20"><span class='ocrx_word' id='word_1_185' title='bbox 323 3596 489 3669; x_wconf 85' lang='lat' dir='ltr'><strong>leat.</strong></span> <span class='ocrx_word' id='word_1_186' title='bbox 551 3591 729 3667; x_wconf 90' lang='lat' dir='ltr'><strong>Cum</strong></span> <span class='ocrx_word' id='word_1_187' title='bbox 787 3616 957 3667; x_wconf 87' lang='lat' dir='ltr'><strong>vero</strong></span> <span class='ocrx_word' id='word_1_188' title='bbox 1014 3592 1232 3689; x_wconf 83' lang='lat' dir='ltr'><strong>probe</strong></span> <span class='ocrx_word' id='word_1_189' title='bbox 1286 3591 1565 3679; x_wconf 83' lang='lat' dir='ltr'><strong>sciatis,</strong></span> <span class='ocrx_word' id='word_1_190' title='bbox 1623 3589 2082 3667; x_wconf 74' lang='lat' dir='ltr'><strong>venerabiles</strong></span> <span class='ocrx_word' id='word_1_191' title='bbox 2133 3592 2462 3685; x_wconf 81' lang='lat' dir='ltr'><strong>Fratres,</strong></span> 
     </span>
     <span class='ocr_line' id='line_1_28' title="bbox 330 3710 2464 3810; baseline -0.001 -20"><span class='ocrx_word' id='word_1_192' title='bbox 330 3736 581 3790; x_wconf 90' lang='lat' dir='ltr'><strong>omnes</strong></span> <span class='ocrx_word' id='word_1_193' title='bbox 632 3714 731 3787; x_wconf 93' lang='lat' dir='ltr'><strong>rei</strong></span> <span class='ocrx_word' id='word_1_194' title='bbox 796 3736 961 3787; x_wconf 91' lang='lat' dir='ltr'><strong>cum</strong></span> <span class='ocrx_word' id='word_1_195' title='bbox 1030 3736 1295 3801; x_wconf 86' lang='lat' dir='ltr'><strong>sacrae,</strong></span> <span class='ocrx_word' id='word_1_196' title='bbox 1365 3723 1519 3785; x_wconf 90' lang='lat' dir='ltr'><strong>tum</strong></span> <span class='ocrx_word' id='word_1_197' title='bbox 1584 3710 1904 3807; x_wconf 89' lang='lat' dir='ltr'><strong>publicae</strong></span> <span class='ocrx_word' id='word_1_198' title='bbox 1965 3734 2132 3809; x_wconf 86' lang='lat' dir='ltr'><strong>spes</strong></span> <span class='ocrx_word' id='word_1_199' title='bbox 2193 3716 2464 3810; x_wconf 87' lang='lat' dir='ltr'><strong>positas</strong></span> 
     </span>
     <span class='ocr_line' id='line_1_29' title="bbox 329 3828 2465 3925; baseline -0 -19"><span class='ocrx_word' id='word_1_200' title='bbox 329 3854 485 3907; x_wconf 89' lang='lat' dir='ltr'><strong>esse</strong></span> <span class='ocrx_word' id='word_1_201' title='bbox 540 3831 615 3903; x_wconf 88' lang='lat' dir='ltr'><strong>in</strong></span> <span class='ocrx_word' id='word_1_202' title='bbox 665 3841 887 3917; x_wconf 88' lang='lat' dir='ltr'><strong>recta,</strong></span> <span class='ocrx_word' id='word_1_203' title='bbox 942 3830 1235 3903; x_wconf 87' lang='lat' dir='ltr'><strong>salutari</strong></span> <span class='ocrx_word' id='word_1_204' title='bbox 1290 3852 1372 3902; x_wconf 90' lang='lat' dir='ltr'><strong>ac</strong></span> <span class='ocrx_word' id='word_1_205' title='bbox 1424 3828 1748 3925; x_wconf 86' lang='lat' dir='ltr'><strong>religiosa</strong></span> <span class='ocrx_word' id='word_1_206' title='bbox 1785 3850 2168 3924; x_wconf 87' lang='lat' dir='ltr'><strong>puerorum</strong></span> <span class='ocrx_word' id='word_1_207' title='bbox 2203 3831 2465 3905; x_wconf 86' lang='lat' dir='ltr'><strong>educa-</strong></span> 
     </span>
     <span class='ocr_line' id='line_1_30' title="bbox 330 3945 2466 4042; baseline -0.001 -19"><span class='ocrx_word' id='word_1_208' title='bbox 330 3951 549 4035; x_wconf 88' lang='lat' dir='ltr'><strong>tione,</strong></span> <span class='ocrx_word' id='word_1_209' title='bbox 580 3946 831 4021; x_wconf 87' lang='lat' dir='ltr'><strong>iccirco</strong></span> <span class='ocrx_word' id='word_1_210' title='bbox 864 3946 1175 4019; x_wconf 85' lang='lat' dir='ltr'><strong>maxime</strong></span> <span class='ocrx_word' id='word_1_211' title='bbox 1202 3948 1532 4031; x_wconf 87' lang='lat' dir='ltr'><strong>interest,</strong></span> <span class='ocrx_word' id='word_1_212' title='bbox 1589 3946 1782 4042; x_wconf 90' lang='lat' dir='ltr'><strong>ipsos</strong></span> <span class='ocrx_word' id='word_1_213' title='bbox 1820 3945 1934 4019; x_wconf 85' lang='lat' dir='ltr'><strong>vel</strong></span> <span class='ocrx_word' id='word_1_214' title='bbox 1969 3968 2010 4017; x_wconf 84' lang='lat' dir='ltr'><strong>a</strong></span> <span class='ocrx_word' id='word_1_215' title='bbox 2045 3947 2308 4021; x_wconf 81' lang='lat' dir='ltr'><strong>teneris</strong></span> <span class='ocrx_word' id='word_1_216' title='bbox 2343 3968 2466 4021; x_wconf 88' lang='lat' dir='ltr'><strong>an·-</strong></span> 
     </span>
    </p>
   </div>
   <div class='ocr_carea' id='block_1_2' title="bbox 325 4062 2592 4161">
    <p class='ocr_par' dir='ltr' id='par_1_2' title="bbox 325 4062 2592 4161">
     <span class='ocr_line' id='line_1_31' title="bbox 325 4062 2592 4161; baseline -0.001 -21"><span class='ocrx_word' id='word_1_217' title='bbox 325 4068 439 4141; x_wconf 89' lang='lat' dir='ltr'><strong>nis</strong></span> <span class='ocrx_word' id='word_1_218' title='bbox 491 4066 874 4141; x_wconf 80' lang='lat' dir='ltr'><strong>catholicas</strong></span> <span class='ocrx_word' id='word_1_219' title='bbox 926 4062 1279 4139; x_wconf 85' lang='lat' dir='ltr'><strong>celebrare</strong></span> <span class='ocrx_word' id='word_1_220' title='bbox 1332 4064 1641 4151; x_wconf 77' lang='lat' dir='ltr'><strong>scholaS,</strong></span> <span class='ocrx_word' id='word_1_221' title='bbox 1682 4086 1825 4161; x_wconf 89' lang='lat' dir='ltr'><strong>quo</strong></span> <span class='ocrx_word' id='word_1_222' title='bbox 1861 4064 2140 4138; x_wconf 87' lang='lat' dir='ltr'><strong>divinae</strong></span> <span class='ocrx_word' id='word_1_223' title='bbox 2177 4076 2459 4139; x_wconf 85' lang='lat' dir='ltr'><strong>nostrae</strong></span> <span class='ocrx_word' id='word_1_224' title='bbox 2567 4062 2592 4115; x_wconf 63' lang='lat'><strong>²·</strong></span> 
     </span>
    </p>
   </div>
   <div class='ocr_carea' id='block_1_3' title="bbox 326 4178 2460 4372">
    <p class='ocr_par' dir='ltr' id='par_1_3' title="bbox 326 4178 2460 4372">
     <span class='ocr_line' id='line_1_32' title="bbox 326 4178 2460 4281; baseline 0 -26"><span class='ocrx_word' id='word_1_225' title='bbox 326 4183 685 4281; x_wconf 79' lang='lat' dir='ltr'><strong>religionis</strong></span> <span class='ocrx_word' id='word_1_226' title='bbox 739 4182 1144 4269; x_wconf 84' lang='lat' dir='ltr'><strong>veritatem,</strong></span> <span class='ocrx_word' id='word_1_227' title='bbox 1201 4202 1285 4255; x_wconf 86' lang='lat' dir='ltr'><strong>ac</strong></span> <span class='ocrx_word' id='word_1_228' title='bbox 1336 4180 1872 4279; x_wconf 86' lang='lat' dir='ltr'><strong>praeceptiones</strong></span> <span class='ocrx_word' id='word_1_229' title='bbox 1907 4178 2154 4257; x_wconf 87' lang='lat' dir='ltr'><strong>sedulo</strong></span> <span class='ocrx_word' id='word_1_230' title='bbox 2189 4182 2460 4258; x_wconf 88' lang='lat' dir='ltr'><strong>discen-</strong></span> 
     </span>
     <span class='ocr_line' id='line_1_33' title="bbox 1901 4300 1995 4372; baseline 0.011 -1"><span class='ocrx_word' id='word_1_231' title='bbox 1901 4300 1995 4372; x_wconf 79' lang='lat'><strong>28</strong></span> 
     </span>
    </p>
   </div>
  </div>
 </body>
</html>
