3317 5267
2242 449 2391 524 475

271 585 412 660 que
461 561 936 638 lusitanorum
987 572 1202 658 atque
1254 559 1719 658 hispanorum
1768 563 2109 661 impensis
2191 579 2395 642 extra

265 675 834 776 Nangasachium
873 677 962 754 ad
997 678 1224 752 sancti
1260 676 1504 752 Lazari
1543 679 1881 754 sacellum
1908 683 2392 758 aedificarunt.

423 800 490 894 5.
549 804 622 874 8.
703 797 888 874 Haec
966 795 1391 874 Bonziorum
1473 799 1767 874 consilia
1826 812 1903 873 et
1976 803 2399 898 praesertim

271 915 540 992 Jacoini
577 916 860 1004 medici,
916 913 1378 989 infensissimi
1429 913 1859 990 christianae
1908 915 2069 992 fidei
2138 917 2394 1007 hostis,

275 1055 410 1110 nec
459 1057 604 1111 non
658 1057 916 1108 sacrae·
949 1056 994 1106 a
1044 1033 1604 1108 Franciscalibus
1666 1045 2121 1110 constructae
2186 1038 2395 1111 aedes

271 1152 530 1228 acriter
583 1152 864 1249 tyranni
915 1151 1261 1238 animum,
1317 1152 1439 1248 qui
1491 1151 1671 1226 haec
1722 1151 1961 1226 omnia
1986 1173 2169 1248 pene
2191 1153 2399 1250 igno·

275 1267 504 1356 rabat,
559 1271 985 1355 excitarunt,
1034 1269 1391 1365 jussitque
1437 1269 1803 1343 decretum
1855 1291 1900 1341 a
1972 1291 2055 1342 se
2126 1268 2399 1364 jamdiu

271 1389 496 1462 latum
525 1386 878 1474 renovari,
908 1385 1156 1461 acerbe
1182 1385 1428 1460 dolens
1452 1409 1530 1461 se
1565 1409 1608 1460 a
1633 1383 2187 1460 Franciscalibus
2249 1398 2399 1462 tam

269 1505 570 1603 benigne
595 1506 1033 1602 comiterque
1059 1505 1375 1602 exceptis
1401 1502 1640 1603 inique
1666 1505 2047 1580 admodum
2080 1507 2391 1579 tractari.
2474 1494 2505 1524 ‘

267 1625 376 1698 lra
427 1627 736 1722 percitus
773 1645 1022 1700 omnes
1055 1625 1208 1700 sive
1233 1625 1791 1712 concionatores,
1818 1625 1971 1698 sive
2000 1624 2397 1720 baptizatos

269 1742 768 1840 Iaponensium
796 1764 994 1817 more
1019 1743 1250 1839 capite
1275 1742 1600 1816 mulctari
1629 1739 2007 1836 juhet.Nec
2032 1761 2233 1814 mora
2260 1741 2405 1813 im·-

269 1865 448 1961 perii
501 1863 840 1938 satellites
889 1863 1110 1939 Meaci
1161 1865 1454 1938 domum
1507 1883 1592 1939 ac
1641 1861 1996 1958 templum
2076 1863 2397 1936 circum-

269 1983 596 2068 veniunt,
665 1983 1274 2079 comprehendunt
1309 1991 1667 2080 quotquot
1698 1982 1853 2056 sive
1888 1981 2253 2078 religiosos
2290 1984 2401 2057 vi-

265 2123 411 2186 ros,
463 2101 614 2173 sive
667 2098 1013 2195 seraphici
1065 2100 1292 2195 patris
1330 2095 1578 2172 Ordini
1615 2092 2037 2194 adscriptos,
2112 2099 2237 2194 qui
2273 2120 2401 2173 ve-

263 2216 600 2312 spertinis
652 2214 978 2311 precibus
1031 2214 1642 2312 concionibusque
1699 2215 2063 2290 audiendis
2132 2239 2400 2290 conve-

263 2343 550 2419 nerant3
603 2331 958 2428 templum
1013 2333 1451 2428 domumque
1504 2331 1914 2418 destruunt,
1970 2353 2054 2405 ac
2088 2353 2249 2408 reos
2324 2333 2397 2406 in

267 2447 548 2522 vincula
599 2448 1006 2544 conjiciunt.
1061 2443 1206 2522 Nec
1254 2447 1456 2534 satis,
1511 2443 1826 2522 Ozacam
1860 2469 1939 2521 se
1992 2445 2393 2538 conferunt,

267 2563 430 2639 dolo
481 2565 821 2661 praesidis
871 2565 1026 2661 ejus
1058 2563 1386 2637 -civitatis
1440 2563 1526 2636 ad
1569 2573 1715 2638 tres
1776 2587 2058 2661 quoque
2094 2563 2401 2639 societa-

271 2682 366 2756 tis
417 2681 462 2756 J
465 2706 592 2758 esu
645 2684 832 2758 viros
883 2682 1162 2758 crudele
1210 2681 1492 2778 jussum
1542 2677 1969 2771 extendunt;
2028 2681 2399 2758 Meacum-

271 2819 414 2896 que
481 2800 759 2873 deducti
811 2807 980 2874 sunt
1029 2795 1290 2872 Paulus
1342 2797 1510 2872 Miki
1553 2849 1574 2885 ‚
1633 2796 1945 2874 Joannes
1996 2797 2185 2874 Soan
2266 2823 2395 2876 seu

271 2915 364 2989 dc
413 2913 625 3004 Goto,
681 2927 758 2990 et
827 2913 1134 2990 lacobus
1185 2936 1314 2990 seu
1364 2912 1671 2988 Didacus
1738 2913 1929 2990 Kisai
1970 2967 1993 3002 ‚
2064 2919 2393 3014 quamvis

269 3053 364 3104 ne
418 3030 717 3106 verbum
769 3032 1056 3128 quidem
1109 3030 1198 3104 de
1248 3029 1336 3104 iis
1387 3029 1747 3126 capiendis
1798 3031 1889 3104 ab
1954 3032 2389 3129 imperatore
2444 3039 2449 3047 '

273 3147 544 3224 factum
595 3147 869 3222 fuisset.

287 3291 298 3296 ·
435 3267 499 3360 S.
559 3270 602 3340 9
661 3263 1062 3363 Antequam
1111 3265 1202 3338 de
1253 3263 1438 3339 felici
1519 3273 1632 3338 tot
1714 3274 2113 3362 martyrum
2193 3267 2394 3343 exitu

272 3382 488 3458 verba
533 3380 874 3456 faciamus
926 3401 1152 3477 pauca
1239 3380 1330 3454 de
1407 3378 1700 3476 singulis
1753 3376 1953 3456 brevi
2040 3371 2387 3458 disserere

269 3503 499 3598 juvat.
556 3498 806 3574 Frater
854 3497 1108 3574 Petrus
1154 3495 1506 3593 Baptista,
1545 3496 1867 3572 missioni
1917 3499 2395 3600 legationique

275 3622 749 3720 praepositus,
804 3631 1004 3697 ortus
1057 3633 1167 3696 est
1201 3641 1388 3694 anno
1438 3614 1766 3693 MDXLV
1818 3621 1893 3694 in
1946 3633 2181 3698 castro
2220 3645 2391 3698 san-

275 3742 374 3816 cti
424 3740 766 3837 Stephani
817 3739 1156 3816 dioecesis
1193 3735 1568 3813 Abulensis
1605 3735 1677 3810 in
1714 3733 2047 3835 Hispania
2082 3741 2223 3837 piis
2260 3763 2395 3816 no-

288 3855 685 3956 bilibusque
737 3855 1148 3954 parentibus
1197 3853 1413 3930 Petro
1463 3865 1540 3928 et
1589 3853 1807 3929 Maria
1877 3854 2175 3932 Antonia
2200 3853 2399 3930 Blas-

277 3995 480 4071 quez.
543 3970 674 4048 Vix
731 3968 1033 4050 aiterum
1081 3983 1160 4048 et
1195 3972 1614 4048 vicesimum
1649 3971 1905 4047 aetatis
1940 3994 2217 4048 annum
2269 3983 2385 4046 at·-
