3317 5267
2284 424 2421 496 51¹

465 546 528 639 §-
593 549 710 616 14.
771 541 896 616 Die
935 555 1176 618 autem
1205 543 1454 616 beatae
1481 537 1741 616 Mariae
1784 537 2087 636 Virginis
2130 535 2259 612 Dei
2296 561 2429 634 pa-

307 664 532 734 rentis
583 661 996 758 designatae
1049 657 1264 733 sacris
1293 659 1390 730 -in
1445 659 1727 756 privato
1777 653 2035 730 Nostro
2112 653 2434 729 Vaticani

314 779 584 854 Sacello
639 778 909 875 operati
963 779 1050 850 ad
1105 787 1389 850 sanctae
1473 773 1733 848 Mariae
1762 794 1975 868 supra
2037 772 2433 845 Minervam

310 898 741 972 accessimus
811 905 885 969 et
937 893 1195 969 Nostro
1247 891 1663 968 circumdati
1742 902 2032 964 sanctae
2096 911 2434 966 romanae

307 1013 670 1090 Ecclesiae
727 1011 1200 1086 Cardinalium
1257 1023 1537 1097 senatu,
1597 1008 2069 1107 omnibusque
2132 1007 2429 1106 Aposto-

303 1133 480 1208 licae
509 1132 708 1207 aulae
736 1129 1138 1227 proceribus
1193 1131 1490 1205 solemni
1530 1129 1791 1202 missae
1828 1127 2167 1203 sacrificio
2204 1128 2429 1203 adsti-

307 1253 529 1324 timus
570 1303 590 1337 ‚
667 1275 807 1348 quo
868 1259 1157 1346 peracto
1211 1253 1616 1346 proximum
1692 1247 2009 1342 ejusdem
2090 1247 2425 1340 ecclesiae

307 1367 692 1442 sacrarium
735 1367 1032 1462 ingressi
1085 1387 1332 1438 sumus
1368 1375 1444 1438 et
1477 1385 1715 1438 coram
1760 1361 2170 1438 Venerabile
2208 1364 2423 1440 fratre

241 1577 244 1580 .
303 1483 566 1561 Nostro
596 1483 1066 1560 Constantino
1103 1482 1363 1557 Patrizi
1400 1483 1731 1579 episcopo
1768 1481 2141 1558 Portuensi
2168 1493 2243 1556 et
2268 1506 2427 1558 san-

308 1613 468 1681 ctae
523 1603 816 1676 Rufinae
905 1625 1144 1676 sacrae
1198 1599 1779 1697 congregationis
1849 1600 2102 1675 ritibus
2139 1603 2419 1676 tuendis

239 1805 246 1815 .
307 1719 659 1818 praesecto
687 1733 762 1797 et
793 1721 1050 1796 dilecto
1075 1720 1215 1795 filio
1243 1719 1498 1795 Nostro
1509 1718 1793 1794 Nicolao
1824 1718 2007 1792 tituli
2036 1720 2263 1794 sancti
2288 1719 2419 1794 Pe-

309 1841 398 1912 tri
433 1840 519 1913 ad
574 1840 850 1914 vincula
877 1839 1292 1937 presbytero
1329 1836 1675 1914 Cardinali
1704 1837 1976 1911 Clarelli
2017 1836 2419 1912 Paracciani

305 1977 556 2030 causac
611 1956 965 2043 Relatore‚
1006 1956 1401 2052 ceterisque
1453 1956 1540 2030 de
1569 1973 1767 2029 inore
1838 1954 2279 2028 adstantibus
2318 1953 2415 2028 IX

305 2069 435 2146 Kal
487 2072 684 2166 april.
746 2072 1094 2146 volventis
1131 2073 1296 2144 anni
1323 2071 1833 2145 declaravimus
1862 2072 1947 2144 ad
1988 2071 2201 2144 trium
2240 2095 2421 2168 quo-

308 2211 448 2284 que
499 2186 890 2284 Martyrum
941 2186 1450 2284 Japonensium
1480 2187 1853 2261 Societatis
1889 2189 1931 2263 J
1938 2211 2063 2261 esu
2098 2185 2419 2263 Canoni-

309 2305 660 2380 zationem
717 2317 872 2379 tuto
924 2306 1202 2400 procedi
1258 2329 1466 2402 posse
1517 2306 1590 2378 in
1641 2288 2089 2402 patriarchali
2118 2305 2417 2382 Basilica

309 2417 648 2496 Vaticana
700 2422 1285 2519 quandocumque
1349 2421 1843 2519 peragendam.

461 2543 524 2636 §.
567 2546 684 2616 15.
716 2540 1339 2617 praedecessorum
1378 2540 1795 2617 Nostrorum
1822 2541 2138 2638 vestigiis
2168 2542 2414 2618 inhae-

303 2653 484 2732 rere'
511 2660 876 2756 cupientes
929 2683 1070 2734 non
1125 2659 1336 2734 modo
1371 2659 1729 2756 propiores
1766 2658 2222 2733 invitavimus
2260 2661 2415 2756 epi-

305 2797 581 2872 scopoe,
637 2777 1201 2872 archiepiscopos
1255 2788 1329 2849 et
1383 2777 1723 2872 primates
1759 2799 1921 2850 cum
1960 2776 2304 2850 catholica
2340 2790 2419 2852 et

305 2893 686 2990 apostolica
721 2893 900 2967 Sede
937 2895 1232 2988 gratiam
1285 2904 1360 2965 et
1409 2893 1981 2966 communionem
2034 2890 2409 2980 habenam,

304 3011 424 3083 sed
479 3011 694 3082 etiam
749 3009 1058 3082 universi
1111 3006 1298 3082 orbis
1353 3021 1705 3080 terrarum
1758 3009 2140 3093 antistites,
2198 3021 2305 3082 ut·
2331 3032 2411 3084 se

305 3122 610 3200 Romam
639 3123 1078 3211 conferrent‚.
1095 3145 1444 3219 suumque
1470 3121 1687 3196 Nobis
1712 3123 2027 3196 animum
2060 3125 2415 3218 aperirent

306 3247 394 3318 de
447 3241 991 3318 canonizatione
1054 3241 1474 3339 perficienda
1551 3254 1703 3316 tum
1770 3243 1985 3316 trium
2042 3240 2413 3336 Societatis

304 3356 502 3448 Jesu,
565 3360 717 3434 tum
774 3361 989 3434 trium
1043 3372 1118 3434 et
1171 3360 1418 3456 viginti
1471 3359 1861 3456 Martyrum
1901 3360 2409 3458 Japonensium

307 3481 647 3576 seraphici
683 3478 988 3554 Ordinis,
1029 3480 1324 3553 Summa
1358 3477 1578 3550 animi
1613 3475 1851 3550 Nostri
1886 3476 2155 3551 laetitia
2194 3501 2417 3575 expe-

307 3593 688 3674 ctationem
739 3597 1066 3670 Nostram
1127 3597 1472 3682 vicerunt,
1529 3604 1869 3691 tantoque
1920 3595 2203 3692 agmine
2268 3595 2417 3671 Ro-

309 3734 501 3791 mam
554 3716 747 3791 omni
802 3735 891 3788 ex
944 3726 1144 3811 parte
1197 3737 1411 3812 quam
1467 3714 1811 3788 citissime
1862 3714 2210 3789 advenere
2241 3766 2262 3803 ,
2334 3727 2419 3790 ut

307 3852 548 3932 parem
587 3831 750 3904 huic
789 3831 1146 3904 adstitisse
1189 3851 1562 3904 nnmerum
1591 3831 1663 3902 in
1702 3827 2245 3906 Canonizatione
2272 3831 2415 3907 ulla

303 3952 624 4027 auditum
679 3969 1042 4046 nunquam
1097 3946 1332 4022 fuerit.

337 4091 346 4098 ·
463 4071 528 4164 §-
593 4071 712 4141 16.
769 4066 1112 4142 Omnibus
1165 4066 1369 4162 plene
1406 4066 1771 4164 perpensis
1806 4087 1895 4140 ex
1932 4069 2411 4142 monumentis

306 4211 545 4269 sacrae
598 4183 894 4260 Rituum
973 4183 1532 4282 congregationis
1563 4235 1584 4274 ,
1674 4207 1975 4283 qnorum
2048 4184 2407 4282 exemplar

1791 4305 1885 4378 33
