3317 5267
871 421 1012 492 53⁰
1581 526 1837 621 PIVS
1896 528 2063 617 ΡΡ.
2130 527 2281 617 ΙΧ.

1289 787 1502 840 :osum
1540 789 1991 838 Ancmssrlscoro
2028 785 2565 838 nno-nonenim.

1611 988 1991 1036 munnulus
2031 987 2245 1034 ruma

1251 1196 1511 1244 satvrssu
1552 1198 1623 1256 m}
1670 1197 2063 1245 Arosroucn!
2101 1197 2570 1246 Bssussnlcnon'nu

1043 1383 1083 1421 X

877 1385 1416 1549 Gravissimas
1491 1472 1679 1545 inter
1730 1493 1811 1544 ac
1862 1471 2289 1568 multiplices
2320 1525 2341 1560 ‚
2410 1471 2665 1568 quihus
2718 1474 2789 1546 in
2865 1471 3008 1546 hac

863 1603 1062 1664 tanta
1115 1605 1512 1688 temporum
1560 1591 1943 1685 jactatione
1994 1603 2069 1663 et
2125 1593 2501 1687 asperitate
2566 1591 2996 1688 premimur,

857 1709 1242 1804 angustias,
1319 1708 1774 1782 vehementer
1822 1729 2107 1804 quoque
2156 1708 2477 1781 dolemus
2525 1707 2993 1783 luctuosissi-

861 1849 1062 1898 mum
1117 1849 1286 1900 sane
1337 1837 1636 1914 statum,
1694 1827 1767 1898 in
1820 1847 1961 1922 quo
2014 1825 2375 1900 christiani
2413 1827 2709 1900 istarum
2761 1824 3007 1899 foede-

856 1957 1172 2020 ratarum
1255 1945 1616 2018 Americae
1672 1944 2071 2041 Regionum
2151 1944 2391 2041 populi
2449 1953 2820 2018 versantur
2896 1943 2999 2016 ob

859 2061 1144 2135 exitiale
1182 2061 1384 2136 civile
1430 2061 1695 2136 bellum
1732 2062 1921 2134 inter
1970 2060 2159 2156 ipsos
2212 2073 2569 2135 exortum.
2608 2059 2764 2134 Non
2818 2081 3001 2155 pos-

857 2203 1102 2254 sumus
1139 2181 1330 2252 enim
1367 2203 1510 2254 non
1557 2203 1838 2254 summo
1886 2201 2205 2253 moerore
2240 2178 2512 2265 confici,
2556 2176 2995 2252 Venerabilis

859 2294 1110 2369 Frater
1142 2347 1163 2384 ‚
1221 2295 1392 2370 dum
1447 2311 1745 2393 paterno
1824 2297 2063 2371 animo
2114 2295 2497 2370 Nobiscum
2573 2307 2997 2391 reputamus
3076 2347 3089 2358 -

855 2412 1131 2498 caedes,
1185 2413 1449 2499 ruinaS,
1507 2413 1803 2496 excidia,
1865 2412 2325 2496 vastatione8‚
2377 2411 2691 2508 aliasque
2764 2411 2997 2484 innu-

853 2547 1114 2614 merae,
1147 2539 1220 2600 et
1255 2549 1618 2622 nunquam
1645 2525 1821 2599 satis
1859 2525 2199 2622 lugendas
2236 2527 2700 2614 calamitates,
2730 2525 2994 2624 quihus

851 2644 1092 2743 populi
1155 2643 1290 2739 ipsi
1341 2645 1822 2717 miserandum
1878 2645 1950 2716 in
2024 2645 2317 2718 modum
2366 2644 2793 2717 divexentur
2823 2693 2847 2731 ,
2904 2667 2993 2717 ac

849 2762 1340 2836 dilacerantur.
1379 2758 1556 2834 Hinc
1609 2758 1796 2833 haud
1836 2761 2209 2836 omisimus
2259 2763 2329 2834 in
2385 2760 2787 2836 humilitate
2824 2783 2991 2835 cor-

851 2879 960 2952 dis
1014 2877 1249 2952 Nostri
1290 2875 1849 2954 ferventissimas
1902 2874 2049 2952 Deo
2100 2875 2351 2951 offerre
2402 2900 2674 2973 preces,
2714 2889 2797 2950 ut
2852 2901 2993 2974 po-

849 2994 1052 3091 pulos
1089 2995 1278 3091 ipsos
1333 3015 1374 3066 a
1413 3004 1520 3068 tot
1573 2995 1932 3092 tantisque
1970 2992 2167 3066 malis
2218 2995 2495 3091 eripiat.
2544 2993 2643 3068 Ac
2694 3017 2989 3089 persua·

849 3112 1208 3186 sissimum
1262 3110 1477 3186 Nobis
1529 3124 1665 3199 cst,
1709 3111 1811 3184 Te
1862 3133 2169 3208 quoque,
2216 3110 2646 3186 Venerabilis
2704 3109 2979 3200 Frater,

845 3231 996 3304 sine
1049 3229 1566 3306 intermissione
1620 3229 2152 3301 miserationum
2208 3225 2593 3303 Dominum
2647 3251 2845 3303 orare
2898 3242 2975 3303 et

845 3343 1243 3429 obsecrare,
1301 3353 1383 3416 ut
1437 3365 1676 3416 veram
1734 3365 2011 3439 pacem,
2068 3344 2755 3441 prosperitatemque
2824 3344 2985 3418 istis

843 3459 1246 3556 regionibus
1299 3460 1665 3534 concedat.
1709 3459 1889 3532 Cum
1944 3475 2183 3535 autem
2224 3461 2367 3536 Nos
2422 3485 2551 3560 pro
2592 3461 2983 3556 Apostolici

839 3577 1076 3652 Nostri
1115 3575 1490 3650 ministerii
1517 3577 1745 3651 officio
1773 3599 2023 3652 omnes
2058 3578 2425 3654 christiani
2462 3578 2651 3652 orbis
2678 3579 2977 3676 populos

839 3715 1122 3770 summo
1175 3693 1492 3766 caritatis
1551 3693 1813 3768 affectu
1864 3716 2397 3792 prosequamur,
2452 3718 2535 3768 ac
2585 3693 2751 3768 licet
2824 3695 2979 3767 im-

840 3819 1196 3886 merentes
1249 3807 1440 3882 Illius
1495 3809 1835 3884 vicariam
1886 3809 2003 3884 hic
2057 3810 2127 3882 in
2182 3811 2388 3884 terris
2440 3831 2768 3906 geramus
2802 3833 2981 3906 ope-

837 3949 1018 4016 ram,
1057 3926 1180 4026 qui
1230 3905 1475 4000 auctor
1511 3936 1622 3999 est
1680 3925 1901 4021 paciS,
1940 3937 2017 3998 et
2066 3937 2343 4000 amator
2376 3925 2719 4013 caritatis,
2756 3924 2977 4002 Nobis

837 4055 1232 4137 temperare
1283 4065 1426 4116 non
1499 4065 1876 4138 possumus
1908 4095 1931 4130 ,
2012 4043 2183 4139 quin
2246 4043 2597 4139 supremis
2672 4043 2979 4117 istorum

837 4160 1260 4264 populorum
1311 4158 1896 4248 Moderatorihus,
1950 4171 2025 4234 et
2080 4159 2247 4258 ipsis
2302 4158 2581 4260 populis
2644 4171 2971 4234 mutuam
