3317 5267
2296 436 2443 513 245

325 569 624 661 quantae
673 580 907 647 curae,
961 568 1413 656 quantaeque
1463 552 1909 632 sollicitudini
1960 554 2190 633 eidem
2253 558 2417 633 Sedi

323 703 602 778 semper
647 678 862 753 fuerit
909 676 1274 775 spirituale
1327 676 1648 752 omnium
1697 678 2010 753 fidelium
2046 680 2119 751 in
2160 671 2455 752 Russia-

315 821 468 872 rum
521 796 826 893 Imperio
875 806 953 870 et
1004 793 1334 871 Poloniae
1385 794 1630 892 Regno
1683 796 2095 892 degentium
2152 787 2449 871 bonum.

319 912 451 988 Sed
502 912 622 987 vix
672 910 916 1009 paucis
967 910 1226 1008 elapsis
1278 912 1482 986 annis
1514 958 1536 998 ,
1589 910 1804 985 iidem
1851 910 2177 986 homines
2228 907 2461 1007 profi-

317 1030 580 1104 cientes
634 1039 791 1102 tum
841 1022 1398 1115 difficultatibus,
1453 1048 1636 1126 quae
1684 1022 1983 1101 liberam
2035 1028 2334 1102 istorum
2368 1028 2460 1101 fl·-

319 1143 575 1217 delium
625 1164 792 1217 cum
846 1140 982 1217 hac
1034 1140 1438 1239 Apostolica
1493 1140 1677 1215 Sede
1747 1142 2463 1216 communicationem

320 1260 738 1356 imp'ediunt,
797 1270 952 1333 tum
1007 1259 1444 1334 lamentabili
1497 1280 1697 1346 sane,
1754 1259 1829 1331 in
1880 1280 2020 1356 qua
2067 1280 2461 1347 versamur,

321 1377 714 1453 conditione
744 1429 765 1466 ‚
822 1376 1148 1451 eamdem
1200 1375 1450 1449 falsam
1501 1375 1981 1473 injustamque
2060 1375 2463 1472 opinionem

319 1493 546 1569 denuo
597 1495 933 1580 excitare,
970 1502 1046 1565 et
1079 1493 1235 1567 istis
1267 1491 1589 1568 fidelibus
1643 1493 1999 1571 insinuare
2034 1516 2178 1568 non
2216 1494 2469 1567 timue-

320 1621 506 1685 runt.
561 1607 836 1708 ltaque,
875 1604 1305 1684 Venerabilis
1357 1608 1633 1698 Frater,
1672 1621 1956 1706 tempus
1994 1610 2274 1709 venisse
2310 1610 2469 1684 exi-

323 1730 719 1816 stimamus,
773 1751 916 1826 quo
953 1730 1324 1803 veritatem
1362 1728 1497 1803 illis
1532 1728 1863 1804 omnibus
1897 1728 2463 1818 manifestemus,

323 1848 444 1945 qui
493 1844 688 1921 falsis
737 1845 1138 1921 rumoribus
1189 1869 1268 1921 se
1321 1846 1540 1934 illudi,
1593 1846 1849 1943 decipi,
1904 1859 1977 1921 et
2028 1848 2101 1920 in
2156 1870 2467 1923 errorem

325 1966 558 2039 induci
605 1966 992 2062 patiuntur,
1047 1988 1127 2039 ac
1178 1964 1389 2039 simul
1423 1963 1560 2040 illis
1598 1965 1872 2039 larvam
1907 1962 2304 2054 demamus,
2343 1966 2465 2065 qui

322 2083 664 2156 mendacii
710 2082 1116 2179 fraudisque
1154 2082 1362 2178 pallio
1398 2084 1658 2177 operti,
1696 2082 2138 2157 contendunt
2172 2080 2465 2160 suadere

327 2198 682 2296 (horribile
713 2198 934 2299 dictu)
969 2200 1154 2273 hanc
1183 2200 1658 2296 Apostolicam
1684 2200 1942 2274 Sedem
1970 2202 2195 2298 magis
2222 2223 2473 2279 curare

317 2317 722 2413 temporalis
769 2316 1065 2391 dominii
1113 2317 1448 2405 rationes,
1501 2334 1721 2413 quam
1754 2317 2191 2413 spiritualem
2228 2342 2459 2416 popu-

320 2432 550 2506 lorum
599 2432 928 2505 salutem.
973 2430 1218 2529 Neque
1268 2433 1410 2505 iam
1461 2425 1681 2507 Nobis
1732 2452 1937 2507 mens
1990 2444 2102 2508 est
2152 2453 2465 2509 enume-

329 2551 550 2625 rando
599 2570 1015 2645 percensere
1066 2570 1314 2625 omnes
1365 2570 1570 2623 curas
1607 2570 1650 2621 a
1688 2546 1903 2623 Nobis
1938 2572 2067 2646 pro
2102 2568 2181 2624 re
2216 2552 2471 2625 catho-

325 2667 458 2743 lica
507 2669 581 2742 in
631 2666 1046 2743 Russiarum
1096 2666 1402 2765 Imperio
1441 2676 1516 2741 et
1551 2664 1887 2744 Poloniae
1926 2666 2175 2765 Regna
2210 2671 2473 2744 tuenda

331 2798 720 2884 susceptas.
747 2784 1478 2863 Commemorabimus
1511 2798 1793 2861 tantum
1822 2779 2041 2863 Nobis
2068 2784 2179 2862 vel
2206 2789 2297 2863 ab
2319 2791 2478 2886 ipso

329 2906 644 3002 supremi
695 2900 931 2981 Nostri
984 2904 1446 2982 Pontificatus
1498 2905 1700 2980 initio
1762 2905 2001 2979 omnia
2070 2906 2473 2983 adhibuisse

333 3024 566 3099 studia
597 3076 618 3110 ‚
673 3036 756 3100 ut
803 3048 986 3122 quae
1037 3020 1294 3099 illustri
1347 3023 1606 3100 Nostro
1658 3018 2191 3100 Praedecessori
2226 3024 2485 3100 defun-⁴

332 3152 493 3217 ctus
545 3140 958 3217 Russiarum
1011 3139 1405 3237 Imperator
1483 3139 1544 3215 N
1547 3139 1807 3215 icolaus
1858 3138 1891 3211 1
1948 3136 2221 3216 Romae
2278 3164 2478 3217 com-

333 3282 621 3335 morans
671 3260 966 3336 solemni
1019 3259 1232 3335 modo
1281 3258 1728 3355 promiserat,
1784 3267 2136 3355 optatum,
2199 3256 2482 3333 saluta—-

335 3398 632 3477 remque
681 3389 1176 3474 assequeretur
1223 3375 1526 3450 exitum.
1586 3372 1820 3471 Atque
1870 3372 2013 3449 huc
2064 3378 2483 3473 praesertim

337 3506 752 3593 spectarunt
801 3494 1477 3573 communicationes
1537 3492 1797 3567 Nostro
1862 3492 2067 3589 jussu
2134 3494 2487 3594 Imperiali

341 3610 706 3710 Regioque
759 3610 1194 3687 Administro
1245 3610 1364 3684 hic
1414 3610 1488 3683 in
1537 3606 1731 3683 Urbe
1778 3612 2089 3685 moranti
2138 3610 2365 3689 factae
2402 3638 2489 3691 eo

339 3744 662 3827 tempore
693 3784 714 3819 ,
767 3752 910 3829 quo
973 3728 1342 3805 inchoatae
1396 3727 1854 3803 tractationes
1906 3726 1996 3803 ad
2060 3728 2493 3809 Conventio-

337 3872 510 3923 nem
561 3849 750 3951 inter
799 3850 983 3923 hanc
1039 3847 1515 3945 Apostolicam
1568 3846 1823 3921 Sedem
1859 3897 1880 3934 ,
1936 3831 2018 3917 ac
2064 3840 2435 3938 imperiale
2464 3892 2489 3928 ,

343 3966 792 4066 Regiumque
847 3967 1264 4043 Russiarum
1317 3962 1753 4039 Gubernium
1806 3961 2312 4039 conficiendam
2342 3957 2491 4035 No-

339 4080 458 4157 bis
509 4084 848 4159 eximiam
900 4105 1104 4183 spem
1142 4080 1576 4181 injiciebant,
1614 4081 1765 4157 fore
1800 4092 1884 4156 ut
1918 4078 2318 4154 Catholicae
2352 4072 2498 4151 an

341 4200 602 4275 clesiae
654 4222 770 4275 res
820 4201 894 4274 in
945 4200 1194 4276 eodem
1232 4198 1648 4273 Russiarum
1688 4196 1989 4295 Imperio
2026 4194 2495 4289 poloniaeque
