3317 5267
2284 518 2431 590 335

490 626 590 703 Ad
629 626 930 726 Capituli
983 627 1503 727 Metropolitani
1557 650 1724 701 vero
1774 629 2203 705 erectionem
2238 630 2425 729 quod

323 745 616 833 attinet,
645 744 788 821 Nos
823 746 1066 821 habita
1098 748 1370 822 ratione
1407 745 1769 843 penuriae,
1800 769 1979 842 quae
2014 747 2153 822 illic
2178 748 2425 823 hacte-

325 884 466 936 nus
519 863 951 959 perhibetur,
1025 864 1630 963 presbyterorum,
1708 862 1971 937 interea
2025 846 2453 961 Apostolica'

325 981 748 1054 auctoritate
801 980 1162 1076 jubemus,
1200 993 1307 1069 ut,
1349 980 1878 1079 quamprimum
1930 980 2081 1055 fleri
2132 986 2421 1080 poterit,

327 1093 500 1167 inibi
529 1096 738 1191 juxta
773 1120 1134 1173 sacrorum
1171 1118 1518 1173 canonum
1547 1096 2063 1192 praescriptum
2086 1098 2424 1173 institua-

325 1220 444 1284 tur
477 1209 906 1308 Capitulum,
936 1215 1122 1311 quod
1159 1216 1358 1289 initio
1397 1224 1675 1310 septem
1712 1212 1968 1286 saltem
2004 1226 2283 1289 constet
2317 1238 2425 1289 ca-

323 1328 618 1416 nonicis,
671 1352 976 1426 quorum
1013 1332 1194 1406 alter
1229 1330 1516 1405 titulum
1552 1342 1628 1403 et
1664 1328 2085 1425 dignitatem
2116 1332 2423 1428 primam

329 1441 840 1533 Archidiaconi,
897 1447 1078 1521 alter
1128 1446 1512 1522 secundam
1567 1444 1933 1542 Theologi,
1962 1458 2039 1520 et
2072 1446 2265 1522 alter·
2288 1458 2423 1523 ter-

323 1563 496 1635 tiam
550 1561 1084 1639 Poenitentiarii
1133 1586 1296 1639 cum
1355 1562 1743 1639 honoribus
1802 1574 1879 1637 et
1938 1564 2269 1641 oneribus
2329 1589 2421 1641 ex

315 1678 476 1773 jure
527 1682 864 1755 canonico
914 1692 990 1755 et
1045 1680 1464 1778 Apostolicis
1515 1679 2141 1756 constitutionibus
2176 1706 2423 1779 respe-

317 1798 508 1872 ctive
569 1800 860 1873 adnexis
913 1799 1394 1897 praeseferant
1432 1851 1454 1888 ,
1535 1799 1763 1874 ceteri
1812 1810 2051 1873 autem
2121 1813 2427 1899 quatuor

321 1925 531 1991 sunto
585 1916 998 2012 simpliciter
1049 1916 1394 2005 titulares,
1452 1918 1715 2014 quique
1768 1938 2021 1991 omnes
2060 1930 2135 1992 et
2168 1918 2426 2015 singuli

319 2032 555 2106 divina
608 2034 828 2109 officia
860 2085 882 2122 ,
937 2034 1408 2109 ecclesiastica
1469 2034 1715 2107 munia
1763 2046 1845 2107 et
1894 2046 2129 2109 cetera
2182 2038 2421 2111 omnia

315 2172 498 2247 quae
547 2152 942 2227 istiusmodi
995 2152 1464 2249 capitulorum
1516 2152 1801 2250 propria
1850 2165 2021 2226 sunt
2070 2155 2205 2229 rite
2257 2155 2421 2229 dili-

317 2282 700 2367 genterque
730 2269 924 2345 obire
951 2282 1350 2358 teneantur,
1379 2295 1461 2345 ac
1487 2272 1761 2345 cunctis
1786 2271 2192 2361 honoribus,
2221 2296 2417 2370 prae-

313 2390 678 2485 rogativis,
706 2389 1021 2478 indultis,
1044 2391 1318 2487 gratiis,
1349 2389 1731 2486 privilegiis
1756 2400 1833 2462 et
1858 2390 2109 2464 ceteris
2136 2390 2421 2488 quibus-

317 2504 488 2579 libet
513 2529 696 2603 quae
723 2505 1078 2591 obtinent,
1108 2506 1382 2603 illisque
1403 2516 1706 2580 utuntur
1727 2515 1805 2579 et
1830 2503 2422 2595 sinuum-,cetera

319 2624 586 2699 illarum
614 2626 920 2722 partium
955 2624 1262 2720 capitula
1285 2626 1861 2721 metropolitana,
1890 2626 2275 2702 dummodo
2301 2626 2423 2702 le-

314 2743 558 2841 gitime
584 2743 656 2815 in
683 2767 818 2817 usu
844 2745 988 2817 sint
1013 2766 1144 2817 nec
1167 2766 1256 2817 ex
1281 2744 1610 2840 peculiari
1637 2744 2089 2821 concessione
2112 2746 2222 2819 vel
2248 2769 2418 2821 one·

313 2886 476 2938 roso
505 2862 710 2937 titulo
736 2863 1086 2959 postulata
1111 2872 1186 2935 et
1209 2862 1557 2958 adquisita
1585 2864 1887 2959 gaudere
1914 2862 2240 2937 debeant.
2275 2863 2417 2960 Spe

311 2981 596 3078 insuper
623 2978 766 3055 Nos
791 2979 980 3067 freti,
1021 2979 1207 3077 quod
1244 3000 1372 3075 pro
1409 2978 1556 3053 zelo
1585 2978 1857 3054 Domus
1888 2978 2043 3067 Dei,
2073 2980 2418 3076 spirituali

307 3096 874 3173 Christifidelium
903 3096 1382 3173 aedificatione
1407 3118 1737 3171 successu
1766 3096 2109 3192 temporis
2132 3096 2275 3170 iste
2300 3118 2411 3169 ca-

307 3218 716 3293 nonicorum
745 3214 1234 3312 capitularium
1276 3234 1614 3287 numerus
1649 3212 2023 3309 aliquando
2046 3224 2411 3311 augeatur,

311 3344 526 3433 atque
577 3334 752 3409 adeo
803 3332 1072 3430 aliquot
1121 3330 1573 3407 mansionarii
1626 3354 1753 3405 seu
1812 3330 2203 3427 cappellani
2238 3354 2409 3407 coo-

310 3460 629 3547 ptentur3
655 3466 738 3525 ac
765 3450 1232 3544 indulgentes,
1259 3459 1344 3523 ut
1373 3447 1953 3544 Archiepiscopus
1979 3447 2053 3519 in
2090 3459 2411 3546 tempore

308 3564 572 3641 Portus
611 3564 952 3662 Principis
989 3564 1202 3639 libere
1237 3562 1554 3639 conferre
1593 3565 1829 3639 valeat
1852 3564 2409 3640 nomina-tionem

311 3693 386 3757 et
437 3683 984 3768 institutionem,
1023 3702 1237 3778 quam
1281 3692 1540 3755 vocant
1575 3680 2096 3768 investituram,
2136 3682 2223 3755 ad
2260 3680 2413 3755 hu-

295 3799 612 3897 jusmodi
635 3797 1152 3894 Metropolitani
1203 3796 1490 3893 capituli
1521 3797 1901 3894 dignitates
1930 3809 2007 3871 et
2040 3797 2415 3873 eanonica-

309 3929 452 4002 tus,
492 3916 806 4013 itemque
845 3915 932 3988 ad
967 3915 1472 3989 mansionariae
1507 3912 1622 3987 vel
1657 3913 2153 4011 cappellanias,
2184 3936 2414 4011 quan-

303 4032 702 4130 documque
751 4030 924 4105 inibi
973 4030 1236 4105 fuerint
1285 4030 1678 4118 institutae,
1714 4053 1846 4104 nec
1880 4054 2023 4106 non
2075 4032 2161 4105 ad
2198 4054 2413 4128 paro-

297 4150 552 4225 chialia
602 4174 732 4248 per
767 4162 990 4225 totam
1027 4147 1420 4223 Dioecesim
1459 4146 1843 4223 obtinenda
1878 4158 1955 4221 et
1988 4148 2410 4246 possidenda

303 4266 640 4343 beneficia
671 4320 694 4357 ,
745 4266 1180 4364 subindeque
1231 4264 1319 4340 ad
1370 4265 1803 4362 parochiales
1854 4288 2139 4365 quoque
2204 4263 2411 4343 Vica-
