3317 5267
2316 461 2461 529 477

353 577 692 654 comitem
749 600 826 650 se
879 575 1098 657 dedit,
1139 575 1260 671 qui
1298 593 1462 646 cum
1515 569 2020 668 quinquaginta
2058 570 2211 658 aliis
2248 573 2454 646 soda-

347 696 530 770 libus
582 695 1016 791 Philippinas
1067 689 1381 788 petebat.
1423 689 1501 762 In
1530 685 1804 764 Mexico
1838 690 2261 763 commorari
2298 711 2456 764 coa-

349 823 508 886 ctus
561 810 1082 908 philosophicas
1115 807 1685 904 theologicasque
1720 804 2121 900 disciplinas
2144 807 2463 884 maximo

347 929 692 1003 sodalium
744 927 1226 1002 emolumento
1279 923 1594 1009 tradidit,
1649 923 1770 1019 qui
1828 921 2023 994 illum
2108 923 2457 998 virtutum

349 1047 668 1120 omnium
721 1044 1084 1139 exemplar
1135 1060 1638 1137 suasoremqve
1694 1038 2075 1113 habebant.
2135 1040 2455 1136 Tandem

349 1164 438 1236 ad
493 1161 928 1258 Philippinas
984 1161 1132 1256 ipse
1187 1181 1468 1256 quoque
1503 1159 1767 1232 missus
1804 1157 1985 1232 alter
2018 1181 2059 1232 a
2109 1156 2457 1253 legatione

345 1291 496 1352 erat
535 1299 554 1350 t
611 1301 834 1351 annos
886 1278 1178 1373 triginta
1228 1273 1672 1350 numerabat.

501 1395 566 1492 §-
631 1401 749 1469 Η.
791 1395 1041 1468 Frater
1077 1395 1492 1469 Franciscus
1533 1394 1795 1468 Blanco
1830 1397 2155 1478 sacerdos
2184 1406 2259 1469 et
2290 1418 2464 1472 con-

345 1517 690 1603 cionator,
751 1516 1194 1620 trigesimum
1251 1515 1534 1590 circiter
1585 1515 1839 1588 aetatis
1876 1537 2141 1590 annum
2180 1514 2457 1612 agebat.

345 1633 561 1710 Ortus
610 1635 952 1710 Menti-eis
987 1635 1172 1730 quod
1211 1643 1324 1706 est
1357 1631 1735 1729 Hispaniae
1812 1635 2149 1729 oppidum
2184 1633 2465 1708 dioece-

341 1754 440 1828 sis
491 1751 854 1827 Oretensis
905 1751 978 1822 in
1030 1748 1336 1824 Galecia.
1392 1749 1472 1822 lu
1527 1750 2067 1824 salmanticensi
2104 1751 2461 1826 academia

347 1872 602 1946 litteris
655 1869 1298 1968 philosophicisque
1349 1869 1737 1967 disciplinis
1790 1871 2035 1946 sedulo
2086 1871 2458 1959 intentus3

343 1992 530 2064 inter
577 1987 1024 2062 franciscales
1076 1989 1482 2084 provinciae
1535 2011 1580 2060 a
1630 1999 1879 2063 sancto
1932 1987 2199 2064 Jacobo
2266 1989 2462 2062 adle-

341 2121 522 2182 ctus.
588 2105 1008 2180 Austerioris
1065 2106 1250 2178 vitae
1303 2107 1600 2202 cupidus
1633 2107 2093 2182 ‘discalceatis
2125 2106 2457 2181 fratribus

339 2223 566 2299 sancti
620 2221 860 2296 Jacobi
913 2244 1174 2296 nomen
1225 2223 1445 2296 dedit.
1487 2222 1801 2298 Plurima
1832 2225 1905 2297 in
1934 2224 2291 2300 coenobiis
2328 2247 2459 2297 au-

339 2342 686 2415 steritatis
741 2363 824 2414 ac
877 2341 1164 2412 virtutis
1203 2353 1667 2414 monumenta
1696 2342 2003 2438 reliquit.
2050 2341 2247 2415 Vitae
2284 2363 2453 2416 suae

339 2479 468 2554 pro
495 2455 780 2530 Christo
817 2456 1178 2551 prodigus»,
1221 2469 1294 2529 et
1329 2455 1632 2530 indicam
1674 2458 2077 2532 missionem
2108 2471 2458 2553 exoptans

339 2597 500 2649 cum
554 2575 702 2648 suis
755 2575 1070 2669 primum
1123 2574 1196 2646 in
1247 2573 1524 2648 Mexico
1597 2575 1919 2648 constitit
1948 2627 1969 2661 ‚
2047 2577 2335 2650 tandem
2418 2601 2459 2649 e

341 2690 762 2790 Philippinis
798 2689 1164 2787 Japoniam
1205 2691 1422 2764 venit.
1467 2690 1801 2787 Regionis
1839 2693 2023 2766 illius
2050 2716 2455 2769 sermonem

337 2810 656 2905 apprime
705 2807 983 2893 doctuS‚
1023 2806 1424 2882 incredibile
1477 2809 1672 2882 dictu
1722 2818 1833 2880 est
1883 2822 2060 2906 quot
2096 2820 2453 2906 quantas—

341 2949 478 3022 que
533 2925 805 2998 unimas
857 2921 1006 2999 Deo
1061 2925 1484 3020 adjunxerit.

491 3043 553 3136 S.
621 3047 736 3115 ¹2.
793 3027 1160 3140 Philippus
1211 3063 1254 3114 a
1305 3041 1478 3116 Jesu
1525 3041 1613 3114 de
1641 3041 1745 3116 las
1796 3041 2011 3116 Casas
2037 3041 2287 3116 Mexici
2322 3065 2451 3116 na-

347 3171 462 3234 tus
497 3171 632 3234 est.
691 3157 1032 3234 Parentes
1085 3158 1334 3232 habuit
1385 3156 1677 3231 Mariam
1737 3157 2111 3232 Antoniam
2193 3159 2457 3234 Marti-

336 3301 466 3353 nez
518 3289 594 3352 et
643 3277 1082 3373 Alphonsum
1135 3277 1222 3352 de
1273 3277 1378 3351 las
1415 3275 1628 3350 Casas
1680 3277 2039 3372 hispanos,
2080 3302 2338 3377 genere
2374 3305 2456 3356 ac

343 3399 608 3471 divitiis
662 3396 994 3471 illustres.
1057 3395 1480 3472 Adolescens
1511 3397 1667 3494 plus
1705 3419 1933 3494 aequo
1974 3399 2456 3496 voluptatibus

338 3515 689 3603 indulsit3
742 3516 866 3589 sed
921 3516 1174 3612 quinto
1225 3537 1306 3590 ac
1357 3516 1632 3589 decimo
1684 3517 1938 3590 aetatis
1990 3539 2177 3592 anno
2228 3519 2454 3594 soda-

342 3631 526 3708 libus
579 3633 804 3706 sancti
859 3630 1211 3706 Francisci
1241 3631 1612 3706 severioris
1649 3629 2140 3708 observantiae
2177 3657 2255 3708 se
2288 3635 2457 3730 jun-

343 3750 475 3822 xit.
537 3749 738 3824 Haud
795 3750 1020 3824 multo
1077 3763 1236 3846 post
1287 3751 1598 3846 suscepti
1649 3751 1921 3824 consilii
1950 3765 2341 3846 pertaesus,
2382 3763 2455 3826 et

339 3871 714 3964 pristinam
769 3870 1048 3944 vivendi
1113 3871 1699 3944 consuetudinem
1753 3871 1988 3944 animo
2066 3883 2397 3967 repetens
2426 3923 2449 3957 ,

332 3988 676 4084 seraphici
733 3989 952 4086 patris
1005 3986 1302 4083 vestigia
1329 3987 1634 4083 reliquit.
1683 3985 1979 4062 Iuvenis
2032 3986 2453 4062 instabilitas

339 4116 538 4180 tanto
589 4117 968 4202 parentum
1022 4105 1296 4178 animos
1349 4104 1586 4178 dolore
1655 4103 1913 4192 affecit,
1952 4117 2037 4178 ut
2070 4129 2161 4180 ne
2214 4106 2449 4202 ipsum

338 4225 424 4298 ad
497 4249 575 4300 se
645 4224 948 4321 amplius
1015 4223 1416 4308 admittere,
1483 4247 1712 4320 neque
1772 4225 2131 4319 adspicere
2204 4223 2449 4300 volue-
