3317 5267
841 458 988 529 340

995 568 1364 645 Praeterea
1415 592 1865 669 summopere
1914 568 2497 645 commendantes
2550 568 2723 643 dicti
2776 563 2957 641 Hai-

841 688 988 765 tani
1029 684 1361 765 Gubernii
1401 688 1713 763 studium
1768 688 2305 783 impensamque
2360 685 2953 773 munificentiam,

839 808 1025 883 unde
1075 810 1249 885 satis
1302 830 1490 883 nunc
1525 808 1671 881 fieri
1706 808 1953 882 datum
1990 817 2129 893 est,
2168 816 2253 880 ut
2286 806 2601 903 singulae
2638 807 2961 881 dotatio·-

841 950 967 1000 nes
1022 925 1412 1023 praedictae
1465 947 1506 997 a
1555 924 1834 1021 publico
1896 925 2049 999 eius
2102 924 2369 999 aerario
2420 922 2952 1019 impendantur,

839 1044 1062 1118 donec
1115 1043 1412 1143 totidem
1465 1044 1640 1119 certi
1694 1054 1766 1117 et
1821 1043 1973 1139 puri
2016 1043 2330 1119 redditus
2368 1064 2459 1115 ex
2493 1040 2699 1117 bonis
2727 1040 2955 1115 stabi-

840 1160 1022 1235 libus
1073 1186 1214 1239 non
1270 1161 1530 1237 fuerint
1567 1160 1775 1258 plane
1808 1160 2198 1257 subrogati,
2254 1159 2357 1234 uti
2412 1161 2737 1255 superius
2780 1181 2959 1233 con-

843 1279 1188 1367 stituitur‚
1245 1304 1327 1353 ac
1378 1280 1608 1358 eidem
1663 1276 2023 1355 Gubernio
2060 1278 2595 1353 benevolentiae
2655 1276 2957 1353 Nostrae

841 1417 1091 1471 sensus
1143 1394 1238 1470 oh
1290 1397 1360 1470 id
1412 1396 1782 1472 ostendere
1823 1396 2143 1472 volentes
2177 1394 2451 1471 Dilecto
2486 1394 2667 1471 Filio
2700 1395 2959 1469 illustri

843 1528 917 1587 et
973 1514 1362 1613 honorabili
1419 1515 1570 1589 viro
1622 1515 1960 1593 hodierno
1990 1566 2012 1603 ,
2068 1538 2199 1589 nec
2252 1538 2395 1589 non
2448 1536 2577 1611 pro
2630 1526 2957 1609 tempore

845 1632 1179 1705 existenti
1217 1632 1438 1728 ipsius
1473 1630 1755 1707 Haitani
1807 1630 2143 1707 Gubernii
2196 1631 2533 1719 Praesidi‚
2574 1644 2655 1705 ut
2705 1632 2765 1705 is
2800 1640 2955 1703 tam

846 1747 978 1823 hac
1031 1750 1256 1845 prima
1314 1750 1464 1825 vice
1514 1772 1733 1848 quam
1786 1750 1859 1823 in
1914 1752 2217 1847 posteris
2269 1749 2667 1845 quibusque
2726 1746 2957 1821 dictae

842 1864 1428 1963 Metropolitanus
1482 1866 1839 1943 Ecclesiae
1893 1863 2149 1941 Portus
2187 1864 2533 1963 Principis
2570 1866 2959 1939 vacationi-

841 1983 976 2059 bus
1015 1984 1200 2059 intra
1241 1998 1526 2083 tempus
1563 2008 1697 2083 per.
1722 2010 1959 2063 saeros
1994 2008 2301 2061 canones
2341 1984 2783 2082 praefinitum
2816 1984 2961 2059 ido-

843 2124 1052 2175 neam
1089 2104 1518 2203 dignamque
1553 2126 1931 2201 personam
1968 2102 2548 2200 Metropolitanae
2586 2101 2683 2175 illi
2711 2102 2957 2177 cathe-

841 2220 1010 2295 drae
1066 2244 1192 2317 per
1241 2222 1386 2297 Nos
1442 2222 1554 2297 vel
1608 2220 2009 2297 Romanum
2064 2222 2133 2293 in
2192 2233 2510 2317 tempore
2540 2218 2955 2295 Pontificem

841 2337 1376 2433 praeficiendam
1429 2340 1612 2435 apud
1666 2337 1850 2413 hanc
1914 2336 2388 2435 Apostolicam
2426 2338 2673 2411 sedem
2708 2335 2953 2411 nomi—
3030 2412 3039 2421 ,

845 2478 1012 2531 nare
1050 2479 1176 2529 seu
1213 2468 1663 2551 praesentare
1701 2457 1955 2544 valeat,
1994 2456 2295 2531 servatis
2336 2468 2575 2529 tamen
2612 2477 2795 2553 quae
2846 2478 2957 2528 ce·

846 2572 1169 2668 tei-oquin
1219 2572 1308 2645 de
1353 2570 1510 2667 jure
1564 2595 1901 2669 moreque
1938 2574 2280 2647 servanda
2318 2584 2512 2660 sunt,
2558 2572 2953 2667 Apostolica

841 2690 1260 2767 auctoritate
1282 2692 1634 2786 praedicta
1655 2702 1999 2788 perpetuo
2024 2692 2349 2766 similiter
2380 2691 2851 2788 indulgemus,
2872 2712 2957 2762 ac

845 2806 1269 2885 Canonicam
1327 2822 1564 2887 taxam
1597 2832 1725 2905 pro
1751 2807 2177 2883 Litterarum
2222 2808 2777 2907 Apostolicarum
2820 2829 2953 2879 ex·-

841 2926 1196 3023 peditione
1249 2929 1530 3025 quoties
1579 2928 1896 3002 Antistes
1928 2929 2157 3005 eidem
2198 2927 2775 3025 Metropolitanae
2811 2924 2961 2999 Ee-

837 3043 1088 3121 clesiae
1113 3045 1324 3121 fuerit
1349 3046 1857 3144 praeficiendus
1884 3049 1955 3121 in
1984 3048 2213 3122 aureis
2236 3045 2520 3121 florenis
2544 3047 2633 3119 de
2652 3042 2749 3117 Ca
2760 3066 2951 3119 mera

840 3161 1124 3259 triginta
1181 3163 1408 3239 tribus
1459 3187 1622 3239 cum
1674 3165 1882 3239 tertia
1917 3164 2235 3261 ejusdem
2272 3161 2516 3239 ssoreni
2566 3174 2769 3269 parte
2804 3173 2959 3237 sta-

837 3281 1132 3368 tuimus,
1159 3283 1399 3379 sicque
1435 3284 1504 3359 in
1539 3283 1737 3357 libris
1772 3281 2111 3359 Gamerae
2152 3280 2597 3377 Apostolieae
2634 3282 2958 3379 sacrique

841 3396 1136 3495 Collegii
1199 3399 1484 3475 inscribi
1535 3410 1610 3477 et
1663 3398 2020 3477 observari
2064 3398 2423 3495 jubemus.

999 3517 1417 3596 Pmoeenoes
1467 3544 1753 3618 quoque
1804 3519 2112 3598 Litteras
2164 3520 2251 3599 de
2314 3518 2788 3615 subreptionis
2844 3517 2957 3593 vel

837 3638 1274 3737 obreptionis
1303 3692 1328 3727 ‚
1381 3652 1504 3715 aut
1555 3640 1899 3717 nullitatis
1934 3692 1958 3725 ,
2010 3637 2234 3714 aliove
2277 3660 2727 3736 quocumque
2782 3638 2959 3713 vitio

835 3780 962 3831 seu
1031 3758 1446 3833 intentionis
1517 3755 1815 3833 Nostrae
1853 3808 1876 3843 ,
1940 3767 2065 3829 aut
2116 3754 2434 3853 quolibet
2482 3754 2620 3830 alio
2670 3752 2955 3829 defectu

839 3876 1298 3970 quantumvis
1319 3874 1618 3971 juridico
1653 3885 1728 3948 et
1762 3871 2235 3960 substantiali,
2273 3873 2489 3947 etiam
2516 3896 2601 3946 ex
2644 3895 2731 3947 eo
2764 3870 2957 3967 quod

841 3994 1272 4091 quicumque
1323 3996 1396 4069 in
1453 3994 1857 4091 praemissis
1908 3990 2236 4067 omnibus
2288 4002 2365 4067 et
2414 3990 2709 4087 singulis
2774 4013 2961 4085 quo-

829 4112 1218 4187 modolibet
1268 4116 1614 4190 interesse
1668 4108 2017 4187 habentes
2048 4161 2069 4198 ,
2142 4108 2251 4185 vel
2308 4107 2563 4183 habere
2616 4118 2957 4203 putantes

827 4242 902 4301 et
955 4234 1500 4325 praetendentes
1537 4230 2047 4328 cujuscumque
2084 4227 2443 4327 qualitatis
2478 4226 2761 4323 graduS,
2800 4238 2957 4297 sta-
