3317 5267
859 444 1008 518 240

857 558 1037 648 loca,
1095 576 1280 653 quae
1331 554 1691 651 praedicto
1748 564 2071 653 tempore
2130 547 2577 631 vicariorum
2640 554 3009 655 Apostoli-

861 696 1110 752 corum
1161 672 1566 750 auctoritati
1619 671 1992 760 suberant,
2058 670 2193 746 sub
2245 676 2661 751 eorumdem
2714 676 3009 751 iurisdi-

855 794 1092 869 ctione
1141 804 1219 868 et
1273 789 1673 869 obedientia
1726 790 2029 865 firmiter
2085 806 2578 885 permaneant.

1019 910 1118 984 Ut
1151 934 1322 985 vero
1357 908 1763 983 huiusmodi
1800 907 2189 983 iurisdictio
2244 930 2409 1005 erga
2444 910 2807 1005 praedicta
2843 912 3003 986 loca

861 1026 1079 1107 Nobis
1113 1037 1502 1115 reservata,
1541 1024 2006 1102 commodiori
2058 1048 2199 1123 qua
2253 1048 2385 1123 par
2434 1028 2530 1100 sit
2563 1028 2837 1104 ratione
2870 1052 3003 1126 pro

861 1145 1256 1219 animarum
1293 1144 1525 1219 salute
1562 1143 1881 1217 exerceri
1923 1143 2176 1239 possit,
2206 1128 2569 1221 (rarissimo
2602 1145 2675 1217 in
2712 1142 3000 1222 Christo

863 1260 1039 1338 Filio
1089 1261 1351 1339 Nostro
1407 1260 1622 1339 Petro
1676 1261 1815 1338 hoc
1866 1260 2155 1335 nomine
2208 1258 2477 1351 Quinto
2529 1261 3002 1359 Portugalliae
3040 1296 3052 1305 ’

862 1393 939 1458 et
1001 1380 1496 1479 Algarbiorum
1578 1378 1757 1477 Regi
1812 1378 2254 1455 Fidelissimo
2293 1431 2316 1469 ,
2380 1383 2505 1479 qui
2566 1382 2655 1456 ad
2708 1404 3005 1479 promo-

859 1500 1168 1573 vendam
1232 1512 1606 1596 pactorum
1672 1496 2167 1573 executionem
2232 1510 2315 1571 et
2372 1499 2459 1573 ad
2520 1498 3003 1575 dissensiones

859 1618 1396 1719 quamprimum
1451 1616 1971 1715 extinguendas
2023 1638 2314 1691 omnem
2366 1638 2497 1713 pro
2548 1640 2677 1692 sua
2729 1617 3003 1714 pietate

859 1746 937 1810 et
987 1734 1328 1834 religione
1381 1758 1668 1833 operam
1724 1758 1801 1809 se
1852 1736 2187 1809 daturum
2246 1735 2601 1832 promisit,
2654 1758 3001 1835 expresse

859 1854 1377 1933 declaravimus
1430 1855 1574 1931 Nos
1626 1855 2034 1931 huiusmodi
2071 1848 2667 1931 extraordinariae
2724 1856 3004 1935 iurisdi-

857 1974 1114 2049 ctionis
1149 1974 1596 2061 exercitium,
1637 1996 1765 2049 sex
1810 1994 2154 2048 annorum
2192 1974 2449 2070 spatio,
2488 1975 2999 2049 commissuros

863 2090 1412 2189 Archiepiscopo
1464 2089 1709 2166 Goano
1740 2144 1763 2177 ‚
1818 2112 2045 2188 eoque
2098 2091 2482 2165 decedente
2514 2140 2537 2179 ,
2593 2090 2707 2165 vel
2763 2091 2997 2188 aliqua

763 2222 771 2229 '
863 2210 1062 2305 gravi
1099 2232 1310 2285 causa
1348 2210 1536 2282 intra
1569 2208 1975 2293 huiusmodi
2024 2217 2309 2303 tempus
2342 2208 2758 2304 praepedito
2796 2207 2999 2280 alteri

864 2344 905 2397 a
957 2322 1162 2400 nobis
1213 2326 1644 2424 designando
1699 2352 1789 2402 ex
1844 2329 2158 2402 virorum
2196 2324 2835 2399 ecclesiasticorum
2870 2346 2997 2397 ca·-

863 2439 1126 2537 talogo,
1181 2464 1398 2537 quem
1435 2442 1765 2517 Maiestas
1805 2442 1949 2517 Sua
1987 2442 2307 2539 apposite
2343 2438 2561 2515 Nobis
2596 2440 2991 2515 exhibebit:

867 2557 966 2631 ita
1017 2558 1330 2659 quidem,
1371 2570 1454 2633 ut
1503 2559 1849 2634 eiusmodi
1892 2558 2405 2633 ecclesiasticus
2456 2557 2592 2643 vir,
2648 2558 2999 2631 alterutro

861 2696 952 2749 ex
991 2674 1386 2749 enunciatis
1421 2674 1701 2751 casibus
1744 2676 2196 2765 obveniente,
2236 2678 2484 2753 statim
2520 2676 2593 2748 in
2628 2674 2999 2771 delegatae

863 2792 1462 2873 extraordinariae
1527 2792 2025 2871 iurisdictionis
2102 2794 2523 2871 exercitium
2606 2790 2991 2889 Archiepi-

859 2934 1074 3011 scopo
1125 2910 1374 2989 Goauo
1433 2915 1789 2988 succedat.
1856 2914 2037 2989 Cum
2102 2925 2342 2989 autem
2406 2911 2585 2987 haec
2634 2910 2993 3011 successio

861 3030 1096 3108 locum
1149 3030 1503 3121 habuerit,
1561 3056 1652 3109 ne
1706 3032 2112 3131 Apostolica
2174 3032 2563 3129 Delegatio,
2628 3032 2995 3128 praedicto

860 3150 1202 3246 temporis
1253 3150 1580 3239 decursu,
1633 3173 1951 3248 unquam
1982 3149 2349 3227 defectura
2398 3148 2519 3238 sit,
2576 3148 2643 3226 id
2698 3170 2989 3247 quoque

833 3260 1283 3344 'indulsimus
1318 3280 1400 3342 ut
1433 3267 1772 3343 Maiestas
1809 3267 1951 3342 Sua
1986 3267 2388 3347 fidelissima
2424 3268 2729 3343 alterum
2766 3266 2989 3343 Nobis

863 3384 1262 3480 catalogum
1317 3383 1577 3474 tradat,
1633 3406 1725 3458 ex
1786 3408 1931 3482 quo
1967 3384 2111 3461 Nos
2164 3385 2381 3463 alium
2432 3385 2991 3462 ecclesiasticum

868 3500 1096 3574 virum
1150 3500 1454 3599 deligere
1506 3502 1865 3598 possimus
1910 3556 1931 3589 ,
1997 3504 2120 3605 qui
2173 3504 2405 3600 primo
2455 3488 2787 3583 cessante
2824 3556 2845 3593 ‚
2914 3504 2988 3579 in

863 3616 1282 3691 exercitium
1317 3629 1753 3692 memoratae
1789 3616 2289 3715 Delegationis,
2330 3620 2669 3695 sexennio
2724 3622 2989 3721 perdu-

859 3746 1088 3824 rante,
1143 3734 1637 3813 substituatur.
1696 3736 1771 3811 Si
1823 3739 2153 3836 denique,
2194 3740 2519 3815 absoluto
2580 3762 2711 3815 sex
2762 3764 2993 3818 anno-

859 3876 1020 3931 rum
1071 3856 1328 3951 spatio,
1383 3854 1661 3952 integra
1695 3854 2139 3931 Dioecesium
2194 3856 2801 3956 suffraganearum
2848 3862 2993 3935 cir-

861 3972 1316 4070 cumscriptio
1361 3973 1454 4050 ob
1505 3974 1817 4073 aliquam
1870 3976 2307 4073 inopinatam
2360 3996 2649 4053 causam
2703 3990 2985 4076 peracta

860 4110 1001 4167 non
1051 4088 1292 4180 fuerit,
1351 4092 1823 4190 Apostolioam
1878 4092 2405 4192 Delegationem
2462 4120 2504 4171 a
2554 4094 2775 4172 Nobis
2808 4119 2979 4194 pro-

861 4206 1242 4309 rogandam
1277 4207 1428 4283 fore
1460 4208 1977 4289 declaravimus
2014 4234 2141 4315 per
2192 4212 2381 4287 aliud
2434 4214 2777 4315 temporis
2812 4235 2977 4315 spa-
