3317 5267
2294 544 2300 551 -
2356 496 2450 562 44

378 601 693 699 perfecta
742 599 974 696 parati
1026 601 1113 674 ad
1164 618 1460 675 omnem
1520 594 1649 671 Dei
1706 596 2144 673 voluntatem
2213 496 2500 693 simus?

376 728 882 797 conservantes
934 717 1213 793 fortiter
1262 716 1619 793 dominica
1673 716 2034 803 mandata,
2090 717 2162 791 in
2222 722 2506 821 simpli·-

376 842 593 915 citate
648 836 1155 925 innocentiam,
1212 835 1285 909 in
1356 833 1655 909 caritate
1727 836 2200 923 concordiam,
2257 842 2508 917 mode·-

377 958 595 1032 stiam
648 957 723 1029 in
771 952 1209 1042 humilitate,
1263 952 1702 1050 diligentiam
1757 953 1830 1028 in
1861 954 2500 1049 administratione,

381 1076 821 1172 vigilantiam
851 1074 925 1146 in
955 1072 1370 1149 adiuvandis
1395 1070 1910 1159 laborantibus,
1947 1074 2504 1151 misericordiam

382 1195 455 1267 in
508 1192 835 1267 fovendis
887 1188 1349 1287 pauperibuS,
1378 1188 1452 1261 in
1480 1186 1922 1263 defendenda
1973 1192 2276 1265 veritate
2325 1216 2505 1269 con-

380 1310 747 1397 stantiam,
804 1310 875 1381 in
955 1306 1365 1403 disciplinae
1412 1306 1800 1381 severitate
1853 1330 2252 1383 censuram.
2305 1309 2500 1387 Haec

383 1426 577 1502 enim
630 1439 800 1501 sunt
852 1426 1185 1521 vestigia,
1240 1444 1425 1520 qnae
1480 1421 1684 1497 nobis
1735 1422 1976 1497 Sancti
2055 1438 2502 1505 revertentes

382 1546 452 1617 in
506 1546 815 1642 patriam
848 1544 1324 1642 reliquerunt,
1366 1552 1449 1615 ut
1484 1540 1764 1617 illorum
1801 1543 2076 1617 semitis
2115 1544 2508 1621 inhaeren-

383 1674 493 1737 tes
544 1686 1007 1760 sequeremur
1058 1673 1134 1737 et
1184 1660 1437 1758 gaudia
1488 1657 1625 1759 (¹).

541 1780 687 1855 Nec
740 1782 827 1856 ad
860 1780 1277 1877 exemplum
1316 1790 1599 1853 tantum
1636 1778 1934 1857 Sanctos
1973 1780 2104 1855 bos
2135 1782 2323 1859 viros
2375 1808 2508 1859 no·-

380 1899 493 1973 bis
529 1900 867 1996 proponit
900 1898 1246 1985 Ecclesia,
1288 1898 1413 1971 sed
1450 1897 1668 1972 etiam
1710 1898 1798 1971 ad
1833 1900 2292 1995 praesidium.
2348 1900 2508 1977 No-

380 2016 511 2091 stri
561 2018 757 2089 enim
806 2026 979 2090 sunt
1030 2015 1217 2110 apud
1272 2012 1501 2087 Deum
1556 2015 1868 2110 patroni,
1923 2016 2044 2112 qui
2093 2016 2168 2090 in
2221 2017 2508 2093 caelesti

382 2135 615 2231 patria
664 2156 1023 2208 memores
1074 2130 1411 2220 fratrum,
1492 2154 1677 2229 quos
1727 2131 1800 2205 in
1855 2132 1992 2207 boc
2032 2132 2254 2210 'exilio
2329 2136 2511 2210 reli-

382 2265 717 2351 querunt,
772 2254 921 2325 suis
972 2252 1159 2348 apud
1217 2251 1553 2325 thronum
1628 2252 1896 2348 gratiae
1974 2254 2300 2350 precibus
2377 2280 2510 2332 nos

381 2370 755 2467 adjuvant,
814 2390 897 2442 ac
948 2390 1111 2442 suas
1164 2368 1521 2443 orationes
1574 2366 1950 2444 offerentes
2005 2368 2154 2445 Deo
2205 2396 2334 2471 per
2387 2371 2510 2447 Fi-

379 2482 555 2559 liu'm
606 2484 763 2581 ejus
814 2483 1373 2580 Redemptorem
1431 2494 1756 2557 nostrum
1813 2508 1974 2559 cum
2005 2510 2145 2585 quo
2177 2499 2507 2585 regnant,

381 2604 621 2677 divina
675 2602 878 2679 nobis
932 2602 1274 2677 beneficia
1328 2616 1627 2699 possunt
1679 2604 2089 2701 impetrare.
2146 2604 2506 2697 Quantum

386 2736 627 2799 autem
678 2723 767 2796 ab
822 2746 1069 2799 eorum
1126 2724 1518 2821 patrocinio
1570 2747 1856 2820 sperare
1909 2727 2262 2822 possimus
2294 2781 2315 2817 ,
2369 2731 2512 2804 de-

387 2843 655 2917 clarant
705 2854 779 2917 et
838 2844 1257 2939 magnitudo
1309 2844 1726 2918 eorumdem
1782 2846 1967 2941 apud
2045 2844 2274 2922 Deum
2352 2872 2512 2923 me-

388 2962 711 3049 ritorum,
766 2974 842 3035 et
894 2962 1237 3037 mirabilia
1312 2988 1483 3038 sane
1526 3016 1545 3051 ,
1629 2986 1810 3060 quae
1863 2976 2142 3061 praeter
2215 2977 2512 3043 naturae

386 3081 703 3156 ordinem
752 3080 839 3153 ad
894 3082 1145 3154 merita
1198 3081 1349 3177 ipsa
1402 3080 1880 3156 confirmanda
1954 3082 2296 3157 divinitus
2375 3107 2507 3179 pa-
2631 3094 2638 3103 ‘

384 3208 569 3270 trata
622 3207 814 3271 sunt.
872 3196 1110 3271 Novos
1169 3198 1384 3294 igitur
1412 3198 1600 3295 apud
1638 3194 1866 3273 Deum
1907 3197 2096 3272 nacti
2132 3210 2495 3294 patronos„

386 3337 599 3390 nemo
649 3324 973 3389 nostrum
1027 3314 1261 3389 aliena
1317 3314 1406 3388 ab
1458 3339 1702 3391 eorum
1757 3316 2104 3413 exemplis
2158 3318 2348 3393 vitae
2400 3344 2505 3393 ra·

385 3432 575 3507 tione
628 3431 943 3527 ipsorum
996 3432 1513 3527 deprecationis
1564 3432 1906 3507 beneficio
1958 3457 2036 3506 se
2087 3435 2334 3510 reddat
2390 3436 2502 3510 in-

384 3549 703 3647 dignum.
763 3548 901 3623 Sed
957 3548 1072 3644 pio
1128 3571 1210 3622 ac
1264 3548 1615 3645 religioso,
1674 3550 1776 3624 uti
1831 3573 1960 3646 par
2010 3563 2126 3625 est
2162 3605 2183 3640 ,
2263 3554 2502 3630 animo

386 3668 803 3765 comparati,
860 3676 933 3740 et
986 3689 1259 3753 eorum,
1318 3668 1441 3762 qui
1470 3666 1641 3740 adeo
1697 3664 1845 3742 Deo
1878 3668 2318 3763 placuerunt,
2353 3694 2506 3767 pre·

388 3782 587 3860 cibus
638 3782 880 3858 confisi
932 3784 1250 3857 dicamus
1305 3796 1379 3855 et
1417 3782 1868 3858 obsecremus
1909 3809 2181 3860 omneS.

536 3900 1031 3997 Omnipotens,
1092 3902 1489 3991 miserator,
1557 3912 1633 3975 et
1685 3903 2082 3978 misericors
2119 3901 2334 3993 Deus,
2391 3930 2506 3979 re-

265 4116 271 4123 ·
386 4019 577 4117 spice
610 4070 631 4106 ,
687 4039 1123 4116 quaesumus
1154 4070 1173 4105 ,
1230 4016 1621 4093 Ecclesiam
1677 4030 1874 4093 tuam
1928 4032 2248 4095 sanctam
2287 4023 2504 4095 tantis

550 4265 631 4337 (1)
668 4262 815 4332 Vcn.
864 4264 1023 4329 Beda
1066 4266 1255 4331 Scrm.
1306 4264 1403 4329 18.
1454 4264 1529 4330 de
1562 4264 1816 4329 Sanctis
