3317 5267
2294 412 2437 479 279

316 538 447 612 illis
500 536 671 609 alias
725 534 797 606 in
861 552 992 605 suo
1057 529 1312 605 robore
1374 529 1875 625 permansuris»,
1943 524 2287 599 latissime
2358 538 2437 599 et

311 652 716 750 plenissime
795 670 876 721 ae
927 645 1323 742 specialiter
1395 656 1470 716 et
1539 666 1877 739 expresse
1946 642 2033 715 ad
2098 640 2430 715 effectum

310 760 816 869 praesentium,
885 780 962 840 et
1033 764 1416 839 validitatis
1487 764 1809 837 omnium
1862 772 1939 835 et
1998 761 2439 857 singulorum

311 888 882 985 praemissorum,
937 881 1071 955 hac
1127 882 1278 955 vice
1341 881 1723 954 dumtaxat
1772 890 1975 952 motu
2006 930 2028 965 ,
2084 879 2377 952 scientia
2412 928 2433 963 ‚

312 1018 381 1081 et
417 1005 791 1102 potestatis
828 1001 1264 1098 plenitudine
1318 998 1627 1094 paribus,
1683 999 1937 1071 harum
1988 1020 2267 1094 quoque
2320 1020 2440 1071 se·-

312 1127 434 1213 rie,
476 1125 894 1220 derogamus
947 1121 1341 1217 ceterisque
1394 1118 1767 1191 contrariis
1820 1114 2405 1213 quibuscumque.

389 1281 420 1297 ·-
467 1241 802 1318 Volumus
830 1250 1096 1323 autem,
1129 1238 1316 1336 quod
1353 1237 1584 1310 dictus
1612 1234 2041 1309 Laurentius
2070 1233 2439 1331 Archiepi-

311 1384 561 1457 scopus
597 1361 890 1455 eiusque
917 1358 1434 1452 Subdelegatus
1461 1356 1540 1427 in
1581 1352 2097 1451 exequutoriali
2132 1351 2436 1427 Decreto

309 1478 660 1551 naturales
712 1499 936 1550 novae
993 1474 1454 1548 Victoriensis
1509 1472 1865 1547 Dioecesis
1916 1472 2097 1545 fines
2158 1472 2439 1546 deseri-—

304 1594 468 1669 bere
522 1618 606 1668 ac
655 1592 1056 1688 respectiva
1107 1592 1260 1665 sive
1325 1590 1719 1663 Civitatum
1782 1592 1933 1663 sive
1998 1588 2437 1686 Oppidorum

307 1698 454 1785 sive
491 1710 989 1785 paroeciarum
1024 1708 1461 1804 singularum
1514 1707 1807 1781 nomina
1843 1717 1919 1779 et
1954 1704 2431 1779 habitantium

305 1850 680 1903 numerum
709 1825 1100 1923 perhibere,
1142 1828 1460 1923 itemque
1489 1850 1616 1899 sex
1643 1826 1830 1898 intra
1866 1847 2147 1898 menses
2186 1824 2275 1897 ab
2300 1847 2433 1897 ex-

303 1946 494 2042 pleta
547 1946 954 2021 earumdem
995 1946 1476 2041 praesentium
1531 1944 2011 2042 exequutione
2066 1943 2431 2016 authenti-

307 2084 472 2135 eum
524 2062 888 2159 exemplar
940 2062 1357 2158 quorumvis
1394 2058 1885 2149 Decretorum‚
1925 2083 2105 2157 quae
2150 2060 2235 2133 ad
2289 2060 2429 2134 hoe

307 2203 486 2278 opus
539 2180 834 2255 feliciter
886 2180 1386 2277 perficiendum
1443 2179 1731 2254 ferenda
1782 2179 2071 2266 fuerint,
2124 2181 2212 2254 ad
2248 2178 2432 2252 hanc

305 2295 778 2394 Apostolicam
831 2297 1086 2371 Sedem
1150 2298 1640 2370 transmittere
1706 2306 2083 2370 teneantur
2122 2348 2143 2381 ,
2208 2307 2289 2368 ut
2350 2296 2423 2367 in

306 2411 634 2491 Archivio
685 2413 1264 2509 Congregationis
1319 2413 1841 2488 Venerabilium
1900 2414 2227 2487 Fratrum
2280 2412 2429 2488 No-

303 2543 612 2607 strorum
651 2532 950 2606 Sanctae
983 2533 1346 2609 Romanae
1375 2532 1731 2607 Ecclesiae
1766 2530 2239 2607 Cardinalium
2268 2554 2434 2607 con-

300 2649 765 2727 sistorialibus
818 2652 1122 2746 negotiis
1182 2653 1628 2749 praepositae
1691 2654 1781 2727 ad
1843 2663 2263 2750 perpetuam
2328 2650 2430 2724 rei

301 2768 724 2841 memoriam
777 2780 852 2842 et
903 2790 1228 2844 normam
1283 2770 1801 2844 custodiantur.

461 2888 806 2963 Volumus
841 2890 1088 2975 etiam,
1129 2900 1210 2962 ut
1244 2891 1729 2985 praesentium
1778 2890 2175 2963 litterarum
2232 2902 2431 2963 tran·
2465 2918 2475 2928 ·

299 3007 606 3102 sumptis
661 3006 878 3079 etiam
935 3007 1324 3101 impressiS,
1381 3028 1600 3081 manu
1655 3018 1898 3079 tamen
1951 3007 2243 3105 alicujus
2280 3006 2429 3082 No-

299 3122 464 3193 tarii
517 3118 784 3194 Publici
839 3120 1285 3218 subscriptis,
1341 3132 1418 3193 et
1468 3120 1697 3217 sigillo
1729 3121 2021 3217 alicujus
2084 3144 2425 3218 personae

297 3238 374 3309 in
426 3237 770 3333 dignitate
824 3234 1258 3312 ecclesiatica
1311 3238 1749 3312 constitutae
1800 3238 2121 3325 munitis»,
2178 3238 2427 3313 eadem

295 3378 588 3452 prorsus
642 3356 818 3429 fides
870 3357 942 3428 in
995 3358 1254 3453 judicio
1315 3368 1390 3431 et
1451 3369 1653 3429 extra
1720 3356 1889 3430 illud
1954 3356 2371 3431 adhibeatur
2403 3408 2425 3444 ,

293 3496 480 3572 quae
515 3474 770 3547 iisdem
810 3474 1302 3570 praesentibus
1331 3474 1809 3564 adhiberetur,
1848 3476 1911 3549 si
1948 3472 2185 3549 forent
2218 3474 2427 3550 exhi-

291 3596 488 3669 bitae
545 3594 656 3667 vel
711 3606 1071 3669 ostensae.

453 3709 637 3784 Nulli
691 3734 860 3807 ergo
897 3712 1194 3787 omnino
1230 3712 1599 3787 hominum
1637 3713 1847 3788 liceat
1882 3713 2065 3786 hanc
2090 3713 2425 3809 paginam

291 3841 587 3902 nostrae
640 3828 1136 3917 absolutionis„
1191 3833 1695 3928 exemptionis»,
1750 3830 2426 3916 dismembrationi8‚

292 3945 834 4043 praefinitioniS‚
891 3947 1397 4037 evehectionis,
1445 3950 1848 4039 erectionis,
1904 3946 2423 4045 assignationiS,

287 4063 792 4150 institutionis,
851 4066 1348 4153 concessioniS‚
1387 4068 1667 4155 statuti,
1719 4067 2102 4164 praecepti,
2158 4065 2427 4141 consti-
2530 4092 2535 4097 ·

289 4179 622 4268 tutioniS,
673 4179 880 4276 jussi,
937 4181 1416 4270 subiectionis,
1475 4183 1755 4272 indulti,
1794 4183 2233 4271 intentioniS,
2298 4184 2430 4256 de-
