3317 5267
2293 444 2440 515 427

322 591 359 637 ιι
418 564 603 641 derit
652 584 915 659 agnum
968 558 1301 657 profanus
1352 567 1467 631 est
1502 554 1639 657 (l).
1699 554 1930 655 Atque
1984 558 2272 653 insuper
2309 556 2438 631 Pe-

328 706 365 751 »
424 692 605 767 trus,
658 676 782 775 qui
834 678 905 750 in
958 676 1241 774 propria
1290 673 1471 749 Sede
1525 685 1602 748 et
1651 674 1840 747 vivit
1889 684 1966 747 et
2017 673 2436 769 praesidet·²

326 824 363 869 ιι
424 809 741 895 praestat
787 795 1289 894 quaerentibus
1340 793 1503 869 fidei
1555 793 1934 867 veritatem
1991 790 2096 891 (2)
2129 844 2152 881 ‚
2182 790 2440 867 Petrus

327 938 363 985 ιι
422 916 545 1012 qui
596 915 683 992 ad
736 914 873 991 hoc
922 936 1149 1012 usque
1199 922 1509 1008 tempus,
1540 920 1617 983 et
1667 932 1952 1006 semper
1986 911 2058 984 in
2083 911 2230 985 suis
2259 909 2439 987 Sue-

331 1058 365 1105 »
424 1032 823 1114 cessorihus
876 1032 1081 1119 vivit,
1134 1042 1209 1107 et
1262 1030 1597 1107 iudicium
1628 1041 1920 1105 exercet
1959 1025 2090 1127 (3),
2130 1030 2282 1125 ipse
2316 1050 2448 1126 per

328 1174 363 1219 ιι
412 1147 737 1225 Leonem
784 1148 1121 1245 loquutus
1176 1159 1288 1223 est
1343 1143 1447 1245 (4)
1490 1146 1870 1222 Romanus
1903 1143 2264 1233 Pontifex,
2319 1146 2442 1242 qui

330 1292 365 1339 ιι
426 1267 497 1341 in
552 1266 963 1340 universum
1016 1265 1263 1341 orbem
1316 1276 1523 1339 tenet
1572 1266 1994 1361 primatum,
2062 1262 2446 1339 Successor

330 1408 367 1455 ιι
426 1394 539 1457 cst
587 1382 788 1457 Beati
842 1380 1033 1455 Petri
1090 1380 1587 1478 Apostolorum
1644 1378 1992 1478 Principis
2025 1432 2048 1466 ‚
2101 1391 2178 1455 et
2229 1400 2436 1455 verus

332 1526 365 1570 ιι
424 1497 685 1575 Christi
726 1497 1069 1586 vicarius,
1098 1498 1461 1596 totiusque
1492 1496 1852 1573 Ecclesiae
1879 1508 2120 1595 caput,
2176 1508 2256 1572 et
2285 1518 2436 1575 om·-

335 1642 371 1689 »
428 1618 631 1696 nium
670 1618 1217 1695 christianorum
1256 1612 1467 1691 Pater
1502 1627 1577 1691 et
1614 1614 1880 1693 Doctor
1900 1617 2148 1691 existit
2206 1642 2240 1687 ιι
2305 1613 2437 1717 (5),

325 1747 402 1811 et
441 1737 577 1811 alia
626 1734 775 1811 fere
830 1735 1201 1809 innumera
1254 1756 1345 1809 cx
1380 1734 1964 1811 luculentissimis
1993 1734 2297 1811 testibus
2330 1737 2448 1811 dc·

324 1862 681 1951 prompta,
736 1872 919 1950 quae
968 1850 1153 1925 clare
1200 1862 1587 1949 aperteque
1636 1852 1938 1927 edocent
1973 1903 1994 1940 ,
2051 1873 2136 1927 ac
2199 1851 2438 1927 decla-

322 1981 489 2045 rant
536 1980 805 2067 quanta
851 1968 1015 2055 fide,
1066 1968 1427 2066 religione,
1484 1968 1938 2047 observantia
1987 1982 2064 2045 et
2097 1971 2440 2047 ohedien-

330 2087 431 2161 tia
480 2086 663 2161 hanc
716 2086 1191 2183 Apostolicam
1242 2084 1527 2173 Sedem,
1591 2086 2142 2185 Romanumque
2195 2084 2448 2165 Ponti-

322 2202 533 2277 ficem
583 2202 633 2276 ii
686 2222 933 2277 omnes
984 2203 1321 2299 prosequi
1399 2202 1692 2279 omnino
1744 2204 2008 2279 debent
2043 2256 2100 2292 ‚.
2147 2206 2272 2305 qui
2349 2208 2440 2281 ad

331 2340 600 2410 veram,
654 2319 965 2407 unicam,
1020 2331 1487 2418 sanctamque
1542 2318 1806 2395 Christi
1841 2320 2230 2399 Ecclesiam
2277 2348 2446 2422 per-

280 2450 300 2473 ·
332 2439 557 2515 tinere
598 2438 875 2524 volunt,
930 2447 1013 2511 ut
1065 2447 1427 2511 aeternam
1480 2450 1954 2536 assequantur
2003 2440 2352 2517 salutem..

484 2556 635 2631 lam
688 2580 857 2631 vcro
906 2556 1295 2631 catholicae
1346 2554 1710 2633 Ecclesiae
1745 2558 2002 2633 unitati
2039 2560 2212 2637 nihil
2242 2562 2446 2658 plane

334 2675 746 2749 adversatur
797 2673 1179 2770 multiplex
1230 2696 1623 2763 sacrorum,
1679 2675 2300 2778 legitimorumque
2359 2682 2448 2754 ri-

335 2804 539 2869 tuum
590 2792 921 2881 varietas,
976 2792 1145 2890 quin
1204 2792 1427 2867 immo
1482 2793 1573 2867 ad
1625 2794 1848 2889 ipsius
1899 2792 2258 2871 Ecclesiae
2333 2798 2447 2872 di-

334 2912 707 3009 gnitatem,
731 2910 1177 2985 maiestatem
1186 2911 1427 2997 ‚decus
1454 2932 1537 2984 ac
1562 2910 2012 3005 splendorem
2039 2916 2444 3009 augendum

340 3031 653 3105 maxime
704 3029 1059 3104 conducit.
1118 3027 1489 3103 Neminem
1541 3040 1784 3101 autem
1839 3026 2172 3103 Vestrum
2223 3031 2399 3105 latet
2425 3084 2448 3121 ‚

343 3147 793 3225 venerabiles
828 3146 1141 3234 Fratres,
1170 3147 1527 3244 quomodo
1554 3146 1874 3223 nonnulli
1903 3147 2224 3225 incautos
2248 3172 2460 3246 prae-

342 3268 591 3345 sertim
642 3277 720 3341 et
768 3265 1135 3362 imperitos
1186 3266 1533 3361 decipere,
1589 3274 1666 3339 et
1720 3264 1792 3335 in
1870 3287 2180 3341 errorem
2259 3267 2456 3343 indu-

340 3408 503 3464 cere
552 3385 875 3459 nitantur
958 3382 1142 3457 hanc
1194 3384 1529 3463 Sanctam
1582 3380 2098 3459 calumniantes
2165 3383 2450 3475 Sedem,

338 3502 629 3603 perinde
679 3524 763 3577 ac
812 3502 873 3575 si
926 3502 1079 3598 ipsa
1126 3502 1547 3577 dissidentes
1596 3498 1994 3577 Orientales
2045 3502 2134 3579 ad
2203 3504 2444 3581 catho-

353 3620 565 3697 licam
616 3618 829 3694 fldem
882 3618 1243 3779 excipiens
1296 3618 1494 3707 velit,
1532 3628 1617 3691 ut
1642 3617 1692 3689 ii
1727 3619 2088 3717 proprium
2125 3618 2458 3697 deserant

508 3852 601 3934 (1)
640 3852 702 3917 8.
750 3851 1093 3937 Hieronym.
1138 3850 1331 3935 Epist.
1393 3850 1493 3914 51.
1538 3850 1615 3916 ad
1681 3850 1922 3916 Damas.

512 3948 605 4031 (2)
647 3948 709 4011 S.
753 3948 964 4012 Petrus
1016 3947 1288 4030 Chrysol.
1345 3947 1536 4031 Epist.
1582 3946 1657 4011 ad
1705 3946 1937 4013 Eutich.

488 4042 603 4125 (3)
646 4042 868 4127 Synod.
912 4042 1134 4127 Ephes.
1202 4045 1337 4107 Act.
1378 4042 1437 4106 3.

514 4138 601 4218 (l)
641 4137 865 4221 Synod.
911 4136 1192 4202 chalced.
1237 4138 1371 4201 Act.
1414 4140 1475 4201 2.

514 4234 604 4316 (ὅ)
646 4234 875 4301 concil.
913 4232 1234 4301 Florentin.
1284 4232 1351 4301 in
1384 4230 1641 4300 Dect-eto
1681 4234 1884 4300 union.
1931 4234 2313 4303 Graecorum.
