3317 5267
882 435 1023 508 638

880 550 1041 622 (lem
1100 547 1427 622 verebam
1438 571 1521 622 ur
1562 599 1583 636 ,
1641 565 1731 620 ne
1785 545 2186 620 huiusmodi
2273 542 2650 619 Conventu
2697 545 2852 620 sine
2899 563 3016 620 ee·

878 670 1266 742 clesiastica
1330 669 1754 744 auctoritate
1783 677 2210 763 congregato
2282 665 2694 763 exemplum
2729 665 3032 763 praebe-

876 797 1075 860 retur
1126 789 1389 860 sensim
1446 788 1834 883 usurpandi
1883 785 2148 882 aliquid
2199 807 2292 858 ex
2347 785 2497 858 iure
2561 783 3030 859 ecclesiastici

878 903 1268 1000 regiminis,
1326 916 1400 978 et
1450 903 1847 978 authentici
1901 903 2324 999 magisterii,
2379 903 2571 998 quod
2620 903 2864 978 divina
2917 904 3034 975 in-

876 1022 1248 1097 stitutione
1300 1027 1664 1120 proprium
1711 1009 1832 1098 'est
1884 1021 2210 1097 Romano
2269 1019 2646 1110 Pontifici,
2689 1033 2778 1095 et
2849 1020 3033 1118 Epi-

878 1141 1233 1236 scopisin
1288 1141 1545 1216 unione
1596 1151 1670 1214 et
1722 1139 2196 1214 consensione
2249 1157 2416 1212 cum
2471 1139 2626 1235 ipso
2695 1138 2770 1213 S.
2832 1135 3031 1212 Petri

880 1256 1324 1346 Successore,
1366 1270 1581 1355 atque
1604 1259 1729 1346 ita,
1787 1255 2271 1331 ecclesiastico
2301 1254 2544 1330 ordine
2581 1252 3028 1351 perturbato,

878 1375 1251 1471 aliquando
1304 1376 1565 1462 unitas,
1623 1386 1700 1448 et
1773 1373 2173 1450 obedientia
2235 1373 2422 1446 fidei·
2487 1373 2674 1468 apud
2753 1372 3033 1470 aliquos

879 1489 1448 1565 labefactaretur.
1511 1491 1744 1587 Atque
1798 1492 2015 1563 ctiam
2071 1487 2533 1576 timebamus,
2589 1510 2682 1563 ne
2745 1490 2816 1560 in
2873 1491 3032 1586 ipso

884 1605 1257 1682 Conventu
1308 1609 1650 1706 quaedam
1693 1609 2261 1702 enunciarentur,
2301 1630 2385 1680 ac
2414 1617 2834 1680 tenerent-ur
2867 1607 3034 1703 opi-

880 1726 1127 1800 niones
1182 1739 1257 1798 et
1298 1726 1583 1822 placita,
1642 1749 1825 1823 quae
1878 1727 1950 1798 in
2009 1724 2265 1821 vulgus
2293 1725 2714 1820 praesertim
2763 1725 3032 1799 emissa

882 1855 957 1916 et
1006 1843 1393 1919 catholicae
1446 1843 1808 1919 doctrinae
1857 1843 2276 1939 puritatem,
2363 1853 2438 1914 et
2512 1839 2832 1915 debitam
2859 1842 3034 1917 sub-

808 2049 821 2058 ,
882 1963 1259 2037 iectionem
1334 1963 1406 2036 in
1444 1961 1836 2058 periculum
1873 1983 1956 2035 ao
2007 1962 2386 2035 discrimen
2413 1971 2772 2036 vocarent.
2815 1961 3036 2036 Sum-

876 2101 999 2154 mo
1050 2082 1243 2153 enim
1296 2082 1516 2154 animi
1569 2081 1811 2156 Nostri
1862 2081 2104 2156 dolore
2161 2078 2736 2166 recordabamur,
2795 2079 3036 2155 Vene-

876 2197 1115 2272 rabilis
1166 2186 1441 2288 Frater,
1482 2200 1666 2273 hanc
1721 2197 2198 2296 Apostolicam
2254 2195 2518 2271 Sedem
2569 2219 2700 2294 pro
2754 2200 3032 2294 gravis·-

876 2313 1039 2387 simi
1091 2315 1198 2387 sui
1251 2317 1567 2390 muueris
1619 2315 1850 2390 officio
1905 2314 2237 2389 debuisse
2289 2312 2562 2388 ultimis
2605 2313 2804 2388 hisce
2841 2327 3029 2389 tem-

876 2433 1168 2529 poribus
1226 2457 1527 2510 censura
1577 2447 1856 2523 notare‚
1913 2457 1994 2509 ac
2047 2433 2422 2530 prohibere
2509 2434 3016 2510 nonnullorum

880 2547 1299 2641 Germaniae
1350 2554 1776 2648 scriptorum
1832 2573 2073 2647 opera,
2129 2552 2251 2648 qui
2287 2571 2450 2624 cum
2487 2551 2850 2626 nescirent
2895 2553 3026 2627 de-

879 2663 1154 2740 cedere·
1178 2665 1269 2740 ab
1324 2667 1557 2763 aliquo
1591 2665 1963 2763 principio,
2004 2689 2132 2740 seu
2163 2665 2499 2742 methodo
2537 2665 2762 2742 falsae
2791 2669 3028 2744 scien-

878 2783 1047 2872 tiae,
1102 2797 1229 2856 aut
1277 2784 1657 2860 hodiernae
1709 2784 1972 2859 fallacis
2035 2781 2548 2881 philosophiae,
2587 2797 2884 2881 praeter
2909 2809 3030 2862 vo-

877 2901 1268 2989 luntatem,
1326 2904 1432 2976 uti
1485 2903 1933 2994 confidimuS‚
1989 2903 2264 2978 inducti
2335 2902 2534 2977 fuere
2587 2905 2677 2978 ad
2763 2905 3030 2982 docen-

880 3019 1007 3093 das
1058 3020 1415 3094 doctrinas
1466 3020 1968 3094 dissentientes
2017 3041 2060 3091 a
2093 3041 2264 3094 vero
2323 3019 2828 3096 nonnullorum
2857 3045 3028 3096 san-

877 3137 1235 3212 ctissimae
1268 3137 1430 3212 fidei
1468 3151 1752 3212 nostrae
1789 3138 2212 3234 dogmatum
2265 3159 2480 3212 sensu
2534 3149 2610 3211 ct
2659 3139 3030 3236 interpre-

880 3257 1177 3344 tatione,
1234 3257 1495 3352 quiquc
1528 3277 1822 3340 ,errores
1875 3256 1966 3329 ab
2019 3253 2334 3330 Ecclesia
2387 3257 2529 3330 iam
2557 3257 2936 3332 damnatos
2987 3281 3028 3332 e

880 3373 1191 3445 tenebris
1244 3374 1676 3462 excitarunt,
1735 3383 1812 3448 et
1867 3373 2228 3469 propriam
2255 3373 2536 3448 divinae
2571 3374 3029 3450 revelationis

882 3498 958 3560 et
1006 3488 1171 3562 fidei
1220 3489 1539 3565 indolem
1582 3501 1657 3564 et
1694 3501 2024 3563 naturam
2077 3489 2150 3562 in
2187 3488 2495 3563 alienum
2531 3489 2824 3564 omnino
2859 3514 3029 3566 sen-

878 3625 1040 3680 sum
1092 3605 1653 3703 explicaverunt.
1721 3606 2206 3682 Noscebamus
2257 3607 2475 3681 etiam
2509 3659 2532 3695 ,
2591 3605 3027 3680 Venerabilis

884 3725 1159 3812 Frater,
1216 3726 1592 3800 nonnullos
1626 3749 1718 3802 ex
1793 3726 2186 3815 catholicis,
2217 3725 2340 3823 qui
2391 3725 2868 3802 severioribus
2917 3727 3031 3802 di·-

884 3845 1205 3942 sciplinis
1254 3845 1666 3920 excolendis
1701 3867 1987 3943 operam
2043 3857 2337 3933 navant,
2391 3845 2687 3920 humani
2765 3846 3030 3944 ingenii

881 3963 1153 4038 viribus
1242 3965 1551 4039 nimium
1638 3965 1938 4038 fidentes
2029 3985 2352 4039 errorum
2419 3963 2755 4060 periculis
2839 3963 3028 4038 haud

882 4080 1101 4154 fuisse
1152 4079 1593 4170 absterritos,
1640 4103 1732 4154 ne
1785 4081 1858 4154 in
1921 4079 2296 4155 asserenda
2331 4079 2584 4168 fallaci,
2623 4092 2699 4154 et
2735 4082 3028 4154 minime

878 4199 1153 4272 sincera
1196 4199 1549 4274 scientiae
1603 4197 1933 4272 libertate
1971 4197 2469 4296 abriperentur
2503 4197 2694 4272 ultra
2729 4197 3024 4284 limites,

882 4337 1077 4413 quos.
1114 4315 1587 4414 praetergredi
1640 4339 1785 4392 non
1839 4316 2010 4390 sinit
2095 4315 2495 4393 obedientia
2573 4311 2812 4388 debita
2861 4335 3050 4410 erga.
