3317 5267
883 359 1024 432 ¹82

871 475 1222 570 excipere,
1262 474 1382 570 qui
1419 471 1774 568 religionis
1808 471 2042 546 studio
2095 468 2377 567 impulsi
2432 468 2654 544 velint
2679 472 2753 543 in
2790 466 2997 547 Pon-

876 592 1103 665 tificiis
1154 592 1374 688 copiis
1423 591 1756 676 militare,
1812 601 1887 663 et
1938 591 2029 663 ad
2078 588 2435 676 Ecclesiae
2498 588 2993 664 defensionem

874 730 1316 782 concurrere.
1375 706 1607 804 Atque
1657 706 1775 779 hic
1836 706 2545 779 animadvertendum
2620 707 3002 781 existima·-

875 844 1063 909 mus,
1093 822 1498 897 huiusmodi
1533 821 2042 897 catholicorum
2080 832 2489 896 exterorum
2558 846 2991 897 concursum

876 938 1093 1015 fuisse
1145 944 1564 1036 praesertim
1600 940 1991 1014 excitatum
2030 938 2307 1013 illorum
2344 938 2828 1036 improbitate,
2872 941 2998 1037 qui

877 1058 1156 1131 civilem
1183 1057 1390 1131 huius
1401 1056 1701 1131 Sanctae
1727 1058 1927 1131 Sedis
1953 1057 2424 1153 principatum
2456 1058 2767 1154 aggressi
2794 1070 2995 1131 sunt.

871 1174 1099 1249 Nemo
1149 1176 1338 1247 enim
1390 1176 1671 1271 ignorat
1720 1198 1861 1272 qua
1912 1174 2418 1271 indignatione,
2474 1186 2551 1248 et
2601 1199 2742 1272 quo
2796 1176 2999 1249 luctu

872 1292 1244 1365 universus
1295 1293 1684 1369 catholicus
1730 1292 1921 1367 orbis
1974 1292 2187 1365 fuerit
2237 1303 2643 1369 commotus
2694 1292 2817 1367 ubi
2856 1318 2999 1369 no-

875 1410 982 1482 vit
1033 1421 1184 1483 tam
1233 1410 1555 1506 impiam,
1611 1422 1907 1506 tamque
1958 1408 2291 1482 iniustam
2328 1411 2515 1484 civili
2549 1411 2762 1485 huius
2802 1410 2999 1508 Apo-

873 1526 1160 1601 stolicae
1187 1526 1390 1601 Sedis
1415 1527 1729 1602 dominio
1756 1526 2277 1623 aggressionem
2302 1525 2522 1601 fuisse
2546 1528 2841 1601 illatam.
2884 1528 2998 1603 Ex

877 1666 1020 1740 quo
1052 1666 1267 1741 porro
1302 1645 1570 1721 factum
1603 1656 1739 1731 est,
1780 1658 1863 1718 ut
1898 1645 2399 1742 quamplurimi
2438 1667 2529 1717 ex
2562 1646 2779 1719 variis
2812 1647 2999 1720 chri-

875 1766 1083 1839 stiani
1137 1764 1330 1841 orbis
1381 1764 1786 1863 regionibus
1838 1764 2075 1839 fideles
2126 1788 2255 1839 sua
2308 1774 2567 1861 sponte
2601 1777 2677 1838 et
2712 1788 2995 1840 summa

873 1883 1240 1959 alacritate
1277 1885 1365 1958 ad
1391 1882 1833 1959 Pontificiam
1886 1883 2218 1960 Nostram
2270 1885 2617 1961 ditionem
2666 1885 2996 1960 convola-

873 2002 1130 2090 verint,
1185 2024 1536 2100 suumque
1585 2024 1851 2087 nomen
1904 2002 2202 2077 Nostrae
2256 2003 2549 2076 militiae
2599 2004 2930 2077 dederint
2970 2056 2993 2093 ‚

872 2141 1014 2216 quo
1065 2118 1348 2206 Nostra,
1402 2119 1612 2194 huius
1667 2120 1971 2194 Sanctae
2022 2118 2253 2207 Sedis,
2302 2130 2377 2193 et
2426 2117 2786 2193 Ecclesiae
2840 2120 2993 2192 iura

873 2248 1164 2312 strenue
1239 2238 1720 2313 defenderent.
1804 2236 2155 2333 Singulari
2238 2247 2477 2311 autem
2540 2236 2993 2333 malignitate

871 2353 1336 2451 Subalpinum
1393 2353 1832 2427 Gubernium
1886 2355 2159 2430 Nostris
2186 2354 2531 2429 militibus
2566 2356 2987 2430 mercenarii

871 2481 1116 2545 notam
1143 2494 1272 2567 per
1295 2490 1659 2544 summam
1710 2472 2137 2546 calumniam
2190 2474 2469 2547 inurere
2522 2473 2821 2547 minime
2880 2496 2997 2547 ve·

867 2598 1090 2674 retur,
1141 2608 1306 2660 cum
1355 2609 1500 2663 non
1551 2588 1759 2682 pauci
1810 2612 1899 2661 ex
1950 2590 2299 2687 indigenis
2350 2593 2753 2688 exterisque
2834 2589 2983 2665 No·

865 2706 1040 2781 stris
1087 2704 1432 2781 militibus
1485 2704 1703 2780 nobili
1756 2730 2014 2803 genere
2066 2709 2243 2795 nati,
2300 2720 2375 2781 et
2426 2709 2813 2783 illustrium
2864 2710 2989 2781 fa·—

868 2826 1224 2899 miliarum
1251 2827 1540 2901 nomine
1577 2828 1965 2923 conspicui,
1994 2852 2076 2902 ac
2110 2827 2465 2925 religionis
2502 2851 2743 2903 amore
2781 2827 2993 2901 unice

757 3024 760 3027 ,
865 2942 1180 3032 excitati,
1233 2944 1385 3017 sine
1420 2944 1560 3018 ullo
1617 2944 2098 3019 emolumento
2154 2945 2236 3015 in
2289 2942 2559 3019 Nostris
2592 2944 2810 3042 copiis
2844 2946 2991 3017 mi-

861 3062 1062 3135 litare
1117 3061 1492 3148 voluerint,
1546 3056 1793 3157 Neque
1824 3062 2003 3135 latet
2038 3061 2508 3158 Subalpinum
2546 3060 2989 3136 Gubernium

859 3200 998 3276 qua
1033 3179 1170 3254 flde
1205 3191 1280 3252 et
1305 3178 1716 3275 integritate
1744 3176 2007 3251 Noster
2042 3179 2397 3252 exercitus
2436 3190 2777 3275 praestet,
2818 3198 2988 3252 cum

861 3296 1094 3369 eidem
1149 3293 1508 3369 Gubernio
1561 3303 2013 3391 perspectum
2066 3294 2185 3380 sit,
2242 3294 2475 3369 irritas
2526 3293 2743 3369 fuisse
2826 3316 2989 3369 om-

859 3435 990 3485 nes
1035 3412 1310 3487 dolosas
1345 3422 1536 3486 artes
1573 3409 1927 3485 adhibitas
1966 3424 2047 3485 ut
2080 3410 2321 3487 Nostri
2356 3413 2621 3487 milites
2658 3436 2989 3489 corrum-

857 3540 1220 3627 perentur.
1259 3529 1448 3603 Nihil
1481 3552 1645 3603 vero
1676 3542 1791 3603 est
1840 3552 1967 3603 cur
2016 3530 2481 3606 immoremur
2505 3532 2583 3605 in
2606 3530 2991 3607 refellenda

861 3645 1163 3721 feritatis
1215 3646 1665 3725 accusatione
1724 3644 1999 3721 Nostris
2048 3647 2269 3745 copiis
2320 3646 2643 3744 improbe
2722 3648 2921 3723 illata
2960 3700 2981 3735 ‚

863 3786 1028 3838 cum
1057 3763 1332 3839 nullum
1361 3763 1570 3859 plane
1603 3774 2107 3858 argumentum
2141 3764 2659 3841 obtrectatores
2698 3764 2983 3838 valeant

860 3883 1233 3971 adducere3
1283 3882 1456 3980 quin
1507 3881 1751 3978 potius
1800 3880 2205 3959 huiusmodi
2252 3882 2651 3957 criminatio
2678 3884 2753 3956 in
2786 3884 2983 3979 ipsos

861 4000 1018 4075 iure
1065 4003 1386 4078 converti
1439 4000 1693 4097 possit,
1728 4000 2327 4097 quemadmodum
2364 4002 2689 4099 vulgatae
2726 4000 2985 4077 Subal-
