3317 5267
841 382 990 457 282

843 508 981 585 tes,
1037 492 1170 569 Dei
1219 492 1641 581 Ecclesiam,
1678 496 1743 569 si
1775 495 1926 571 fieri
1977 516 2291 594 unquam
2340 508 2613 593 posset,
2650 497 2979 573 funditus

842 622 1187 699 evertere,
1243 621 1320 685 et
1369 610 1787 686 catholicam
1842 612 2278 709 religionem,
2346 613 2639 710 eiusque
2694 615 2973 689 saluta-

844 750 998 801 rem
1049 727 1444 803 doctrinam
1505 751 1596 801 ex
1649 728 1971 803 omnium
2034 728 2290 801 animis
2350 730 2683 805 radicitus
2746 732 2979 805 extir-

843 870 1040 949 pare,
1095 858 1172 922 et
1220 870 1476 945 pravas
1529 870 1847 945 quasque
1908 848 2331 945 cupiditates
2366 850 2681 924 excitare
2732 862 2809 924 et
2858 851 2975 925 in-

845 964 1210 1039 flammare
1261 966 1743 1041 connitantur.
1778 963 1983 1052 Hinc,
2023 965 2353 1040 omnibus
2406 967 2664 1041 divinis
2716 968 2983 1041 huma-

847 1083 1098 1180 nisque
1149 1081 1573 1178 proculcatis
1623 1079 1921 1169 iuribuS,
1985 1092 2061 1155 et
2092 1083 2602 1157 ecclesiasticis
2656 1086 2979 1159 censuris

847 1202 1140 1275 omnino
1169 1200 1456 1297 spretis,
1496 1199 1875 1273 Sacrorum
1914 1198 2289 1274 Antistites
2324 1202 2665 1276 audacius
2704 1202 2779 1275 in
2830 1203 2989 1277 dics

853 1341 895 1391 a
945 1318 1252 1416 propriis
1304 1316 1761 1393 Dioecesibus
1813 1318 2117 1414 expulsi,
2158 1329 2371 1415 atque
2423 1321 2645 1393 etiam
2694 1320 2768 1392 in
2820 1344 2987 1395 ear-

851 1458 1083 1511 cerem
1138 1436 1366 1524 missi,
1421 1448 1493 1511 et
1546 1436 2050 1534 quamplurimi
2088 1432 2327 1513 fideles
2378 1439 2621 1535 populi
2672 1438 2825 1513 suis
2858 1463 2993 1514 ot*-

851 1551 1002 1626 hati
1039 1552 1476 1641 pastoribus,
1533 1563 1610 1626 et
1658 1554 2030 1649 utriusque
2070 1551 2259 1629 Cleri
2309 1555 2444 1629 viri
2497 1555 2985 1631 miserandum

857 1671 932 1743 in
985 1672 1278 1746 modum
1329 1672 1667 1757 divexati,
1734 1668 2207 1769 omnibusque
2268 1672 2541 1747 iniuriis
2610 1674 2989 1770 exagitati,

854 1801 929 1864 ct
983 1789 1375 1887 Religiosac
1428 1790 1765 1865 Familiae
1814 1792 2199 1879 extinctae,
2250 1814 2639 1890 earumque
2690 1792 2989 1869 Sodales

856 1930 897 1981 e
949 1906 1096 1981 suis
1148 1904 1521 1989 Coenobiis
1573 1907 1811 1994 eiecti,
1866 1908 1955 1981 ad
2006 1928 2246 1981 rerum
2294 1909 2618 1985 omnium
2672 1911 2991 2006 inopiam

857 2026 1149 2112 redacti,
1203 2036 1280 2099 et
1335 2024 1654 2122 Virgines
1709 2022 1857 2099 Deo
1914 2022 2167 2099 Sarrae
2218 2048 2477 2122 panem
2542 2026 2991 2101 emendicare

865 2154 1174 2230 coactae,
1231 2154 1304 2215 et
1355 2141 1887 2239 religiosissima
1934 2139 2063 2215 Dei
2114 2142 2386 2239 templa
2438 2142 2767 2238 spoliata,
2834 2142 2993 2239 pol-

779 2278 784 2285 ’
862 2257 1012 2332 luta
1044 2310 1064 2345 ,
1121 2268 1196 2331 et
1249 2258 1320 2329 in
1373 2256 1733 2332 latronum
1786 2258 2157 2353 speluncas
2206 2280 2547 2333 conversa
2578 2310 2599 2345 ,
2654 2269 2730 2333 et
2780 2280 2983 2333 sacra

857 2372 1046 2449 bona
1082 2375 1357 2470 direpta
1389 2425 1410 2462 ‚
1467 2387 1544 2446 et
1595 2374 2069 2451 ecclesiastica
2105 2384 2451 2472 potestas,
2488 2399 2569 2450 ac
2606 2376 2993 2451 iurisdictio

865 2491 1126 2565 violata
1166 2544 1187 2579 ‚
1241 2502 1577 2588 usurpat-a
1617 2542 1638 2579 ‚
1696 2502 1771 2565 et
1820 2491 2177 2567 Ecclesiae
2234 2494 2432 2589 leges
2488 2493 2873 2591 despectae
2916 2502 2994 2565 et

867 2609 1344 2685 conculcatae.
1399 2608 1580 2683 Hine
1631 2609 1955 2707 publicae
2005 2612 2553 2705 depravatarum
2620 2609 2996 2685 doctrina-—

864 2745 1026 2803 rum
1079 2728 1359 2803 scholae
1411 2728 1869 2815 constitutae,
1908 2739 1985 2803 et
2020 2725 2343 2823 pestiferi·
2372 2726 2587 2801 libelli
2646 2739 2725 2801 et
2776 2726 2997 2823 ephe-

865 2848 1168 2923 merides
1221 2871 1262 2921 e
1313 2847 1626 2921 tenebris
1680 2848 2005 2935 emissae,
2064 2870 2147 2921 ac
2196 2842 2339 2921 la‘te
2390 2869 2517 2943 per
2552 2846 2795 2919 omnia
2841 2845 2999 2919 loca

867 2965 1296 3039 immanibus
1347 2966 1558 3043 huius
1622 2966 1970 3041 scelestae
2024 2964 2535 3039 coniurationis·
2592 2960 3002 3058 sumptibus

863 3088 1268 3185 dissipatae.
1339 3084 1610 3176 Quibus
1690 3084 2305 3181 perniciosissimis
2374 3095 2451 3159 et
2510 3082 3003 3159 abominandis

862 3204 1144 3299 scriptis
1195 3203 1644 3277 sanctissima
1694 3202 1895 3287 fides,
1960 3202 2233 3299 religio,
2316 3202 2573 3298 pietas,
2629 3200 3003 3283 honestas,

866 3320 1234 3416 pudicitia,
1256 3320 1506 3415 pudor,
1535 3318 1910 3415 omnisque
1943 3318 2171 3393 virtus
2196 3327 2678 3416 oppugnatur,
2708 3339 2793 3389 ac
2830 3336 3001 3389 vera

867 3450 944 3511 et
993 3438 1412 3515 inconcussa
1461 3448 1792 3513 aeternae
1828 3436 2313 3537 naturalisque
2348 3438 2553 3535 legis,
2592 3460 2673 3511 ac
2712 3432 3007 3531 publici,

865 3556 1264 3653 privatique
1315 3556 1486 3631 iuris
1545 3556 1918 3653 principia,
1978 3568 2356 3655 praecepta
2418 3566 2871 3639 evertuntur,
2932 3564 3017 3625 et

867 3675 1186 3772 legitima
1235 3673 1576 3771 cuiusque
1627 3672 1945 3761 libertas,
2002 3674 2403 3771 proprietas
2454 3672 2857 3770 impetitur,
2925 3694 3015 3747 ac

869 3794 1300 3871 domesticae
1334 3793 1675 3891 cuiusque
1710 3793 2019 3867 familiae
2054 3806 2131 3869 et
2162 3794 2391 3869 civilis
2429 3794 2797 3869 societatis
2838 3790 3011 3865 fun-

874 3912 1210 3986 damenta
1259 3907 1781 3985 labefactantur
1820 3960 1841 3995 ,
1896 3909 2361 4006 omniumque
2415 3908 2767 3983 bonorum
2818 3904 3015 3979 fama

869 4026 1062 4103 falsis
1113 4027 1747 4115 criminationibus,
1814 4028 2293 4125 maximisque
2347 4026 2708 4102 laceratur
2760 4025 3021 4101 convi-

871 4142 1024 4231 ciis,
1077 4154 1152 4217 et
1203 4142 1484 4221 effrenis
1541 4145 1848 4232 vivendi,
1904 4155 1980 4219 et
2028 4144 2371 4242 quidlibet
2426 4140 2729 4219 audendi
2786 4142 3022 4217 licen-
