3317 5267
827 426 924 495 22

823 538 1065 636 populi
1128 538 1500 613 servilibus
1551 538 1881 637 operibus
1934 562 2178 617 vacare
2260 550 2551 638 possent
2589 594 2611 629 ‚
2693 562 2941 618 verum

826 656 1046 729 etiam
1096 654 1412 746 indulsit,
1465 670 1548 731 ut
1597 657 1735 757 ipsi
1786 658 1877 731 ab
1926 657 2353 756 obligatione
2411 660 2734 735 audiendi
2811 660 2965 733 Sa-.

825 794 1024 847 crum
1077 784 1318 847 essent
1367 776 1707 872 exempti.
1766 773 1903 847 Ubi
1954 776 2147 849 enim
2199 776 2373 851 haec
2424 775 2725 873 benigna
2761 776 2943 851 San-

826 899 942 963 tae
993 888 1196 965 Sedis
1245 888 1524 965 Indulta
1576 890 1650 964 in
1703 890 1935 965 lucem
1986 893 2419 988 prodierunt,
2474 894 2719 966 statim
2781 892 2943 989 plu-

821 1005 1007 1080 rium
1058 1007 1426 1103 regionum
1480 1006 1769 1103 parochi
1802 1007 2322 1096 existimanteS,
2362 1031 2439 1082 se
2465 1008 2659 1083 hisce
2694 1006 2941 1083 diebus

819 1124 921 1195 ita
995 1124 1304 1198 reductis
1356 1124 1624 1199 solutos
1676 1146 1837 1199 esse
1898 1123 1986 1197 ab
2064 1124 2488 1222 obligatione
2565 1123 2943 1221 peragendi

821 1239 1116 1314 Sacrum
1189 1263 1318 1338 pro
1396 1241 1656 1339 populo
1690 1292 1713 1329 ,
1766 1239 2267 1337 obligationem
2344 1242 2572 1339 ipsam
2648 1241 2941 1337 implere

821 1358 1026 1453 plane
1078 1358 1567 1455 neglexerunt.
1625 1356 1809 1433 Hinc
1860 1382 2071 1456 porro
2124 1360 2421 1435 invaluit
2479 1359 2938 1446 consuetudo,

821 1484 905 1548 ut
953 1476 1364 1550 earumdem
1415 1478 1793 1580 regionum
1849 1478 2141 1574 parochi
2178 1476 2757 1554 conunemoratis
2792 1476 2944 1551 die-

819 1590 955 1666 bus
1004 1604 1532 1669 sacrosanctum
1583 1582 1841 1670 Missae
1890 1596 2306 1675 sacrificium
2341 1618 2471 1693 pro
2504 1594 2765 1691 populo
2812 1616 2943 1691 ap·-

820 1708 1080 1806 plicare
1105 1712 1568 1799 cessaverint,
1597 1734 1730 1787 nec
1785 1710 2073 1786 defuere
2107 1714 2227 1810 qui
2263 1710 2609 1785 eiusmodi
2642 1732 2949 1803 consue-⁸

819 1826 1140 1900 tudinem
1193 1827 1372 1901 tueri
1425 1850 1508 1901 ac
1557 1827 1935 1903 defendere
1989 1851 2133 1903 non
2182 1827 2619 1903 dubitarunt.
3058 1824 3065 1829 ’

863 1937 872 1946 ’
971 1940 1114 2019 Nos
1167 1943 1382 2039 igitur
1432 1945 1520 2018 de
1573 1944 1917 2041 spirituali
1972 1944 2279 2019 universi
2324 1941 2672 2019 Dominici
2714 1943 2945 2041 gregis

819 2060 1036 2137 Nobis
1086 2062 1426 2139 divinitus
1479 2065 1845 2139 commissi
1896 2065 2083 2141 bono
2136 2063 2249 2137 vel
2288 2064 2603 2177 maxime
2638 2061 2945 2149 solliciti,

821 2201 904 2254 ae
953 2202 1097 2254 non
1149 2202 1402 2277 parum
1453 2182 1773 2281 dolentes
1800 2235 1821 2269 ‚
1878 2206 1969 2257 ex
2022 2182 2424 2257 huiusmodi
2488 2181 2946 2279 praetermis-

821 2296 1020 2370 sione
1073 2295 1312 2371 fideles
1365 2296 1645 2373 illorum
1696 2299 2011 2375 locorum
2064 2298 2361 2395 populos
2412 2297 2747 2371 maximis
2797 2297 2947 2392 spi-

828 2414 1204 2489 ritualibus
1249 2414 1590 2491 fructibus
1641 2418 1931 2514 privari,
2003 2418 2184 2491 tanti
2246 2416 2594 2493 momenti
2660 2416 2947 2512 negotio

820 2554 1185 2607 occurrere
1237 2533 1644 2621 statuimuS,
1676 2556 1839 2607 cum
1864 2535 2283 2630 praesertim
2320 2554 2723 2620 noscamus,
2759 2532 2945 2605 hane

829 2646 1309 2745 Apostolieam
1360 2648 1618 2725 Sedem
1669 2651 2017 2739 docuisse,
2054 2650 2399 2749 parochos
2449 2648 2697 2725 diebus
2745 2648 2949 2723 festis

819 2768 1040 2843 etiam
1089 2769 1398 2843 reductis
1449 2768 1703 2845 debere
1757 2768 2051 2844 Sacrum
2087 2792 2214 2867 pro
2250 2770 2511 2867 populo
2562 2768 2937 2845 celebrare.

816 2882 915 2957 Et
937 2906 1110 2959 sane
1145 2886 1470 2983 quamvis
1499 2884 1801 2962 Romani
1840 2884 2213 2962 Pontifices
2249 2884 2671 2962 Decessores
2706 2882 2945 2959 Nostri

817 3007 1048 3083 enixis
1099 3006 1472 3083 Sacrorum
1529 3006 1790 3081 Antisti
1798 3019 1949 3083 tum
2020 3008 2477 3104 petitionibus
2517 3060 2537 3095 ,
2596 3030 2679 3082 ac
2730 3006 2941 3081 variis

811 3121 1270 3221 pluribusque
1317 3122 1628 3198 fidelium
1681 3121 2101 3220 populorum
2166 3124 2599 3221 indigentiis,
2652 3132 2729 3195 et
2778 3143 2943 3218 gra-

810 3241 1018 3316 vibus
1070 3262 1335 3329 rerum,
1395 3252 1799 3339 temporum
1852 3262 1933 3316 ac
1986 3240 2301 3317 locorum
2339 3240 2728 3315 rationibus
2776 3263 2947 3336 per-

813 3359 990 3435 moti
1041 3357 1274 3435 festos
1325 3359 1413 3433 de
1465 3370 1846 3457 praecepto
1889 3358 2039 3433 dies
2076 3358 2596 3431 imminuendos
2646 3368 2945 3431 censue-

806 3476 978 3565 rint,
993 3496 1076 3551 ac
1101 3474 1314 3549 simul
1332 3474 1636 3573 benigne
1662 3476 2229 3551 concesserintut
2238 3472 2677 3571 populibisce
2696 3471 2945 3547 diebus

807 3592 1090 3667 servilia
1118 3614 1338 3689 opera
1361 3592 1580 3666 libere
1604 3605 2042 3681 exercerent,
2056 3594 2228 3690 quin
2240 3592 2532 3667 Sacrum
2558 3589 2800 3666 audire
2830 3592 2949 3666 de-

728 3736 736 3745 ·
803 3708 1086 3798 bere'nt,
1110 3721 1356 3784 tamen
1383 3709 1594 3782 iidem
1618 3708 2201 3783 Praedecessores
2226 3707 2465 3783 Nostri
2490 3709 2562 3781 in
2593 3706 2783 3781 hisce
2809 3705 2946 3780 In-

799 3826 1018 3902 dultis
1073 3825 1468 3903 tribuendis
1525 3826 1875 3923 integram
1928 3825 2476 3923 inviolatamque
2513 3827 2741 3923 legem
2782 3846 2946 3899 esse

800 3944 1180 4019 voluerunt
1209 3958 1292 4039 ut
1327 3943 1596 4017 scilicet
1624 3941 1999 4040 praedictis
2029 3940 2273 4016 diebus
2302 3944 2476 4016 nihil
2509 3943 2582 4016 in
2608 3941 2945 4017 Ecclesiis

800 4084 1118 4161 unquam
1147 4063 1609 4138 innovaretur
1638 4063 1866 4161 quoad
1894 4072 2315 4139 consuetum
2348 4062 2750 4138 divinorum
2781 4058 2942 4137 offi-

797 4179 1078 4254 ciorum
1092 4180 1411 4255 ordinem
1439 4197 1514 4256 et
1543 4182 1787 4270 ritum,
1804 4192 2023 4279 utque
2049 4181 2286 4256 omnia
2314 4204 2399 4258 eo
2418 4204 2708 4279 prorsus
2730 4180 2941 4255 modo
