3317 5267
894 495 1047 566 608

893 609 1225 686 omnibus
1279 621 1355 684 et
1407 611 1704 708 singulis
1755 605 2049 684 Dilectis
2085 606 2282 685 Filiis
2336 611 2613 687 Nostris
2661 611 2738 686 S.
2799 611 2890 686 R.
2942 609 3029 686 E.

892 725 1378 803 Cardinalibus
1417 781 1438 817 ,
1504 751 1586 803 ac
1640 723 2181 802 venerabilibus
2234 727 2605 802 Fratribus
2657 727 3032 806 Sacrorum

896 845 1353 921 Antistitibus
1404 846 1639 921 eidem
1693 845 2166 920 solemnitati·
2203 845 2652 920 adstantibus
2689 897 2714 934 ,
2775 870 3040 945 eosque

894 962 1229 1038 certiores
1296 962 1509 1038 faciat
1570 964 1657 1038 de
1726 962 2136 1060 Apostolica
2197 961 2698 1038 Benedictione
2739 1017 2762 1053 ,
2823 987 3040 1064 quam

892 1081 1306 1156 caelestium
1368 1082 1688 1158 omnium
1760 1103 2144 1154 munerum
2205 1082 2567 1180 auspicem
2629 1105 2722 1156 ex
2783 1082 3039 1158 intimo

894 1197 1103 1272 corde
1127 1195 1519 1296 profectam
1581 1198 1756 1294 ipsis
1826 1207 2282 1296 peramanter
2333 1197 2808 1294 impertimus.
2849 1197 3038 1276 Nihil

895 1337 1065 1388 vero
1115 1312 1592 1401 dubitamus,
1656 1313 1833 1414 quin
1895 1313 2030 1388 hac
2084 1314 2454 1388 occasione
2516 1313 2729 1389 iidem
2783 1311 3040 1389 Dilecti

898 1431 1056 1504 Filii
1108 1431 1345 1506 Nostri
1386 1483 1408 1520 ,
1466 1443 1542 1505 et
1598 1429 2049 1505 venerabiles
2124 1429 2408 1505 Fratres
2501 1431 2722 1508 veluti
2807 1432 2912 1528 pii
2961 1456 3042 1508 ae

890 1548 1163 1624 strenui
1228 1549 1480 1623 vineae
1547 1547 1851 1624 'Domini
1902 1547 2210 1626 cultores
2273 1549 2537 1624 maiore
2597 1571 2824 1647 usque
2887 1551 3045 1649 epi-

893 1665 1159 1764 scopali
1207 1666 1357 1743 zelo
1408 1668 1829 1742 excitentur
1867 1720 1888 1756 ,
1945 1678 2022 1741 et
2072 1665 2598 1742 inflammentur
2645 1667 2736 1745 ad
2787 1667 3043 1742 catho-

848 1837 853 1845 ι
890 1786 1103 1861 licam
1123 1783 1377 1873 fidem,
1408 1808 1489 1858 ac
1517 1784 1922 1859 doctrinam
1953 1784 2358 1882 saperrimis
2395 1784 2586 1860 hisce
2615 1785 3040 1860 christianae

894 1913 971 1976 et
1020 1900 1249 1976 civilis
1300 1899 1738 1998 reipublicae
1803 1901 2243 1999 temporibus
2305 1903 2500 1978 omni
2551 1901 2790 1976 studio
2842 1912 3042 1976 men·

895 2019 1087 2105 dam,
1148 2041 1231 2092 ac
1298 2019 1922 2116 propugnandam,
1986 2018 2074 2092 ad
2125 2019 2522 2094 animarum
2573 2017 2882 2095 salutem
2933 2018 3044 2092 di-

891 2135 1365 2232 ligentissime
1419 2137 1829 2226 curandam,
1885 2149 2104 2238 atque
2155 2138 2244 2212 ad
2299 2147 2408 2213 tot
2459 2146 2869 2212 monstrosa
2903 2136 3042 2210 im-

895 2256 1177 2351 piorum
1225 2279 1555 2332 errorum
1608 2269 1942 2354 portenta
1979 2255 2412 2355 profliganda
2465 2269 2542 2331 et
2591 2255 3038 2352 extirpanda.

894 2369 1157 2459 Habes,
1188 2370 1623 2448 Venerabilis
1650 2373 1930 2461 Frater,
1970 2391 2154 2472 quae
2193 2372 2352 2447 Tibi
2388 2372 2848 2468 significanda
2877 2393 3034 2446 esse

895 2488 1463 2565 existimavimus
1492 2545 1517 2580 ,
1574 2493 1750 2568 dum
1804 2492 2402 2590 propensissimae
2453 2490 2760 2567 Nostrae
2797 2491 2886 2568 {in
2935 2489 3038 2564 Te

896 2605 1286 2680 voluntatis
1356 2607 1613 2706 pignus
1679 2609 2166 2705 Apostolieam
2239 2607 2822 2686 Benedictioncm
2891 2617 3040 2682 toto

895 2721 1131 2804 cordis
1161 2719 1421 2798 affectu
1450 2719 1610 2796 Tibi
1640 2724 1810 2822 ipsi,
1839 2723 2276 2800 Venerabilis
2305 2723 2580 2813 Frater,
2623 2724 3038 2821 cunctisque

898 2837 1185 2915 Clericis
1248 2839 1617 2939 Laicisque
1687 2841 2011 2920 fidelibus
2078 2842 2276 2918 Tuae
2337 2865 2550 2920 curae
2613 2840 3041 2920 coum-editis

894 2969 1351 3054 peramanter
1402 2960 1883 3057 impertimur.

1050 3070 1315 3155 Datum
1354 3073 1627 3152 Romae
1663 3077 1850 3175 apud
1887 3077 1964 3152 S.
2007 3075 2300 3156 Petru’m
2352 3078 2468 3154 die
2529 3079 2620 3152 15
2675 3077 2872 3153 Junii
2907 3099 3044 3150 an·

894 3209 988 3264 no
1046 3191 1269 3266 ¹863.
1326 3189 1788 3274 Pontificatus
1841 3193 2082 3274 Nostri
2135 3218 2324 3272 anno
2363 3195 2982 3292 decimoseptimo.
