3317 5267
1571 495 1580 503 ·
2312 468 2405 537 ’75

285 602 372 653 ea
427 579 668 654 omnia
719 588 794 651 et
850 576 1120 674 singula
1172 574 1540 673 diligenter
1567 578 2007 675 libenterque
2036 576 2127 651 ab
2162 578 2413 653 eodem

283 696 646 773 Gubernio
696 696 1077 771 efficaciter
1127 710 1340 793 atque
1391 684 1739 772 stabiliter
1773 708 2244 794 praestentur.
2306 698 2415 771 lta

281 814 502 909 igitur
549 838 640 887 ex
689 816 1012 909 impensa
1039 812 1286 909 'ipsius
1367 812 1701 888 Guberm‘i
1764 838 1933 889 cura
1982 827 2058 888 et
2121 826 2415 911 sumptu

281 943 786 1027 comparentur
805 932 1154 1028 planeque
1181 930 1668 1005 adiudicentur
1688 933 1993 1007 alterum
2020 932 2411 1007 condecens

283 1050 758 1146 idoneumque
811 1051 998 1147 apud
1051 1046 1540 1124 cathedralem
1593 1050 1981 1125 Ecclesiam
1998 1050 2411 1126 aedificium

277 1189 410 1263 pro
461 1166 794 1263 Episcopi
845 1165 1284 1241 habitatione
1323 1218 1344 1253 ‚
1429 1166 1791 1265 Curiaque'
1846 1192 1971 1242 sua
2000 1220 2023 1256 ,
2098 1192 2233 1243 nec
2266 1192 2411 1245 non

277 1284 582 1357 alterum
636 1286 808 1357 item
861 1284 1192 1359 idoneum
1243 1284 1594 1381 rebusque
1657 1280 2073 1381 opportunis
2142 1288 2409 1361 instru-

277 1414 478 1475 ctum
529 1401 920 1477 aedificium
957 1424 1103 1497 pro
1155 1400 1366 1476 effato
1420 1400 1883 1477 Alumnorum
1964 1404 2343 1479 seminario
2380 1454 2405 1490 ‚

275 1530 490 1594 cauto
537 1522 728 1617 quod
779 1522 838 1593 si
893 1522 1176 1593 interim
1231 1526 1568 1615 oporteat
1607 1532 1813 1617 aptas
1840 1522 1913 1593 in
1948 1520 2407 1618 Episcopium

273 1637 568 1732 eiusque
625 1635 1136 1711 Cancellariam
1189 1638 1398 1711 aedes
1473 1638 1863 1712 condecora
1914 1637 2050 1713 hoc
2100 1639 2173 1711 in
2224 1662 2395 1713 casu

275 1755 595 1829 eiusdem
650 1754 986 1831 Gubernii
1061 1780 1228 1831 cura
1281 1757 1378 1829 sit
1415 1808 1436 1843 ,
1493 1757 1843 1854 huiusque
1918 1758 2403 1836 conductionis

279 1874 590 1968 pretium
646 1875 716 1946 in
771 1874 1084 1984 singulos
1135 1896 1358 1949 annos
1401 1874 1857 1970 rependatur.

429 1988 528 2063 Et
579 1991 752 2066 licet
799 1995 896 2065 sit
947 1994 1018 2065 in
1070 2014 1267 2067 more
1347 1993 1656 2087 positum
1712 2005 1787 2067 et
1838 1993 2209 2072 Sacrorum
2282 2018 2403 2069 ca·-

275 2128 546 2182 nonum
583 2109 1016 2197 institutum,
1050 2120 1132 2182 ut
1167 2109 1458 2205 quaevis
1497 2131 1747 2186 mensa
1772 2108 2233 2207 EpiscopaIiS‚
2264 2112 2405 2185 sin-

273 2222 620 2321 gulaeque
673 2223 1206 2301 Cathedralium
1258 2223 1701 2320 praebendae
1736 2224 2043 2299 debeant
2078 2214 2155 2301 in'
2196 2228 2403 2303 bonis

273 2342 648 2417 stabilibus
699 2342 1030 2431 fundari,
1087 2344 1544 2417 nihilominus
1604 2344 1847 2417 habita
1918 2348 2399 2442 praesentium

273 2472 680 2558 temporum
737 2475 812 2536 et
861 2464 1324 2558 peculiarium
1359 2463 2055 2541 circumstantiarum
2098 2468 2396 2556 ratione,

269 2580 428 2674 ipsa
466 2578 870 2676 Apostolica
907 2580 1330 2655 anctoritate
1359 2580 1830 2677 indulgemuS,
1860 2594 1945 2657 ut
1980 2582 2245 2657 interea
2283 2596 2397 2659 to-

269 2698 492 2771 tidem
532 2700 604 2771 in
644 2700 1034 2787 numeratis
1065 2699 1384 2795 pecuniis
1437 2699 1949 2794 praestationes
2000 2724 2399 2797 congruen-

273 2825 386 2889 ter
435 2814 894 2902 sufficiantur,
950 2828 1026 2888 et
1075 2815 1167 2888 ab
1201 2838 1288 2890 eo
1341 2814 1725 2904 Gubernio,
1796 2820 2393 2914 quemadmodum

265 2956 612 3030 sponsum
663 2948 809 3021 est,
865 2936 1246 3033 quotannis
1299 2935 1815 3030 persolvantur,
1871 2934 2208 3012 nimirum
2266 2962 2395 3036 pro

267 3074 578 3147 congrua
629 3050 963 3148 Episcopi
1039 3052 1558 3125 sustentatione
1645 3064 1951 3148 quatuor
2024 3054 2241 3127 millia
2318 3068 2395 3129 et

264 3169 694 3256 biscentum,
751 3192 832 3243 ac
883 3192 1014 3266 pro
1077 3170 1448 3265 impendiis
1499 3170 1574 3241 in
1628 3167 2053 3244 Cancellaria
2097 3169 2394 3267 Episco-

263 3285 408 3381 pali
437 3284 776 3359 obeundis
801 3298 1164 3373 sexcenta,
1205 3296 1282 3359 et
1315 3308 1445 3379 pro
1486 3283 1761 3359 Vicario
1798 3282 2179 3380 Capitulari
2218 3299 2395 3361 tem-

262 3424 438 3499 pore
489 3402 676 3477 illius
731 3404 914 3477 sedis
969 3404 1286 3477 vacantis
1339 3402 1556 3474 millia
1608 3413 1885 3475 scutata
1936 3404 2119 3477 illius
2156 3407 2395 3481 tn'one·

265 3533 382 3593 tae
433 3516 646 3591 Pesos
681 3531 1154 3615 nuncupatae,
1195 3518 1668 3603 conservatis,
1706 3518 1811 3590 uti
1846 3541 2023 3614 opus
2058 3518 2204 3609 est,¹
2232 3533 2389 3597 tum

260 3659 393 3731 pro
446 3634 781 3731 Episcopi
837 3634 1110 3710 vicario
1163 3634 1484 3709 Gener-ali
1513 3686 1535 3725 ,
1591 3644 1747 3708 tum
1800 3659 1929 3732 pro
1980 3635 2389 3715 officialibus

260 3754 450 3827 illius
502 3754 954 3827 cancellariae
1007 3756 1092 3827 iis
1129 3756 1524 3849 respective
1559 3754 1953 3829 honorariis
1988 3767 2063 3827 et
2114 3752 2391 3853 stipen-

259 3875 421 3960 diis,
481 3896 666 3971 quae
689 3874 902 3949 modo
937 3874 1274 3947 illiusmet
1300 3872 1837 3947 Ecclesiasticae
1873 3871 2149 3962 Curiae,
2178 3876 2385 3949 sicuti

259 3990 703 4088 perhibetur,
757 3994 898 4065 iam
953 3992 1378 4069 constitutae
1434 3989 1881 4066 Procuratori
1936 4014 2065 4064 seu
2113 3989 2383 4069 vicario

260 4108 618 4196 Generali,
657 4132 788 4184 nec
823 4132 966 4182 non
1019 4108 1410 4183 Secretario
1445 4118 1520 4182 et
1553 4108 2003 4181 cancellariae
2039 4111 2381 4206 praestari

259 4250 520 4303 68118θῦ
531 4239 642 4299 tul·
649 4280 664 4297 .
