3317 5267
2275 440 2412 513 361

306 549 482 635 tiva,
536 545 929 643 privilegio,
984 559 1227 625 tenore
1280 559 1357 622 et
1407 548 1960 645 praeeminentia
2041 548 2418 648 fulgentes,

307 666 585 739 sublata
611 666 713 740 eis
740 678 815 739 et
839 689 1083 741 eorum
1118 666 1407 743 cuilibet
1442 668 1692 765 quavis
1727 667 1934 741 aliter
1963 666 2319 762 judicandi
2349 686 2424 747 et

306 786 817 881 interpretandi
852 784 1183 861 facultate
1220 799 1295 861 et
1328 786 1778 874 auctoritate,
1817 787 2102 863 iudicari
2139 802 2214 865 et
2247 791 2424 867 defl—

310 902 441 974 niri
497 900 779 989 debere,
818 913 891 976 et
928 904 1269 999 quidquid
1320 924 1527 977 secus
1578 925 1794 999 super
1844 902 1954 977 his
1991 927 2032 976 a
2067 928 2422 1005 quoquam

309 1020 561 1115 quavis
612 1019 1033 1093 auctoritate
1088 1021 1394 1095 scienter
1448 1019 1558 1093 vel
1613 1020 2020 1117 ignoranter
2051 1026 2424 1121 contigerit

232 1154 239 1163 ·
308 1136 673 1223 attentari,
732 1136 1005 1209 irritum
1066 1149 1141 1210 et
1192 1138 1399 1212 inane
1452 1138 1928 1212 decernimus,

462 1251 803 1339 Quocirca
860 1249 1132 1327 Dilecto
1201 1252 1379 1328 Filio
1430 1250 1749 1327 Praesuli
1815 1252 2115 1330 Martiali
2167 1256 2430 1331 Mariae
2507 1270 2512 1275 “

313 1367 611 1441 Testard
663 1369 759 1441 du
814 1366 1129 1465 Cosquer
1185 1369 1627 1465 Apostolicae
1683 1370 1888 1445 Sedis
1941 1369 2436 1449 protonotario

309 1497 384 1557 ct
436 1486 618 1581 apud
672 1484 1035 1559 laudatum
1092 1483 1529 1559 Gubernium
1584 1486 1930 1562 Haitanae
1984 1488 2436 1587 Reipublicae

314 1602 399 1674 ad
455 1602 737 1674 interim
792 1598 1131 1699 Delegato
1171 1600 1575 1698 Apostolico
1624 1626 1756 1698 per
1799 1604 1988 1700 ipsas
2023 1616 2436 1702 praesentes

312 1720 827 1793 committimus
881 1731 957 1793 et
1009 1719 1455 1806 mandamus,
1496 1732 1848 1818 quatenus
1883 1722 1972 1797 ad
2001 1726 2436 1822 exequutio-

312 1858 478 1912 nem
532 1840 1081 1935 praemissorum
1118 1838 1439 1913 omnium
1476 1841 1842 1936 procedat,
1879 1855 2315 1939 opportunas
2359 1857 2436 1919 et

313 1956 745 2029 necessarias
796 1956 862 2029 ei
918 1954 1289 2029 tribuendo
1341 1955 1742 2043 facultateS‚
1795 1958 2054 2055 quibus
2107 1960 2168 2033 is
2221 1962 2308 2035 ad
2361 1962 2432 2036 id

312 2075 578 2171 negotii
638 2074 933 2149 alteram
995 2076 1325 2150 idoneam
1390 2076 1826 2174 probamque
1889 2098 2294 2174 personam,
2360 2082 2435 2154 in

315 2192 805 2268 Ecclesiastica
858 2204 1099 2267 tamen
1156 2194 1505 2290 dignitate
1566 2195 2030 2269 constitutam
2093 2194 2440 2271 subdele—

314 2331 479 2409 gare
542 2312 797 2397 valeat,
862 2312 963 2385 ita
1026 2325 1265 2387 tamen
1328 2323 1411 2386 ut
1474 2313 1659 2386 idem
1737 2311 2025 2387 Praesul
2098 2313 2434 2389 Martialis

318 2428 560 2518 Maria,
600 2430 715 2503 vel
748 2433 899 2505 eius
952 2430 1466 2529 subdelegatus
1518 2452 1603 2504 ea
1654 2442 1910 2505 cuncta
1945 2434 2173 2529 possit
2208 2444 2284 2507 et
2317 2456 2438 2506 sa-

320 2558 514 2643 tagat
562 2547 948 2635 declarare,
987 2570 1235 2623 curare
1270 2560 1485 2645 atque
1538 2549 1756 2621 etiam
1813 2546 2200 2639 definitive,
2239 2551 2436 2625 omni

316 2667 783 2764 appellatione
834 2690 1049 2763 super
1100 2688 1545 2765 quacumque
1598 2666 2212 2741 animadversione
2255 2690 2440 2766 quo-

314 2784 697 2859 modolibet
750 2782 987 2859 forsan
1040 2787 1306 2860 oritura
1360 2784 1644 2880 penitus
1695 2794 2000 2871 remota,
2058 2786 2442 2859 decernere

317 2925 499 3000 quae
553 2905 949 2998 oportuerit
1001 2904 1086 2977 ad
1142 2902 1533 2998 praemissa
1571 2900 1812 2975 omnia
1847 2898 2066 2995 probe
2101 2900 2440 2975 feliciter-

314 3042 453 3119 que
500 3019 943 3115 perficienda.

466 3138 623 3214 Non
676 3138 1123 3213 obstantibus
1160 3149 1299 3213 etc.
1339 3150 1736 3237 sequuntur
1787 3135 2178 3223 clausulae,
2227 3146 2442 3233 prout

316 3260 396 3329 in
444 3254 923 3355 praecedenti.

472 3373 733 3447 Datum
791 3373 1059 3449 Romae
1112 3374 1297 3471 apud
1349 3398 1409 3449 s.
1452 3372 1744 3447 Petrum
1783 3394 1967 3448 anno
2003 3372 2440 3447 lucarnatio-

316 3496 427 3569 nis
496 3493 903 3569 Dominicae
942 3494 1317 3569 millesimo
1354 3494 1944 3592 octingentesimo
1997 3494 2440 3590 sexagesimo

318 3616 547 3713 primo
578 3666 599 3703 ‚
670 3614 921 3711 quinto
982 3636 1207 3687 nonas
1260 3612 1569 3689 octobris
1609 3665 1631 3700 ,
1687 3610 2148 3691 Pontificatus
2199 3608 2438 3687 Nostri

318 3754 509 3807 anno
560 3741 772 3805 sexto
822 3730 1123 3805 decimo.
