3317 5267
393 588 766 654 clesiasticas
805 607 1034 673 poenas
1073 600 1136 656 et
1181 607 1468 658 censuras
1493 587 1753 656 decretis
1784 589 2135 668 praesertim
2158 589 2287 654 Tri-

397 688 624 752 dentini
661 686 936 766 inflictas,
970 698 1031 755 et
1084 688 1206 756 ulla
1250 688 1482 772 absque
1521 685 1932 753 declaratione
1976 686 2293 752 incurren-

395 785 504 850 das
543 785 620 854 ab
688 787 762 852 iis
805 789 906 871 qui
950 789 1338 872 temporalem
1383 787 1644 854 Romani
1710 788 2012 856 Pontificis
2070 791 2293 872 princi-

393 895 596 970 patum
637 897 700 952 et
737 889 1204 956 iurisdictionem
1233 890 1524 970 impetere
1561 898 1893 964 conantur,
1936 900 2001 956 et
2024 890 2289 957 declarat

393 987 458 1051 in
516 1005 618 1052 eas
669 988 950 1054 incidisse
999 989 1102 1072 qui
1173 990 1242 1056 B.
1302 989 1464 1055 Petri
1523 990 1947 1073 patrimonium
2008 1009 2293 1075 quacum-

393 1103 518 1167 que
565 1091 798 1156 ratione
839 1089 1070 1156 violare
1111 1090 1238 1155 ausi
1277 1097 1444 1156 sunt.
1479 1090 1600 1173 Spe
1637 1091 1901 1176 denique
1924 1100 2292 1158 sustentatur

403 1190 532 1256 fore
571 1199 641 1255 ut
687 1189 748 1254 in
793 1198 916 1256 tota
957 1189 1268 1256 Pontificia
1309 1188 1548 1256 Ditione
1585 1189 1733 1256 ordo
1772 1208 1845 1258 ac
1896 1190 2293 1274 tranquillitas

391 1291 980 1356 restituatur..
2254 1315 2285 1352 ι

314 1391 578 1456 Litterae
618 1389 1002 1473 Apostolicae
1041 1390 1152 1456 sub
1195 1389 1532 1472 plumbo-
1477 1389 1638 1456 -In
1678 1390 1924 1456 sublimi
1980 1391 2288 1475 Principis

389 1490 894 1573 Apostolorum·
931 1490 1132 1556 Pridie
1161 1490 1300 1555 Idus
1341 1489 1497 1566 Iulii,
1541 1490 1763 1572 quibus
1791 1489 2083 1558 Gallicum
2104 1491 2289 1558 Cleri-

389 1605 593 1654 corum
635 1587 1027 1664 Seminarium
1068 1587 1132 1652 in
1185 1586 1346 1651 Urbe
1387 1587 1661 1670 erigitur,
1706 1587 1953 1670 eiusque
1994 1588 2281 1670 regimen,

389 1685 728 1766 procuratio
772 1692 834 1750 et
891 1682 1330 1750 administratio
1399 1683 1869 1766 congregationi
1910 1687 1973 1750 S.
2031 1686 2287 1770 Spiritus

389 1793 451 1849 et
489 1785 729 1852 immac.
776 1785 1078 1852 CordisB.
1123 1786 1210 1852 Μ.
1237 1785 1308 1850 V.
1351 1784 1751 1852 committitur
1774 1786 1887 1852 sub
1916 1787 2109 1852 tutela
2130 1787 2287 1854 Car-

393 1883 610 1951 dinalis
653 1886 716 1952 in
755 1885 916 1950 Urbe
946 1885 1344 1952 vicarii..
1513 1933 1529 1948 .
2249 1911 2281 1948 ι

313 1985 583 2070 Epistola
623 1987 702 2054 ad
746 1985 1276 2068 Arcbiepiscopum
1315 1985 1799 2068 Fogarasiensem
1842 1995 1905 2052 et
1930 1987 2145 2055 Albo·
2184 1989 2283 2054 lu·

387 2087 664 2163 lienam,
701 2097 767 2153 et
793 2087 1126 2170 Episcopos
1163 2086 1293 2152 eins
1331 2085 1811 2170 suffraganeos·
1846 2085 2055 2154 Verbis
2083 2091 2282 2174 expri-

385 2205 618 2250 mere-
660 2187 766 2253 die
803 2187 884 2250 15
923 2185 1182 2268 angusti.
1227 2183 1526 2250 Nonnulla
1566 2185 1785 2250 dantur
1830 2185 2054 2252 monita
2102 2204 2280 2269 prae-

383 2282 588 2348 sertim
633 2283 710 2348 de
749 2282 1110 2348 matrimonii
1151 2289 1576 2358 sacramento,
1629 2280 1825 2364 deque
1882 2283 2279 2350 indissolubili

385 2384 752 2452 matrimonii
778 2384 1148 2450 vinculo..
1879 2429 1895 2446 .
2241 2407 2273 2444 ι

307 2483 564 2551 Litterae
601 2485 982 2567 Apostolioae
1021 2485 1132 2552 sub
1149 2483 1466 2568 plumbo·
1503 2484 1751 2552 Aeterni
1774 2485 2129 2550 Pastoris-
2158 2485 2279 2550 De·-

386 2583 540 2650 cimo
581 2583 716 2648 Kal.
783 2584 1054 2660 octobr„
1102 2583 1318 2666 quibus
1383 2583 1721 2652 conventio
1786 2583 1945 2649 inter
2008 2593 2275 2650 sanctam

387 2683 602 2750 Sedem
643 2692 706 2750 et
743 2683 1199 2750 Serenissimum
1243 2683 1578 2764 Principem
1633 2683 1917 2766 Magnum
1980 2684 2273 2750 Badarum

389 2781 612 2848 Ducem
653 2786 800 2850 inita
825 2784 1228 2852 confirmatur.
1319 2831 1334 2847 .
1503 2829 1519 2845 .

306 2880 598 2946 Allocutio
639 2881 841 2946 babitu
883 2883 944 2946 in
993 2881 1360 2948 consistorio
1407 2889 1640 2948 secreto
1682 2831 1783 2946 die
1822 2883 1897 2946 26
1938 2883 2263 2962 septembr.

383 2981 734 3049 -Maoei'mo
773 2981 964 3046 animi
999 2981 1200 3046 matri
1242 2979 1518 3046 doloro-
1556 2979 1769 3044 Irritus
1794 2979 1945 3060 spei,
1989 2980 2265 3059 rebelles,

383 3085 462 3150 de
501 3085 718 3169 quibus
757 3083 1038 3166 loquutus
1077 3091 1172 3148 est
1208 3081 1272 3146 in
1311 3083 1695 3166 praecedenti
1736 3082 2107 3150 allocutione
2132 3134 2147 3160 ‚
2192 3085 2271 3150 ad

383 3181 642 3248 officium
681 3181 1001 3256 redituros,
1051 3180 1432 3259 lamentatur,
1473 3180 1785 3263 subalpini
1816 3181 1983 3263 regni
2042 3182 2271 3248 Guber-

382 3290 626 3348 natores
663 3281 976 3364 generales
1015 3281 1078 3346 in
1119 3280 1372 3345 Aemilia
1411 3279 1610 3344 omnia
1655 3279 1923 3362 legitima
1970 3279 2097 3345 iura
2150 3280 2267 3346 sibi

385 3397 686 3463 arrogare,
715 3381 776 3445 in
817 3379 1280 3445 ecclesiasticam
1301 3397 1540 3462 quoqne
1565 3387 1925 3460 potestatem
1954 3379 2261 3456 invadere,

383 3481 547 3548 salsis
585 3479 1098 3546 criminationibus
1125 3479 1380 3561 populos
1421 3495 1458 3542 ι
1495 3479 1809 3546 Pontificio
1836 3479 1997 3546 oirili
2047 3481 2267 3562 guber-

383 3580 486 3646 nio
522 3579 878 3656 distrahere,
923 3589 987 3644 et
1021 3579 1376 3661 religionen
1411 3579 1604 3662 ipsam
1639 3579 1799 3644 dolis
1818 3580 2093 3650 omnibus
2116 3599 2265 3646 oon·

381 3676 628 3742 vellere.
673 3678 806 3755 Quo
847 3677 1004 3742 circa
1039 3677 1156 3742 bos
1193 3677 1478 3759 reprobat
1515 3693 1715 3754 ausus,
1770 3685 1835 3743 et
1886 3677 2101 3743 iterum
2154 3679 2263 3744 de-

383 3777 570 3844 clarat
635 3797 836 3846 corum
897 3779 1160 3848 fautores
1217 3783 1276 3843 in
1337 3778 1777 3846 ecclesiasticas
1836 3797 2061 3862 poenas
2100 3781 2261 3846 inci-

386 3879 566 3945 disse.

1165 4056 1524 4126 uncchx

299 4269 568 4354 Epistola
607 4270 904 4354 encyclica
945 4309 972 4320 -
1014 4271 1220 4339 Nullis
1249 4277 1406 4336 certe
1446 4272 1642 4336 verbis
1683 4305 1715 4320 ·-
1744 4273 1817 4336 19
1892 4273 2141 4338 ianuarii
2182 4275 2257 4336 ad

377 4388 583 4437 omnes
623 4370 1014 4451 Patriarchas,
1058 4371 1367 4448 Primates,
1412 4369 1907 4455 Arcbiepiscopos
1930 4369 2258 4453 etEpisco-

2304 481 2439 552 721

2366 1293 2445 1358 84

2363 1887 2437 1952 9⁰

2242 2815 2267 2846 ο
2312 2784 2429 2849 103

2228 3881 2415 3947 »124
