3317 5267
2292 449 2435 518 507

329 555 879 649 cumdueuntur,
953 573 1336 658 praeeunte
1387 563 1636 640 lictore
1686 575 1765 636 et
1813 561 2241 639 sententiam
2276 585 2443 636 crus·-

323 681 426 754 cis
461 682 536 754 in
563 704 686 755 eos
739 680 1076 776 scriptam
1112 679 1582 776 praeferente.
1622 678 1889 766 Paulus
1924 679 2097 754 Miki
2122 693 2188 753 ‘e
2236 679 2469 776 plau-·

327 808 483 870 stro
533 797 620 872 ad
669 797 1122 894 frequentem
1157 797 1695 873 multitudinem
1731 821 1859 894 pro
1894 796 2281 872 christiana
2326 819 2445 870 re-

322 909 582 1008 ligione
637 915 864 1010 patria
897 915 1135 1010 lingua
1167 916 1559 1010 peroravit,
1599 939 1732 989 nec
1764 915 2005 991 irritae
2040 913 2197 1009 eJus
2235 937 2445 988 voees

327 1041 486 1104 tum
537 1032 662 1118 ibi,
705 1043 860 1106 tum
895 1033 1052 1108 aliis
1087 1057 1297 1114 secus
1350 1035 1540 1108 viam
1577 1033 1803 1124 locis:
1860 1033 2127 1128 quippe
2152 1033 2225 1105 in
2260 1031 2472 1106 Mes-1

323 1149 518 1224 censi
567 1171 848 1224 carcere
899 1151 1076 1226 duos
1129 1174 1170 1224 e
1221 1151 1661 1238 custodibus,
1716 1171 1846 1224 sex
1898 1149 2075 1222 alios
2134 1151 2211 1222 in
2260 1147 2472 1223 Oza’-²

327 1269 522 1344 censi
573 1279 658 1362 et,
701 1267 956 1344 alicubi
991 1269 1540 1366 gubernatorem
1575 1271 1813 1366 ipsum
1842 1267 2131 1343 Christo
2158 1267 2457 1365 edjau-

330 1387 440 1460 xit
502 1410 529 1475 3
583 1387 783 1463 iratis
833 1389 1070 1485 palam
1115 1389 1574 1464 Taicosamae
1609 1388 1893 1463 Bonziis
1922 1387 2271 1463 idolorum
2308 1389 2449 1460 mi·-

331 1504 602 1592 nistris,
673 1506 862 1602 quod
913 1506 1240 1580 homines
1292 1507 1468 1581 istos
1517 1529 1648 1602 per
1701 1505 1743 1578 J
1746 1505 2079 1602 aponiam
2131 1504 2451 1580 circinn-

333 1622 628 1696 veheret
677 1622 765 1696 ad
819 1620 1087 1698 Christi
1137 1633 1408 1698 sectam
1486 1622 2085 1698 disseminandam
2130 1621 2401 1696 scilicet
2426 1673 2451 1710 ,

333 1761 476 1816 non
530 1739 1054 1837 extirpandam.
1111 1742 1352 1818 Meaco
1385 1739 1687 1838 digressi
1740 1750 1817 1815 et
1884 1765 2014 1838 per
2050 1739 2283 1814 varias
2316 1764 2457 1813 ur-

333 1854 462 1930 bes
511 1855 720 1952 longo
775 1857 1072 1932 circuitu
1125 1858 1215 1931 ad
1267 1860 1741 1954 spargendum
1820 1858 2035 1931 latius
2108 1869 2479 1954 terrorem*

335 1971 822 2062 circumducti,
869 1973 1434 2071 Nangasachium
1471 1975 1781 2072 denique
1812 1984 2293 2071 pervenerunt
2332 1995 2457 2054 no-

337 2090 448 2164 nis
499 2089 854 2164 februarii.
919 2090 1024 2165 Ad
1079 2091 1547 2166 sublevandas
1615 2093 1895 2166 itineris
1972 2091 2455 2166 molestissimi

336 2229 712 2280 aerumnas
763 2205 1162 2282 submissus
1213 2207 1447 2283 fuerat
1481 2231 1524 2281 a
1557 2219 1761 2306 patre
1786 2207 2181 2306 Organtino
2214 2207 2457 2293 Socie-

337 2323 508 2396 tatis
561 2321 734 2398 «lesu
784 2324 1212 2398 christianus
1247 2325 1534 2421 quidam
1561 2337 1925 2422 spectatae
1960 2325 2339 2421 probitatis
2372 2345 2459 2398 ae
2508 2337 2518 2348 “

343 2442 788 2540 prudentiae,
823 2442 1142 2539 itemque
1195 2441 1376 2518 alter
1425 2464 1466 2514 a
1521 2440 2074 2528 francisealibus,
2111 2441 2237 2538 qui
2270 2440 2359 2514 iis
2386 2439 2461 2512 in

339 2561 536 2636 ornni
587 2583 666 2632 re
718 2581 930 2657 opem
981 2558 1274 2648 ferrent,
1329 2581 1494 2634 cum
1549 2559 1624 2632 hi
1678 2560 1817 2636 duo
1870 2560 2054 2634 ultro
2115 2559 2457 2655 ¹citroque

341 2679 629 2754 liberius
655 2691 1168 2768 commearent,
1205 2676 1454 2752 offensi
1481 2678 1745 2752 milites
1782 2692 1969 2752 stare
2006 2675 2253 2750 ambos
2301 2676 2459 2770 jus-

355 2819 538 2886 sere,
593 2807 669 2872 et
717 2819 810 2870 an
843 2795 1210 2869 christiani
1233 2806 1478 2870 essent
1503 2817 1869 2891 rogavere.
1905 2791 2459 2866 Adfirmantibus

344 2913 430 2988 iis
477 2935 734 2988 manus
779 2936 1066 3011 quoque
1119 2913 1468 3007 injiciunt,
1525 2935 1608 2986 ac
1659 2911 1914 2984 ceteris
1940 2907 2207 2981 Christi
2264 2931 2462 2982 mar-

351 3030 624 3128 tyribus
703 3031 1024 3105 volentes
1101 3028 1238 3124 ipsi
1315 3028 1532 3100 etiam
1585 3027 1897 3121 adjuncti
1950 3037 2141 3098 sunt.

497 3147 562 3241 3.·
623 3151 694 3220 9.
750 3146 914 3220 Jam
982 3167 1204 3241 prope
1254 3153 1550 3216 ventum
1603 3153 1761 3218 erat
1808 3141 1902 3214 ad
1960 3140 2200 3214 locum
2272 3161 2460 3235 sup·-

342 3265 558 3362 plieii,
631 3287 796 3340 eum
859 3273 1066 3360 pater
1119 3259 1540 3336 Franciscus
1628 3257 1877 3332 Pasius
1930 3280 1971 3330 a
2048 3255 2465 3352 provinciali

349 3383 722 3458 Societatis
775 3381 817 3454 J
821 3405 948 3454 esu
1003 3380 1261 3454 missus
1315 3377 1604 3452 advenit
1645 3375 1921 3464 obvius,
1976 3375 2099 3472 qui
2150 3373 2465 3471 singulos

347 3515 696 3600 martyres
749 3503 1022 3576 ardenti
1075 3498 1334 3574 affectu
1367 3497 1861 3593 complexatus
1892 3516 2139 3570 eorum
2176 3491 2457 3570 confes-

350 3621 588 3697 siones
663 3620 939 3696 audivit
1013 3631 1088 3694 et
1150 3616 1444 3693 Ioannis
1496 3612 1600 3689 De
1664 3611 1847 3690 Goto
1886 3624 2141 3708 ‚atque
2219 3609 2467 3686 Jarebi

350 3737 542 3815 Kisai
617 3737 944 3834 religiosa
997 3746 1166 3809 vota
1243 3731 1584 3829 suscepit.
1644 3727 1951 3804 Parabat
1998 3727 2463 3824 Nangasachii

351 3857 780 3956 gubernator
829 3879 1076 3932 cruces
1125 3855 1430 3952 defigere
1483 3853 1554 3928 in
1615 3850 1811 3962 urbis
1846 3849 2081 3945 platea
2146 3847 2465 3943 plecten-

351 3977 460 4052 dis
509 3977 652 4050 reis
703 3975 1004 4062 addicta,
1059 3975 1184 4048 sed
1237 3971 1555 4048 Lusitani
1595 3970 1951 4066 petierunt
1984 3977 2201 4062 atque
2236 3966 2469 4062 impe-

349 4105 656 4178 trarunt,
714 4105 799 4166 ut
848 4092 920 4166 in
974 4115 1060 4167 ea
1113 4099 1598 4179 statuerentur
1673 4107 1853 4182 quae
1932 4103 2153 4180 prope
2214 4081 2467 4158 urbem

357 4211 779 4290 imminebat
828 4211 1037 4301 mari,
1102 4235 1187 4286 eo
1242 4207 1532 4286 consilio
1559 4218 1642 4279 ut
1668 4204 1765 4278 ibi
1814 4201 2189 4298 aliquando
2226 4200 2475 4282 aedem
