3317 5267
2330 470 2478 545 433

346 580 529 658 Cum
584 604 753 657 vcro
804 581 1131 655 inimicus
1184 579 1402 654 homo
1455 580 1647 653 hisce
1713 582 2136 675 praesertim
2199 582 2476 661 luctuo-

342 698 645 771 sissimis
710 696 1149 795 temporibus
1218 717 1361 773 non
1424 706 1657 771 cesset
1728 697 1800 769 in
1873 694 2242 775 Dominico
2309 724 2478 798 agro

340 815 906 911 superseminare
962 814 1225 888 zizania
1278 820 1437 887 tu'm
1494 811 1846 909 pestiferis
1901 814 2098 899 libris
2153 831 2226 891 et
2255 819 2480 915 ephe-

347 930 739 1009 mer-idibus
768 982 791 1019 ‚
869 942 1025 1004 tum
1096 930 1521 1006 monstrosis
1592 928 1992 1027 quibusque
2061 936 2476 1031 opinionum

338 1048 719 1143 portentis,
786 1070 969 1146 quac
1031 1046 1419 1121 catholicae
1478 1045 1645 1119 fidei
1703 1068 1792 1121 ac
1849 1048 2209 1149 doctrinae
2271 1052 2479 1148 plane

338 1163 834 1253 adversantur,
888 1166 1143 1242 iccirco
1192 1164 1413 1262 probe
1467 1164 1864 1261 intelligitis
1915 1180 2182 1263 quanta
2231 1171 2482 1244 sollici-

338 1280 613 1369 tudine,
669 1280 1061 1378 vigilantia,
1116 1268 1193 1355 et
1242 1282 1648 1355 constantia
1707 1278 1924 1355 Vobis
1961 1282 2058 1356 sit
2083 1282 2479 1358 allaboran-

336 1396 509 1471 dum
570 1408 653 1473 et
709 1396 1237 1487 excubandum,
1306 1408 1387 1472 ut
1446 1397 1690 1473 fideles
1769 1396 1986 1473 vobis
2057 1400 2477 1493 commissos

333 1513 423 1589 ab
474 1516 669 1593 hisce
723 1506 1091 1593 venenatis
1140 1518 1423 1614 pascuis
1474 1517 1802 1605 arceatis,
1861 1531 1938 1592 ct
2001 1520 2090 1593 ad
2143 1520 2477 1595 salutaria

335 1634 769 1733 propellatis,
826 1658 1091 1733 cosque
1142 1634 1529 1708 catholicae
1582 1633 1944 1709 Ecclesiae
1981 1638 2302 1711 doctrina
2335 1662 2481 1714 ma-

333 1751 557 1827 iorem
610 1754 683 1825 in
742 1752 1039 1827 modum
1094 1750 1457 1823 imbuatis.
1516 1750 1615 1823 Ut
1667 1763 1912 1825 autem
1953 1754 2022 1826 id
2057 1753 2330 1829 facilius
2362 1781 2480 1830 as-

336 1871 537 1967 sequi
592 1869 915 1957 valeatis,
970 1870 1371 1943 animarum
1424 1868 1854 1945 Curatorum
1899 1874 2318 1967 pracsertim
2361 1899 2480 1949 ze·-

336 1986 487 2060 lum
556 1987 835 2061 assidue
910 1988 1219 2061 excitare
1294 2010 1384 2060 nc
1439 1988 1964 2076 intermittatis,
2026 1986 2478 2067 Venerabiles

335 2100 619 2177 Fratres
659 2155 681 2191 ,
756 2115 839 2177 ut
910 2104 1045 2200 ipsi
1118 2127 1248 2179 suo
1326 2126 1619 2177 munere
1675 2104 2048 2201 diligenter
2099 2107 2477 2205 fungentes

338 2244 704 2319 nunquam
758 2222 1091 2297 desinant
1144 2223 1627 2319 evangelizare
1683 2221 1810 2297 Dei
1863 2227 2308 2322 evangelium
2361 2252 2480 2301 sa-

335 2341 695 2438 pientihus
760 2355 837 2417 et
900 2342 1423 2439 insipientibus,
1490 2353 1565 2415 et
1634 2344 1828 2417 omni
1903 2366 2260 2419 sacrorum
2337 2370 2472 2443 ope

333 2457 795 2531 christianam
860 2456 1143 2554 plebem
1208 2457 1342 2531 sihi
1408 2460 1984 2533 commendatam
2049 2461 2318 2549 iuvare,
2395 2486 2476 2538 ac

333 2598 589 2672 pueros
642 2576 1089 2672 praesertim,
1144 2589 1221 2649 et
1272 2576 1483 2650 rudes
1537 2576 1869 2651 homines
1921 2578 2310 2654 catholicae
2371 2560 2500 2651 fl-‘

336 2690 448 2765 dei
524 2693 981 2779 documenta,
1056 2714 1479 2789 morumque
1552 2693 2000 2790 disciplinam
2073 2698 2424 2791 patienter
2451 2750 2472 2784 ,

336 2820 794 2907 amanterque
822 2810 1097 2895 docere,
1114 2830 1503 2905 omnesque
1536 2812 1988 2884 continenter
2015 2810 2372 2885 exhortari
2405 2812 2476 2885 in

338 2924 655 2999 doctrina
706 2947 905 3011 sana,
944 2948 1035 2999 ne
1086 2922 1680 2999 circumferantur
1713 2926 1910 3000 omni
1950 2938 2166 3000 vento
2206 2928 2476 3001 doctri-

340 3064 499 3115 nae.
542 3040 809 3117 Omncs
846 3064 1131 3141 quoquc
1171 3053 1571 3115 vestrarum
1626 3039 2067 3115 Dioecesium
2109 3040 2478 3141 Presbyte-

332 3186 453 3237 ros
502 3182 785 3259 semper
836 3171 1157 3246 monete,
1212 3171 1296 3235 ut
1350 3159 1591 3234 animo
1640 3160 1828 3233 serio
1880 3172 2298 3257 reputantes
2334 3164 2476 3236 mi-

344 3282 749 3369 nisterium,
802 3282 993 3379 quod
1048 3290 1477 3375 acceperunt
1530 3279 1603 3351 in
1661 3272 1989 3366 Domino,
2030 3278 2199 3353 illud
2235 3281 2478 3357 sedulo

334 3398 784 3495 implendum
850 3414 1126 3489 curent,
1194 3410 1273 3473 ut
1338 3398 1688 3471 virtutum
1751 3398 2072 3471 omnium
2148 3401 2477 3497 exempla

336 3516 721 3591 christiano
774 3518 1043 3613 populo
1093 3514 1506 3614 praebeant,
1564 3513 1866 3588 orationi
1903 3516 2200 3601 instent,
2239 3540 2320 3590 ac
2356 3540 2476 3591 sa-

338 3656 495 3708 cras
545 3637 961 3730 praesertim
1036 3635 1439 3731 disciplinas
1504 3632 1781 3707 assidue
1851 3633 2204 3721 excolant,
2269 3648 2344 3707 ct
2401 3638 2474 3709 in

340 3754 849 3851 sempiternam
902 3754 1213 3830 fidelium
1269 3755 1572 3831 salutem
1611 3753 2126 3849 procurandam
2167 3756 2337 3828 totis
2367 3754 2479 3827 vi-

336 3872 531 3947 ribus
583 3871 1022 3947 incumbant.
1082 3872 1315 3970 Atque
1370 3883 1449 3945 ut
1502 3870 1776 3944 facilius
1826 3894 2050 3946 navos
2115 3884 2190 3945 et
2253 3872 2474 3945 indu—-

336 3992 551 4067 strios
600 3992 957 4087 operarios
1010 3990 1267 4065 habere
1302 3990 1617 4087 possitiS,
1658 3990 1780 4087 qui
1817 3991 1890 4063 in
1935 3991 2132 4065 vinea
2173 3988 2461 4065 Domini

271 4138 282 4145 ·
336 4109 717 4187 excolenda
769 4110 1205 4184 auxiliariam
1261 4108 1475 4185 Vobis
1522 4130 1812 4206 operam
1867 4108 1940 4181 in
1983 4122 2302 4206 tempore
2331 4132 2460 4183 ex-
