3317 5267
2282 481 2415 554 67¹

307 605 626 696 possent,
647 591 1181 692 prohibuerunt.
1195 588 1640 688 Quapropter
1653 589 1853 668 Auno
1880 589 2429 669 Muccxxxlv

307 716 610 812 peractis
637 713 992 800 omnibus,
1032 735 1212 809 quae
1247 722 1417 786 sunt
1443 733 1548 788 ex,
1568 709 1925 786 Ecclesiae
1951 711 2431 788 sanctionibus

309 833 730 919 necessaria,
745 831 830 906 ad
846 829 1320 927 A'postolieam
1337 829 1576 904 sedem
1593 829 1825 903 delata
1834 851 2045 904 causa
2056 829 2217 916 fuit,
2232 822 2431 905 cuius

311 959 552 1024 tamen
605 971 854 1024 cursus
905 949 1276 1023 intercisus
1327 947 1618 1034 mansit,
1682 941 2015 1022 excitatis
2068 945 2435 1022 turbulen-

313 1065 606 1139 tissimis
657 1065 758 1138 rei
807 1069 1048 1138 sacrae
1099 1085 1182 1138 ac
1231 1062 1548 1160 publicae
1585 1061 2155 1160 tempestatibus.
2215 1059 2433 1137 Com·-

311 1181 564 1276 positis
633 1180 920 1254 tandem
991 1179 1203 1254 rebus
1281 1179 1372 1252 ad
1443 1175 1832 1252 Consilium
1908 1175 2433 1252 venerabilium

313 1295 642 1371 Fratrum
701 1296 1119 1372 Nostrorum
1183 1297 1256 1372 S.
1333 1292 1422 1368 R.
1501 1293 1560 1370 E
1573 1350 1589 1367 .
1668 1293 2141 1370 cardinalium
2212 1295 2433 1368 sacris

309 1413 562 1490 ritibus
611 1415 893 1490 mendis
941 1417 1505 1514 praepositorum
1558 1416 1809 1511 agitari
1845 1415 2163 1512 quaestio
2199 1413 2437 1510 coepit

307 1531 396 1606 de
445 1531 854 1619 virtutibus,
909 1530 1166 1630 quibus
1218 1530 1654 1607 Venerabilis
1707 1529 1837 1605 Dei
1889 1529 2227 1605 Famulus
2263 1529 2433 1604 emi-

303 1651 592 1740 cuisset,
648 1674 732 1725 ac
779 1650 1154 1748 diligenter
1203 1651 1514 1726 adhibita
1566 1650 2167 1748 pervestigatione
2196 1649 2433 1726 heroi-

305 1791 471 1843 cum
521 1769 676 1844 illas
727 1768 1012 1844 culmen
1065 1771 1384 1867 attigisse
1435 1769 1824 1844 declaravit
1868 1768 1987 1842 fel:
2030 1791 2173 1843 ree:
2252 1765 2433 1842 Gre-

305 1886 544 1982 gorius
607 1885 768 1960 xvl
856 1885 1362 1961 praedecessor
1423 1886 1685 1962 Noster
1772 1885 1833 1958 V
1896 1885 2231 1962 kalendas
2292 1885 2431 1961 Fe-

307 2003 622 2080 bruarias
675 2003 878 2081 Anno
911 2001 1470 2080 MDCCCXLIV.
1509 2003 1979 2080 Postmodum
2016 2006 2427 2080 institutum

309 2123 648 2198 iudicium
699 2134 812 2198 est
863 2123 952 2197 de
1001 2134 1306 2220 quatuor
1357 2123 1739 2211 miraculis,
1794 2146 1976 2220 quae
2033 2121 2429 2199 Venerabili

307 2237 520 2315 Petro
573 2241 996 2337 deprecante
1029 2263 1073 2313 a
1109 2238 1257 2315 Deo
1295 2251 1570 2337 patrata
1607 2239 2047 2328 dicebantur,
2088 2240 2427 2338 omnique

306 2357 542 2433 iudicii
613 2361 994 2435 severitate
1063 2357 1406 2447 adhibita,
1477 2359 1833 2456 rebusque
1904 2359 2235 2434 omnibus
2304 2359 2427 2433 diu

305 2475 752 2574 multumque
801 2478 1191 2575 perpensis,
1245 2477 1334 2551 de
1385 2477 1665 2552 illorum
1720 2477 2197 2574 prodigiorum
2235 2477 2425 2550 veri-

305 2605 454 2670 tate
505 2608 830 2670 constare
879 2596 1320 2670 decrevimus
1373 2594 1502 2668 XV
1578 2595 1730 2670 Kal.
1785 2593 1949 2670 Maii
2011 2617 2197 2670 anno
2260 2617 2427 2668 ver-

306 2723 502 2787 tente
553 2709 1109 2786 MDCCCLXIV.
1163 2711 1351 2786 Nihil
1403 2713 1699 2808 proinde
1750 2722 2140 2809 supererat,
2204 2733 2421 2808 quam

307 2829 382 2902 in
431 2831 682 2904 eodem
737 2827 1210 2903 Cardinalium
1273 2827 1582 2904 Consilio
1644 2829 2179 2924 disceptaretur,
2244 2849 2421 2900 num

306 2944 704 3020 Venerabili
757 2943 970 3019 Petro
1019 2946 1300 3018 decerni
1327 2955 1486 3018 tuto
1516 2955 1807 3039 possent
1838 2943 2221 3018 Beatorum
2256 2966 2423 3018 coe-

301 3061 510 3137 litum
562 3062 890 3138 honores.
947 3061 1026 3134 ln
1080 3061 1386 3158 generali
1437 3061 1677 3157 itaque
1728 3071 2083 3136 conventu
2138 3059 2423 3134 Vatica-

303 3179 416 3253 nis
469 3181 540 3252 in
593 3177 884 3252 aedibus
947 3199 1182 3252 coram
1238 3175 1454 3251 Nobis
1506 3175 1757 3251 habito
1814 3175 1967 3249 vlu
2048 3175 2199 3251 Kal.
2264 3176 2417 3251 Iulii

299 3299 644 3372 vertentis
697 3297 890 3384 anni,
931 3311 1086 3371 tum
1141 3298 1350 3370 iidem
1407 3293 1835 3384 cardinales,
1878 3307 2030 3370 tum
2069 3307 2422 3394 quotquot

302 3417 596 3490 aderant
665 3413 1118 3491 Consultores
1189 3416 1508 3490 unanimi
1581 3413 1911 3512 suffragio
1964 3429 2416 3505 censuerunt,

300 3547 938 3610 commemoratum
1001 3533 1126 3608 Dei
1189 3533 1565 3608 Famulum
1625 3545 1785 3609 tuto
1844 3557 2053 3631 posse
2113 3533 2416 3608 Beatum

297 3651 636 3726 declarari
685 3675 848 3727 cum
902 3635 1230 3728 omnibus
1305 3651 1594 3726 indultis
1624 3703 1644 3738 ,
1726 3651 1949 3726 donec
2022 3650 2207 3724 illius
2280 3649 2423 3724 Ca-

298 3769 764 3845 nonizationis
817 3770 1156 3844 solemnia
1207 3767 1677 3842 celebrentur.
1734 3767 1877 3843 Nos
1929 3791 2097 3843 vero
2134 3778 2422 3863 postea-

299 3910 514 3984 quam
569 3909 608 3960 a
651 3887 858 3962 Patre
907 3889 1286 3974 luminum,
1341 3897 1425 3959 ut
1473 3885 1689 3962 Nobis
1742 3888 1817 3960 in
1852 3889 2035 3960 tanti
2070 3887 2417 3962 momenti

294 4027 374 4079 re
421 4005 768 4103 propitius
821 4007 1066 4081 adesse
1135 4007 1375 4094 vellet,
1443 4005 1715 4080 iteratis
1764 4004 2088 4102 precibus
2154 4013 2421 4101 postu-

297 4123 672 4213 lassemus,
701 4125 788 4198 de
817 4122 1196 4199 Beatorum
1224 4121 1608 4200 honoribus
1635 4119 2029 4196 Venerabili
2055 4118 2269 4196 Petro
2294 4121 2421 4195 de-

293 4239 598 4316 ferendis
649 4240 1079 4316 sententiam
1129 4239 1556 4337 protulimus
1633 4235 1937 4313 Decreto
1988 4237 2181 4312 edito
2258 4233 2417 4310 Vlll

1860 4357 1955 4429 43
