3317 5267
862 432 1004 504 132

856 548 1199 621 ditionem
1257 547 1492 632 tueri,
1548 545 1886 643 illamque
1935 566 1978 617 a
2029 542 2298 617 nefaria
2351 542 2734 622 rebellione
2809 548 2992 621 vin-

858 665 1091 741 dicare
1147 664 1387 738 vellet.
1444 663 1595 739 Hac
1646 686 1774 739 sua
1827 662 2150 761 Epistola
2203 684 2532 739 summus
2586 664 2991 763 Imperator

853 802 1427 856 commemorans
1481 782 1841 879 quoddam
1893 802 2106 855 suum
2143 780 2518 857 eonsilium
2553 784 2768 880 paulo
2813 797 2990 859 ante

854 896 1075 973 Nobis
1126 900 1567 996 propositum
1618 899 1710 973 de
1759 896 2139 972 rebellibus
2194 897 2601 975 Pontificiae
2673 900 2988 977 Nostrae

861 1013 1149 1089 ditionis
1203 1014 1585 1110 provinciis
1638 1013 1857 1090 Nobis
1906 1013 2184 1102 suadet,
2239 1026 2324 1089 ut
2373 1015 2786 1093 earumdem
2821 1040 2996 1115 pro-

860 1132 1249 1207 vinciarum
1302 1123 1740 1229 possessioni
1791 1131 2200 1205 renuntiare
2271 1132 2576 1207 velimus
2614 1183 2638 1222 ,
2691 1156 2860 1209 cum
2913 1136 2983 1209 ei

860 1254 1183 1328 videatur
1235 1254 1369 1331 hoe
1422 1265 1706 1328 tantum
1759 1252 1972 1327 modo
2021 1252 2380 1349 praesenti
2416 1276 2658 1329 rerum
2691 1268 2990 1353 pertur-

854 1373 1127 1449 bationi
1180 1395 1393 1470 posse
1445 1371 1742 1446 mederi.
2213 1458 2250 1483 d

1009 1492 1325 1591 Quisque
1378 1504 1700 1567 vestrum
1731 1545 1756 1579 ,
1811 1490 2264 1567 venerabiles
2316 1491 2632 1582 Fratres,
2703 1476 2988 1593 optime

858 1614 1213 1711 intelligit,
1252 1611 1397 1687 Nos
1432 1612 1831 1708 gravissimi
1867 1610 2080 1686 officii
2115 1610 2353 1688 Nostri
2391 1634 2752 1689 memores
2785 1614 2985 1692 haud

854 1734 1172 1833 potuisse
1226 1733 1431 1807 silere
1482 1755 1647 1807 cum
1686 1732 2090 1807 huiusmodi
2127 1731 2501 1829 epistolam
2539 1734 2976 1831 accepimus„

853 1852 1061 1940 Hinc,
1118 1851 1305 1925 nulla
1362 1850 1782 1947 interposita
1829 1873 2055 1939 mora,
2114 1851 2345 1925 eidem
2383 1850 2806 1948 Imperatori
2859 1880 2988 1931 re-

856 1970 1162 2048 scribere
1214 1970 1779 2067 properavimuS,
1841 1966 2246 2064 Apostoliea
2298 1971 2516 2042 animi
2583 1966 2826 2045 Nostri
2885 1974 2982 2048 li-

846 2092 1125 2165 bertate
1154 2089 1338 2163 clare
1374 2100 1759 2185 aperteque
1799 2085 2270 2176 declaranteS,
2328 2088 2525 2163 nullo
2575 2088 2786 2185 plane
2823 2114 2984 2168 mo·-

850 2213 947 2285 do
996 2208 1139 2281 Nos
1190 2230 1399 2301 posse
1454 2206 1605 2279 eius
1658 2226 1972 2278 annuere
2026 2203 2346 2292 consilio,
2405 2208 2978 2305 proptereaquod

852 2306 1369 2424 insuperabiles
1434 2322 1882 2421 praeseferat
1933 2320 2376 2419 difficultates
2415 2375 2436 2412 ,
2494 2326 2774 2399 ratione
2835 2326 2980 2400 lta-

750 2438 759 2443 ’
850 2446 993 2519 bita
1046 2440 1349 2515 Nostrae
1400 2454 1467 2511 et
1520 2440 1738 2511 huius
1792 2436 2098 2512 Sanctae
2135 2436 2342 2513 Sedis
2393 2436 2792 2537 diquitatis,
2821 2442 2986 2518 No-

847 2564 1119 2662 strique
1168 2556 1363 2631 sacri
1414 2556 1882 2645 characteris,
1931 2569 2144 2656 atque
2195 2556 2514 2630 eiusdem
2567 2555 2774 2634 Sedis
2833 2562 2978 2635 iu·-

850 2681 1071 2765 rium,
1126 2698 1311 2778 quae
1360 2680 1520 2746 uon·
1556 2670 1651 2745 ad
1687 2670 1998 2746 alicuius
2033 2671 2295 2769 re9alis
2330 2672 2658 2770 familiae
2692 2701 2980 2750 succes-

846 2800 1147 2882 sionem,
1204 2789 1326 2866 sed
1362 2788 1457 2865 ad
1493 2812 1736 2863 omues
1787 2788 2160 2863 catholicos
2203 2790 2593 2887 pertinent,
2633 2814 2718 2868 ac
2749 2794 2972 2871 simul

846 2913 1143 3014 professi
1197 2933 1471 2997 sumus,
1528 2932 1670 2981 non
1719 2932 1922 3007 posse
1965 2932 2100 3008 per
2149 2906 2298 2983 Nos
2358 2910 2516 2983 cedi
2567 2912 2754 3012 quod
2813 2912 2978 2989 Νο-

844 3048 1075 3107 strum
1124 3053 1269 3102 nou
1324 3041 1451 3116 est,
1490 3050 1575 3100 ac
1604 3024 1826 3125 plane
1861 3050 1906 3099 a
1933 3024 2150 3100 Nobis
2187 3025 2520 3125 iutelliqi,
2561 3030 2976 3122 victoriam,

844 3176 1026 3254 quae
1076 3147 1432 3224 Aemiliae
1476 3144 1964 3247 perduellibus
2015 3146 2306 3220 concedi
2373 3146 2606 3237 vellet,
2676 3150 2982 3226 stimula

840 3272 1167 3369 suturam
1205 3268 1595 3366 iudiqeuis,
1631 3268 2034 3368 exterisque
2070 3264 2390 3341 aliarum
2419 3270 2974 3367 provinciarum

826 3386 1441 3491 perturbatoribus
1492 3384 1587 3459 ad
1642 3384 1890 3459 eadem
1938 3382 2330 3484 patranda,
2383 3408 2550 3461 cum
2583 3405 2970 3463 cernerent

830 3528 1253 3606 prosperam
1331 3504 1702 3601 fortunam
1779 3524 1964 3602 quae
2043 3498 2418 3575 rebellibus
2486 3506 2960 3603 coutiuyeret.

840 3626 1077 3725 Atque
1132 3624 1317 3699 inter
1368 3621 1501 3695 alia
1554 3622 1789 3695 eidem
1851 3621 2273 3716 Imperatori
2311 3622 2968 3713 manifestavimus,

838 3770 981 3820 non
1030 3766 1237 3847 posse
1284 3740 1431 3815 Nos
1480 3754 2070 3815 commemoratas
2149 3738 2576 3841 Pontificius·
2653 3742 2968 3819 Nostrae

832 3864 1127 3938 ditionis
1176 3864 1257 3935 iu
1340 3857 1653 3933 Aemilia
1697 3858 2108 3959 provincias
2185 3856 2546 3950 abdicare,
2605 3858 2784 3963 quin
2839 3886 2970 3937 so-

830 3983 1129 4070 lemnia,
1182 3980 1439 4082 quibus
1474 3975 1787 4053 obstricti
1816 4002 2094 4065 sumus,
2135 3981 2546 4053 iuramenta
2579 3978 2956 4079 violemus,

825 4102 1005 4203 quin
1058 4100 1387 4201 querelas
1440 4112 1807 4201 motusque
1857 4099 1936 4171 iu
1995 4097 2291 4200 reliquis
2345 4098 2622 4173 Nostris
2651 4100 2960 4199 praviu-

826 4218 959 4294 ciis
1014 4219 1405 4294 excitemus
1437 4272 1457 4310 ,
1514 4220 1690 4321 quin
1744 4215 2106 4292 catholicis
2183 4214 2510 4291 omnibus
2591 4217 2952 4292 iniuriam
