3317 5267
921 452 1021 523 76
1077 564 1401 659 Itemque
1451 558 1688 658 quoad
1732 556 2044 657 singulas
2094 558 2433 656 praedicti
2482 555 2787 655 Capituli
2841 580 3059 656 prae-

923 682 1222 769 hendaS,
1263 692 1338 755 et
1373 700 1618 759 earum
1672 677 2141 765 dotationem,
2180 675 2513 755 Decanali
2555 676 2901 775 Dignitati
2954 676 3060 749 vi-

783 874 792 883 ,
921 802 1178 875 delicet
1233 796 1450 871 millia
1499 809 1577 871 et
1625 796 1973 883 biscenta,
2028 820 2111 871 ae
2160 798 2543 895 unicuique
2592 822 2683 872 ex
2746 807 3061 895 quatuor

911 916 1300 993 Canonicis
1351 926 1735 1012 nongenta,
1790 925 1865 987 et
1914 913 2203 989 cuilibet
2256 938 2345 989 ex
2395 914 2587 990 binis
2638 913 3059 992 Pertinariis

927 1044 1266 1108 sexcenta
1301 1085 1322 1119 ‚
1387 1033 1765 1128 unicuique
1820 1054 1989 1107 vero
2040 1054 2132 1105 ex
2182 1030 2781 1128 Semiportinariis
2842 1032 3065 1129 quin-

927 1163 1166 1247 genta,
1195 1174 1278 1223 ac
1303 1148 1713 1225 Secretariis
1740 1144 2257 1243 capitularibus
2280 1146 2601 1225 bisoenta
2634 1172 2851 1245 supra
2872 1170 3063 1245 qua-

925 1270 1276 1366 draginta,
1332 1278 1406 1343 et
1455 1264 1747 1343 cuilibet
1770 1286 1887 1339 .ex
1924 1264 2153 1339 tribus
2186 1264 2675 1341 Mansionariis
2709 1290 2837 1341 seu
2862 1264 3064 1339 Gho-

915 1387 1186 1463 ralibus
1237 1384 1683 1484 cappellanis
1718 1384 2138 1482 quingenta,
2168 1407 2251 1459 ac
2274 1386 2399 1459 uni
2434 1382 2846 1482 Gregoriani
2882 1408 3065 1461 can-

925 1520 1044 1582 tus
1093 1504 1438 1581 Directori
1472 1506 1887 1602 quingenta,
1916 1504 2213 1579 tandem
2248 1502 2643 1579 Sacellariis
2668 1504 3063 1581 maioribus

925 1626 1174 1699 itidem
1225 1625 1613 1721 quingenta
1664 1632 1945 1697 scutata
1996 1622 2085 1695 ab
2138 1622 2449 1719 ipsomet
2516 1618 2903 1710 Gubernio‚
2958 1623 3065 1697 si-

925 1744 1073 1819 cuti
1125 1742 1572 1839 propositum
1623 1750 1701 1813 et
1748 1762 2092 1836 sponsum
2144 1751 2285 1829 est,
2340 1741 2709 1815 annuatim
2780 1762 3065 1837 aequa—

927 1860 1110 1935 libus
1162 1859 1432 1933 scilicet
1483 1856 1929 1954 portionibus
1984 1856 2057 1931 in
2110 1855 2423 1952 singulos
2475 1880 2761 1935 menses
2810 1880 3073 1953 oppor-

911 1990 1102 2055 -tune
1181 1977 1616 2052 stabiliendis
1689 1976 2185 2073 persolvantur
2223 2026 2244 2061 ,
2308 1959 2538 2051 'tertia
2624 1977 3063 2073 singularum

929 2100 1488 2197 praebendarum
1545 2108 1751 2193 parte
1800 2098 1875 2169 in
1928 2116 2242 2171 massam
2302 2096 2869 2193 quotidianarum
2948 2096 3061 2171 di-

929 2217 1466 2303 stributionum,
1523 2216 1628 2288 uti
1682 2238 1811 2310 par
1862 2225 1974 2288 est
2024 2214 2098 2287 in
2160 2213 2727 2313 quibuscumque
2782 2211 3067 2287 Cathe-

923 2332 1238 2409 dralibus
1289 2329 1658 2428 Capitulis,
1702 2352 2047 2405 conversa
2080 2336 2159 2403 et
2188 2341 2491 2419 statuta,
2532 2342 2615 2407 ut
2650 2354 2777 2406 eae
2808 2333 2883 2405 in
2920 2333 3071 2405 sin-

929 2452 1132 2549 gulos
1183 2451 1334 2525 dies
1385 2464 1460 2524 et
1510 2450 1726 2525 horas
1778 2450 2181 2539 canonicas,
2236 2450 2561 2524 rationali
2612 2449 2857 2527 habita
2908 2474 3075 2547 pro-

929 2569 1280 2666 portione,
1335 2567 1522 2639 inter
1573 2577 1987 2662 praesentes
2036 2567 2175 2641 rite
2224 2566 2747 2663 impertiantur.

1083 2682 1320 2774 Quum
1393 2694 1634 2757 autem
1688 2706 1997 2779 congrua
2044 2685 2319 2759 dotatio
2368 2682 2561 2758 haud
2612 2694 2899 2780 praesto
2970 2685 3077 2760 sit

931 2800 1022 2875 ad
1071 2824 1156 2873 ea
1205 2799 1492 2874 serenda
1545 2798 1928 2895 impendia,
1984 2822 2165 2896 quae
2216 2823 2345 2896 pro
2398 2822 2625 2876 novae
2674 2800 2888 2875 huius
2938 2800 3078 2875 Ca·-

933 2918 1314 2993 thaedralis
1367 2918 1849 2993 incolumitate
1886 2920 2145 3016 iugiter
2176 2918 2637 3023 ornatiusque
2688 2921 3069 3007 servanda,

931 3059 1064 3109 nec
1115 3058 1256 3110 non
1311 3058 1442 3130 pro
1493 3035 1715 3109 divini
1766 3035 2001 3110 cultus
2050 3036 2386 3111 exercitio
2440 3036 2573 3109 rite
2632 3034 2807 3109 inibi
2856 3058 3077 3133 pera-

931 3142 1162 3249 gendo
1215 3150 1695 3225 indesinenter
1746 3152 2215 3247 oportum-int,
2270 3151 2435 3227 huic
2482 3150 2715 3229 officio
2766 3166 3079 3249 exopta-

933 3294 1122 3357 mus,
1177 3278 1260 3344 ut
1293 3282 1580 3367 praeter
1629 3270 2141 3359 emolumenta,
2180 3295 2363 3369 quae
2398 3271 2679 3347 aliunde
2728 3272 2803 3347 in
2856 3296 3075 3347 usum

931 3390 1124 3464 hunc
1175 3390 1317 3461 iam
1369 3389 1677 3485 irrogata
1730 3390 2287 3486 comperiuntur,
2324 3390 2540 3463 millia
2576 3372 2875 3487 insuper
2900 3414 3075 3465 seu-

933 3518 1086 3580 tata
1133 3506 1364 3579 dietae
1415 3517 1746 3580 monetae
1782 3508 1933 3579 sint
1962 3508 2347 3603 quotannis
2378 3506 2473 3581 ab
2504 3508 2756 3583 eodem
2804 3504 3083 3581 Guber-

931 3623 1051 3697 nio
1103 3623 1597 3697 constituenda
1647 3634 1725 3695 et
1774 3624 2261 3719 persolvenda.

1087 3737 1395 3814 Demnm
1449 3741 1681 3836 quoad
1736 3740 2211 3815 Seminarium
2291 3739 2803 3817 Dioecesanum
2878 3764 3087 3816 con—

930 3880 1106 3954 grue
1158 3860 1336 3933 item
1387 3859 1779 3933 dotandum
1832 3860 1899 3933 id
1954 3861 2171 3933 etiam
2224 3863 2425 3933 iuxta
2466 3860 2688 3957 ipsius
2732 3856 3081 3935 Gubernii

933 3976 1494 4072 propositionem
1547 3989 1763 4073 atque
1840 3977 2295 4072 sponsionem
2350 3975 2755 4073 Apostolica
2824 3987 3087 4077 aucto-

933 4095 1146 4166 ritate
1199 4096 1648 4183 mandamus„
1706 4108 1787 4170 ut
1836 4098 2059 4171 millia
2110 4112 2187 4171 et
2220 4096 2540 4171 hiscenta
2577 4098 2648 4169 in
2685 4097 3079 4193 gratuitam

839 4262 848 4269 -
935 4206 1316 4288 duodecim
1343 4211 2009 4291 Ecclesiastieorum
2034 4217 2483 4291 alumnorum
2546 4215 3077 4301 educationem,
