3317 5267
721 468 730 477 -
800 420 946 492 343

799 549 872 607 ct
923 534 1214 630 singulis
1265 534 1897 632 supramemoratis
1948 532 2221 630 oppidis
2248 558 2375 607 scu
2402 536 2745 631 paroeciis
2780 560 2922 611 eo-

799 674 1098 748 rumque
1152 653 1681 727 inhaerentibus
1733 650 2141 727 accessoriis
2195 664 2348 725 tum
2376 651 2736 740 -realibus,
2766 664 2921 727 tum

797 768 1308 861 personalibus,
1367 782 1520 842 tum
1569 770 1815 842 mixtis
1868 794 1908 841 e
1964 768 2260 863 vestigio
2298 769 2369 840 in
2402 771 2793 863 propriam,
2848 782 2925 843 et

795 886 1203 960 distinctam
1243 890 1520 961 noviter
1559 888 1869 983 erigendi
1922 886 2393 981 Episcopatus
2422 884 2683 961 Portus
2719 887 2921 961 Pacis

798 1000 1188 1079 Dioecesim
1241 1007 1452 1080 simili
1481 1004 1887 1103 Apostolica
1915 1006 2335 1081 auctoritate
2370 1009 2587 1079 etiam
2646 1030 2922 1103 perpe-

795 1133 918 1197 tuo
950 1124 1439 1218 praefinimuS,
1480 1125 1903 1199 reservando
1940 1136 2186 1195 tamen
2224 1122 2441 1196 Nobis
2494 1136 2919 1221 sanctaeque

799 1238 1239 1335 Apostolicae
1295 1239 1458 1313 Sedi
1513 1241 1871 1337 praefatae
1924 1239 2216 1313 liberam
2257 1237 2667 1314 facultatem
2704 1240 2921 1317 Dioe-

795 1357 1012 1429 cesim
1069 1358 1325 1451 ipsam,
1357 1358 1418 1429 si
1455 1371 1532 1431 et
1556 1358 1935 1453 quandoid
1966 1357 2295 1453 expedire
2326 1358 2737 1445 innotuerit,
2776 1360 2915 1434 alia

795 1487 1144 1569 quatenus
1181 1475 1759 1563 dismembrandi,
1792 1499 1873 1549 ac
1900 1474 2369 1571 impertiendo
2404 1476 2785 1550 dumtaxat
2810 1476 2919 1552 fu·

799 1603 956 1666 turo
1009 1604 1084 1665 et
1135 1615 1262 1687 pro
1316 1604 1634 1688 tempore
1668 1594 2007 1665 existenti
2046 1590 2367 1701 Antistiti
2425 1590 2681 1671 Portus
2711 1592 2913 1669 Pacis

796 1706 1233 1797 facultatem,
1289 1732 1428 1806 qua
1463 1712 1522 1783 si
1559 1710 1891 1805 deinceps
1942 1707 2395 1783 ratumfuerit
2448 1724 2779 1808 oportere
2834 1722 2916 1787 ut

791 1830 944 1901 eius
999 1828 1352 1904 Dioecesis
1407 1827 1773 1906 Paroeciae
1804 1854 1930 1925 pro
1964 1831 2207 1925 maj0ri
2262 1830 2659 1935 animarum
2698 1854 2913 1907 com-

793 1949 1002 2023 modo
1067 1948 1510 2045 aliquatenus
1574 1947 2166 2023 commodioribus
2228 1948 2487 2023 finibus
2548 1961 2909 2047 aptentur,

794 2064 901 2136 vel
955 2065 1170 2137 etiam
1227 2066 1401 2139 aliae
1455 2066 1616 2139 inde
1671 2088 1893 2139 novae
1946 2066 2413 2169 instituantur
2473 2065 2847 2141 Paroeciae
2888 2120 2911 2155 ,

791 2194 940 2253 tum
1000 2205 1206 2277 porro
1243 2183 1528 2278 negotia
1563 2182 2002 2268 huiusmodi,
2058 2182 2391 2256 adhibitis
2427 2204 2589 2256 cum
2636 2180 2910 2257 Guber-

795 2300 912 2373 nio
963 2298 1267 2374 Haitano
1321 2300 1655 2387 consiliis,
1714 2301 1802 2373 ad
1856 2322 1937 2372 ea
1988 2300 2207 2372 etiam
2258 2299 2517 2397 quibus
2570 2301 2911 2375 canonico

787 2438 966 2512 opus
1019 2430 1130 2490 est
1183 2442 1308 2513 pro
1362 2442 1785 2515 unaquaque
1821 2417 2207 2493 Parochiali
2248 2420 2561 2495 Ecclesia
2606 2431 2681 2494 et
2734 2442 2909 2494 con-

784 2535 974 2631 gruis
1026 2534 1444 2630 praebendis
1497 2560 1741 2610 earum
1804 2536 2223 2613 Rectoribus
2278 2551 2353 2612 et
2427 2536 2905 2613 Paroehorum

789 2652 1061 2725 vicariis
1113 2653 1634 2729 coadiutoribus
1688 2656 2129 2751 assignandis
2164 2654 2385 2751 probe
2445 2666 2907 2751 pertractare,

785 2782 995 2867 atque
1048 2772 1232 2845 intra
1288 2770 1753 2847 Dioecesanos
1808 2772 2070 2846 limites
2137 2772 2467 2869 perficere
2530 2771 2761 2846 valeat
2828 2783 2907 2845 et

793 2900 1094 2985 satagat.

939 3006 1034 3079 Et
1085 3010 1414 3104 quoniam
1469 3008 1769 3084 civicum
1824 3009 2161 3105 oppidum
2217 3012 2404 3107 quod
2454 3052 2509 3063 —
2570 3007 2745 3084 Port
2816 3010 2905 3083 de

785 3124 957 3199 Paix
991 3166 1046 3179 --
1080 3127 1475 3223 appellatur
1525 3126 1595 3200 in
1651 3127 1973 3223 praefato
2012 3128 2422 3223 provinciali
2458 3127 2717 3202 circulo
2754 3150 2907 3222 per-

785 3241 1091 3330 hibetur,
1126 3254 1276 3317 tum
1303 3244 1765 3319 commodiori
1801 3244 1931 3317 loci
1970 3245 2527 3340 opportunitate,
2560 3256 2712 3317 tum
2746 3243 2907 3340 plu-

783 3361 963 3433 rium
1017 3360 1596 3436 adminiculorum
1637 3361 2047 3447 idoneitate,
2090 3372 2241 3435 tum
2281 3361 2649 3435 titulorum
2688 3382 2901 3457 prae-

783 3476 1161 3548 eminentia
1220 3478 1472 3551 ceteris
1523 3476 1951 3551 circumsitis
2012 3478 2235 3575 magis
2288 3488 2673 3575 praestare,
2732 3478 2901 3551 illud

787 3594 1158 3692 praecipue
1209 3594 1296 3667 ad
1349 3593 1673 3668 Civitatis
1726 3594 2157 3691 Episcopalis
2223 3594 2586 3694 fastigium
2654 3594 2901 3669 evehi-

779 3736 962 3798 muS,
1017 3712 1342 3788 omnibus
1379 3726 1452 3787 et
1491 3715 1781 3810 singulis
1816 3716 1977 3789 dein
2018 3714 2392 3789 fruiturum
2428 3715 2729 3813 Juribus,
2762 3714 2897 3789 ho-

783 3831 1094 3920 noribus,
1124 3831 1504 3919 favoribus,
1544 3834 1811 3930 gratiis,
1850 3834 2164 3923 indultis,
2208 3835 2587 3932 privilegiis
2625 3845 2694 3909 et
2733 3833 2893 3930 qui·

783 3951 1052 4047 busque
1105 3952 1357 4025 ceteris
1395 3951 1648 4049 quibus
1684 3952 1856 4025 aliae
1894 3952 2165 4027 illarum
2218 3955 2587 4051 regionum
2642 3953 2898 4027 civita-
3006 4046 3017 4063 ·

787 4082 894 4145 tes
919 4070 1318 4167 Episcopali
1357 4074 1560 4148 titulo
1611 4086 1825 4172 atque
1860 4074 2109 4151 decore
2140 4076 2510 4173 insignitae
2548 4072 2893 4151 ordinarie

786 4186 1090 4281 gaudent
1143 4199 1215 4261 et
1267 4188 1616 4263 fruuntur.
