3317 5267
903 564 1327 661 defungatur
1389 560 1474 637 iis
1535 558 1862 639 omnibus
1923 576 1998 639 et
2049 566 2340 665 singulis
2379 618 2406 655 ‚
2457 586 2636 665 quae
2671 568 3034 647 ordinarie

900 682 1411 781 Episcoporutn
1462 688 1746 783 propria
1801 697 1995 774 sunt,
2050 707 2136 761 ac
2201 680 2600 784 Episcopali
2671 709 2838 764 cnm
2896 692 3030 787 ju·-

900 800 1311 877 risdictione
1341 849 1363 890 ‚
1419 806 1888 900 praesidentia
1939 816 2016 879 et
2084 806 2506 879 auctoritate
2583 816 2732 879 tarn
2805 822 3030 903 super

902 940 986 989 ea
1016 915 1517 995 Gonaivesensi
1572 918 1908 1008 civitate,
1938 920 2250 999 Ecclesia
2311 918 2706 997 Cathedrali
2743 936 2818 998 et
2851 926 3026 999 uni-

902 1058 1107 1109 versa
1158 1036 1461 1134 desuper
1514 1040 1736 1114 indita
1786 1038 2101 1117 Dioecesi
2143 1088 2164 1126 ‚
2243 1056 2460 1137 quam
2509 1061 2726 1137 super
2777 1044 3026 1117 omni-

895 1151 1029 1228 bus
1082 1166 1158 1229 et
1206 1157 1497 1252 singulis
1548 1159 1918 1255 utriusque
1965 1174 2186 1233 sexus
2233 1158 2789 1232 inhabitantibus
2841 1180 3024 1257 per-

898 1268 1091 1348 sonis
1146 1272 1169 1374 (
1210 1276 1537 1371 peculiari
1602 1288 1844 1351 tamen
1909 1278 2382 1374 exemptionis
2441 1276 2809 1374 privilegio
2867 1302 3018 1352 non

886 1384 1389 1489 gaudentibus)
1446 1392 1678 1467 valeat
1728 1404 1804 1467 et
1851 1393 2106 1467 debeat
2141 1392 2258 1465 illa
2293 1408 2614 1490 quaeque
2641 1395 2800 1466 sive
2836 1416 3010 1489 per-

898 1510 1189 1599 sonalia,
1228 1511 1379 1583 sive
1414 1508 1655 1599 realia,
1695 1511 1844 1585 sive
1881 1512 2105 1583 mixta
2126 1511 2314 1608 jura,
2345 1522 2422 1583 et
2448 1510 2713 1596 munia,
2755 1530 2836 1585 ac
2875 1512 3018 1587 he-

896 1646 1131 1715 not-es,
1187 1620 1581 1713 facultates„
1620 1628 1983 1724 privilegia
2035 1638 2112 1701 et
2163 1628 2456 1723 quaevis
2491 1628 2624 1699 alia
2659 1626 3022 1716 obtinere,

894 1744 1077 1818 tueri
1130 1756 1204 1818 et
1258 1760 1611 1832 exercere,
1652 1762 1836 1842 quae
1867 1744 2068 1840 Juxta
2107 1758 2204 1818 ss.
2247 1742 2568 1819 Canones
2601 1756 2676 1818 et
2705 1744 3018 1841 Aposto-

889 1864 1061 1939 licas
1094 1864 1639 1938 constitutiones
1681 1862 1795 1935 alii
1831 1883 1960 1959 per
1993 1884 2116 1935 eas
2151 1860 2472 1958 regiones
2511 1860 2844 1959 Episcopi
2887 1886 3016 1937 01·-

894 1980 1163 2053 dinarie
1196 1976 1712 2077 praeseferunt,
1751 1979 1980 2075 iisque
2014 1978 2322 2073 gaudent
2349 1992 2562 2074 atque
2598 1977 3020 2075 defungun-

892 2112 1031 2173 tur.
1092 2098 1391 2173 Proinde
1444 2090 1728 2195 proprio
1773 2099 1930 2194 jure
1982 2094 2340 2195 libereque
2373 2109 2596 2194 queat
2653 2116 2874 2196 super
2923 2102 3007 2173 iis

892 2217 1221 2293 omnihus
1268 2232 1343 2292 et
1384 2218 1678 2315 singulis
1707 2217 1920 2292 modo
1951 2216 2368 2290 memoratis
2401 2236 2486 2287 ea
2515 2214 2772 2301 facere,
2805 2239 3002 2314 gere-

842 2428 849 2435 ·
891 2358 994 2421 re,
1034 2334 1554 2421 admlnistrare‚
1596 2334 1976 2431 inquirere,
2021 2332 2398 2406 decernere
2433 2354 2516 2406 ac
2550 2334 3006 2431 exequutioni

890 2455 1251 2540 mandare,
1280 2468 1461 2549 quae
1488 2474 1615 2547 per
1640 2470 1880 2525 sacros
1905 2448 2228 2525 Canones
2255 2462 2334 2524 et
2361 2450 2794 2545 Apostolicas
2823 2445 3006 2525 Con-

886 2572 1293 2645 stitutiones
1320 2568 1690 2665 Episcopis
1725 2568 1796 2639 in
1827 2566 2144 2664 proprias
2183 2564 2558 2657 Ecclesiae,
2603 2566 3000 2656 Dioeeeses,

886 2702 1101 2789 atque
1128 2688 1389 2765 incolas
1414 2682 1838 2775 concredita,
1869 2686 2782 2786 attributaffiommissaque
2807 2699 3004 2776 sunt,

885 2809 1203 2905 itemque
1230 2806 1577 2903 synodum
1618 2802 2150 2893 Dioeeaeanam,
2188 2804 2496 2903 quando,
2535 2818 2610 2881 et
2645 2808 3002 2902 quomodo

886 2925 950 2998 ei
1002 2926 1333 3022 expedire
1388 2925 1619 2997 visum
1661 2922 1897 3008 fuerit,
1938 2942 2355 3010 convocare,
2415 2935 2630 3022 atque
2667 2946 3006 3021 peragere

884 3041 1367 3141 reliquamque
1394 3042 1818 3117 ordinariam
1843 3038 2402 3137 jurisdictionem
2431 3051 2506 3115 et
2537 3040 3004 3116 administra-

884 3160 1149 3233 tionem
1173 3182 1543 3247 ·exercere3
1578 3168 1794 3233 cauto
1829 3168 2110 3230 tantum
2145 3178 2236 3229 ne
2269 3158 2432 3253 quis
2469 3178 2698 3231 novus
2735 3154 3004 3233 Gonai-

881 3276 1197 3351 vesensis
1246 3272 1643 3373 Episcopus
1685 3284 1854 3349 ante
1889 3294 2060 3347 suae
2097 3274 2648 3347 consecrationis
2697 3272 3002 3369 Episco-

878 3392 1055 3489 palis
1108 3394 1628 3491 susceptionem
1677 3414 1889 3487 super
1927 3390 2364 3486 propositam
2417 3390 2552 3465 sihi
2605 3386 2996 3467 Ecclesiam

879 3511 1173 3610 ejusque
1210 3508 1603 3587 Dioecesim
1669 3510 2022 3583 ullatenus
2081 3508 2506 3583 ordinariam
2561 3510 3000 3607 jurisdictio-

878 3652 1043 3704 nem
1098 3642 1547 3728 praesumere
1600 3628 1712 3703 vel
1763 3650 2090 3703 exercere
2143 3628 2426 3701 audeat.

1026 3746 1177 3821 lam
1240 3768 1409 3822 vero
1470 3747 1557 3821 ad
1620 3766 1882 3822 novam
1948 3742 2490 3820 Gonaivesensis
2527 3746 2998 3844 Episcopatus

876 3860 1361 3943 fundationem
1424 3876 1926 3963 posteramque
1991 3862 2550 3939 incolumitatem
2616 3877 2692 3939 et
2753 3866 2998 3938 incre-

870 3999 1195 4089 mentum
1232 3998 1461 4059 ratam
1502 3995 1577 4056 et
1612 4004 1827 4079 quam
1863 3979 2140 4077 plenius
2177 3996 2540 4079 acceptam
2579 4004 2734 4057 esse
2760 3982 3000 4057 decer-

868 4106 1105 4179 nimus
1156 4128 1277 4179 eas
1352 4102 1830 4179 commendati
1883 4098 2216 4175 Gubernii
2271 4096 2556 4175 Haitani
2637 4099 2994 4199 religiosas

878 4222 1291 4317 sponsiones
1318 4221 1406 4296 ad
1434 4220 1617 4296 hanc
1652 4220 1730 4294 S.
1769 4218 2026 4295 Sedem
2065 4218 2390 4295 consulto
2423 4218 2838 4316 perhibitus,
2875 4242 2998 4293 sa-

868 4338 1253 4415 tisfaciendi
1284 4362 1547 4437 nempe
1597 4360 1825 4437 usque
1879 4338 1968 4413 ad
2001 4340 2499 4413 necessitatem
2535 4350 2614 4412 et
2647 4347 2994 4434 opportu-
