3317 5267
847 389 984 458 662

754 494 768 508 “
851 502 1142 574 vissima
1179 495 1578 574 illa‘cadant
1611 498 1888 602 divinae
1926 495 2313 590 sapientiae
2347 495 2433 570 ad
2480 517 2683 593 reges
2723 498 2957 572 verba:

851 643 885 688 «
945 615 1292 706 Quoniam
1343 615 1506 688 data
1557 627 1670 687 est
1719 636 1762 686 a
1814 612 2117 686 Domino
2193 623 2511 706 potestas
2565 612 2769 687 vobis
2798 665 2821 699 ,
2890 623 2965 686 et

849 759 884 806 n
945 735 1168 806 virtus
1202 731 1290 804 ab
1343 731 1730 817 Altissimo,
1766 731 1889 826 qui
1944 730 2402 826 interrogabit
2436 753 2653 826 opera
2696 743 2958 812 vestra,

795 839 806 858 '
850 879 890 922 »·
943 865 1018 924 et
1069 850 1528 947 cogitationes
1583 848 2039 935 scrutabitur-3
2092 848 2429 944 quoniam
2480 871 2647 922 cum
2712 848 2971 922 essetis

849 993 884 1038 »
947 966 1248 1040 ministri
1285 971 1482 1062 regni
1535 965 1745 1050 illiue,
1787 987 1931 1040 non·
1981 977 2172 1040 recte
2224 964 2617 1050 iudicastis,
2656 987 2789 1038 nec
2842 989 2971 1038 cu·-

851 1113 884 1156 »
945 1087 1259 1160 stodistis
1309 1086 1536 1181 legem
1591 1085 1929 1170 iustitiae,
1990 1107 2218 1180 neque
2268 1085 2659 1160 secundum
2716 1084 2972 1158 volun-

851 1230 884 1272 »
949 1215 1169 1275 tatem
1223 1201 1351 1274 Dei
1403 1201 1849 1288 ambulastis3
1900 1201 2247 1274 horrende
2300 1215 2374 1274 et
2408 1203 2549 1278 cito
2598 1201 2973 1298 apparebit

849 1345 882 1388 »
945 1318 1144 1394 vobis
1177 1371 1202 1406 ,
1253 1320 1584 1416 quoniam
1670 1318 2005 1394 iudicium
2088 1318 2549 1394 durissimum
2628 1319 2741 1392 his
2770 1369 2793 1404 ,
2848 1319 2973 1414 qui

847 1466 890 1508 s
943 1449 1306 1535 praesunt,
1335 1438 1484 1524 fiet,
1521 1440 1776 1534 exiguo
1828 1438 2019 1511 enim
2044 1439 2467 1520 conceditur
2495 1437 2973 1512 misericordia

853 1583 885 1626 n
946 1565 1272 1652 potentes
1308 1567 1548 1631 autem
1584 1556 1915 1652 potenter
1948 1566 2310 1629 tormenta
2358 1556 2716 1652 patientur
2750 1580 2787 1623 ι
2842 1551 2961 1652 (ἢ.

837 1674 1080 1770 Atque
1133 1675 1352 1748 etiam
1401 1695 1648 1748 omnes
1702 1695 2023 1748 summos
2078 1671 2437 1770 Principes
2490 1675 2785 1760 maiore,
2824 1697 2969 1768 qua

847 1815 1249 1891 possumus,
1323 1794 1540 1867 animi
1612 1791 1853 1866 Nostri
1923 1805 2178 1868 conten
2190 1793 2381 1866 tione
2454 1792 2829 1890 hortamur
2900 1803 2977 1866 et

843 1933 1202 2008 rogamus,
1255 1919 1337 1984 ut
1371 1910 1745 2005 aliquando
1796 1908 2209 2006 intelligere,
2252 1911 2847 1996 animadvertere,
2888 1931 2973 1984 ac

831 2049 1138 2101 noscere
1191 2026 1428 2106 velint·
1461 2025 1645 2122 quod
1702 2024 1968 2121 populi,
2028 2048 2191 2099 cum
2242 2049 2285 2099 a
2332 2026 2783 2102 sanctissima
2828 2050 2975 2108 no-

843 2156 994 2219 stra
1063 2142 1428 2238 religione,
1500 2143 1793 2238 eiusque
1860 2141 2154 2216 salutari
2222 2143 2569 2230 doctrina,
2644 2157 2863 2240 atque
2932 2166 2975 2216 a

843 2261 1082 2336 debita
1133 2283 1299 2354 erga
1353 2257 1606 2346 Deum,
1664 2260 1957 2355 eiusque
2010 2258 2427 2347 Ecclesiam,
2466 2271 2545 2333 et
2575 2259 2771 2357 leges
2811 2258 2971 2334 obe—

841 2377 1134 2463 dientia,
1165 2386 1241 2450 et
1291 2399 1334 2448 a
1369 2375 1586 2450 libera
1623 2398 1787 2450 cum
1826 2375 1963 2450 hac
1998 2371 2073 2448 S.
2115 2375 2303 2450 Sede.
2332 2377 2967 2456 communicatione

843 2495 1066 2569 amoti
1128 2492 1420 2578 fuerint,
1481 2506 1636 2566 tum
1702 2491 2311 2588 perniciosissimis
2374 2493 2771 2590 quibusque
2836 2515 2967 2568 er·-

846 2609 1148 2698 roribus,
1205 2610 1532 2704 vitiisque
1583 2610 2082 2705 depravantur,
2138 2621 2214 2684 et
2266 2612 2518 2686 iccirco
2568 2611 2835 2696 evenit,
2881 2621 2963 2684 ut

850 2729 1064 2803 iidem
1116 2725 1384 2823 populi,
1413 2725 1667 2800 timore
1706 2737 1823 2809 et⁸
1848 2725 2113 2820 pietate
2168 2748 2333 2822 erga
2384 2713 2613 2802 Deum
2667 2725 2967 2812 sublata,

843 2844 1187 2940 suavique
1239 2842 1596 2936 religionis
1645 2843 1812 2938 iugo
1844 2854 2093 2928 exuto,
2132 2854 2207 2924 et
2239 2844 2449 2939 plane
2482 2843 2763 2928 abiecta
2802 2843 2977 2920 obe-

827 2962 1136 3048 dientia,
1163 2983 1372 3058 ‚quae
1425 2957 1598 3047 Deo,
1654 2959 1947 3056 eiusque
2000 2959 2363 3036 Ecclesiae
2412 2975 2489 3038 et
2539 2963 2813 3059 legibus
2874 2989 2977 3039 o-

847 3081 1094 3157 mnino
1163 3079 1485 3165 debetur,
1562 3079 1634 3150 in
1704 3076 2119 3163 effrenatam
2194 3079 2503 3168 vivendi,
2578 3083 2971 3181 agendique

827 3196 1208 3283 ,licentiam
1261 3197 1516 3270 misere
1569 3194 2055 3291 prolabantur,
2108 3193 2185 3270 et
2236 3195 2679 3283 ambulantes
2714 3223 2975 3276 secun-

845 3315 1016 3390 dum
1091 3337 1220 3387 sua
1291 3314 1629 3388 desideria
1672 3315 1772 3386 'in
1841 3313 2327 3409 impietatibus
2415 3316 2968 3394 dominationem

834 3441 1217 3528 spernant,
1275 3432 1725 3506 maiestatem
1779 3428 2299 3526 blasphement,
2354 3443 2427 3506 et
2478 3443 2725 3508 contra
2770 3431 2975 3505 Prin-

843 3549 1036 3646 cipes
1091 3548 1462 3642 insurgant
1513 3546 1755 3643 eisque
1806 3543 2087 3621 obedire
2135 3562 2489 3639 recusent.

995 3669 1076 3756 ln
1129 3689 1408 3744 summa
1465 3689 1632 3742 vero
1686 3667 1903 3740 animi
1957 3667 2192 3742 Nostri
2248 3672 2607 3756 moesti-tia
2652 3669 2749 3748 ob
2802 3681 2965 3741 tan-

814 3799 989 3860 jam
1066 3787 1414 3861 malorum
1487 3787 1931 3882 congeriem„
1992 3809 2175 3882 quae
2247 3785 2429 3874 vos,
2521 3786 2971 3872 venerabiles

811 3905 1156 3992 ‚Fratres,
1213 3916 1291 3978 et
1341 3903 1580 3978 fideles
1630 3926 1841 3991 curae
1896 3915 2173 3978 vestrae
2222 3905 2961 4002 commissosprcmit,

1003 4173 1094 4256 (Ἴ
1129 4175 1268 4256 Sap.
1324 4145 1484 4237 ose.
1529 4191 1590 4240 v.
1640 4171 1697 4234 4,
1752 4169 1809 4234 5.
1854 4170 1912 4232 6.
1953 4170 2013 4232 7.
