3317 5267
2295 445 2430 520 601

304 559 479 637 blica
535 557 907 634 Antistites
960 579 1145 634 nunc
1208 557 1573 654 degentes,
1638 569 1717 632 et
1749 577 1786 630 a
1845 557 2060 633 Nobis
2113 571 2442 656 postmo-

301 680 476 754 dum
526 677 1029 764 instituendos,
1074 695 1465 774 eorumque
1516 693 1994 764 successores,
2039 684 2116 750 et
2151 674 2441 754 Clerum
2503 733 2517 744 .

299 796 708 871 universum
761 813 1137 870 monemus
1167 846 1188 881 ,
1240 805 1459 893 atque
1510 795 1583 866 in
1638 791 1943 872 unnim
1991 795 2366 872 hortamur
2411 849 2434 886 ,

302 929 384 992 ut
436 918 821 1015 praemissa
872 917 1111 992 omnia
1164 913 1247 990 ad
1304 915 1645 991 maiorem
1705 913 1830 989 Dei
1885 917 2210 1014 gloriam,
2247 913 2434 993 San-

298 1045 454 1108 ctae
508 1031 863 1108 Ecclesiae
922 1033 1311 1107 utilitatem
1350 1083 1373 1119 ,
1428 1033 1979 1130 animarumque
2035 1030 2336 1110 salutem
2389 1055 2433 1110 a

304 1146 519 1226 Nobis
568 1151 853 1226 decreta
892 1151 961 1224 in
1000 1151 1113 1239 iis,
1154 1169 1336 1249 quae
1390 1149 1477 1224 ad
1531 1151 1734 1248 ipsos·
1762 1151 2154 1248 pertinent,
2191 1153 2436 1228 sedulo

300 1267 817 1367 diligenterque
869 1279 1276 1356 ser-ventur,
1334 1287 1730 1366 omnesque
1783 1267 2276 1366 cogitationes,
2311 1293 2442 1346 cu-

298 1404 417 1460 ras
445 1434 467 1476 ‚
520 1385 810 1480 consilia
840 1441 861 1477 ,
918 1399 1367 1484 conatusque
1418 1385 1793 1464 conferant
1825 1397 1987 1474 „..ut
2050 1388 2438 1465 catholicae

296 1505 664 1582 doctrinae
712 1505 1005 1604 puritas,
1058 1506 1279 1580 divini
1330 1505 1569 1580 cultus·
1619 1507 1814 1587 nitor
1843 1558 1864 1594 ,
1921 1506 2438 1584 ecclesiastieae

294 1623 705 1720 disciplinae
760 1607 1097 1731 splendor
1136 1674 1158 1711 ,
1214 1617 1572 1700 Ecclesiae
1624 1621 1870 1721 legum
1926 1623 2371 1720 observantia
2412 1676 2434 1714 ‚

297 1760 721 1840 morumque
758 1742 1095 1838 honestas
1122 1743 1193 1818 in
1220 1743 1296 1818 S.
1328 1741 1716 1819 Salvatoris
1755 1742 2210 1842 Reipublicae
2239 1740 2440 1818 Chri-

294 1857 711 1934 stifldelibus
780 1849 1006 1955 magis
1068 1859 1437 1958 magisque·
1490 1857 1860 1958 refulgeat.
1939 1857 2420 1938 Desmontes

292 1975 583 2052 easdem
644 1987 1056 2074 praesentes
1118 1976 1425 2054 Litteras
1480 1977 1676 2052 nullo
1739 1999 2051 2078 unquam
2107 1991 2438 2078 tempore

293 2097 385 2172 de
434 2097 935 2198 subreptionis,
991 2108 1066 2172 et
1114 2097 1577 2195 obreptionis,
1630 2109 1758 2173 aut
1817 2095 2166 2174 nullitatis
2217 2101 2423 2188 vitio,

296 2216 404 2289 vel
456 2215 873 2302 intentionis
924 2215 1254 2305 Nostrae,
1296 2227 1435 2291 aut
1485 2216 1623 2293 alio
1676 2238 2125 2318 quocumque
2179 2241 2429 2316 quan-

293 2335 563 2438 tumvis
616 2357 901 2432 magno,
959 2345 1083 2408 aut
1138 2334 1613 2432 inexcogitato
1665 2333 1952 2412 defectu
2003 2337 2264 2424 notari,
2307 2347 2432 2410 aut

288 2443 689 2550 impugnari
744 2446 979 2550 posse,
1036 2451 1161 2526 sed
1214 2473 1499 2549 semper
1546 2449 1816 2542 firmas,
1849 2453 2135 2541 validas,
2175 2463 2250 2528 et
2286 2453 2434 2527 effi·

288 2577 492 2647 caces'
546 2571 878 2658 existere,
918 2581 991 2645 et
1026 2567 1175 2647 fore
1214 2591 1527 2670 suosque
1563 2570 1944 2669 plenarios,
1985 2585 2060 2648 et
2111 2571 2430 2672 integros

290 2685 591 2763 effectus'
620 2687 889 2775 sortiri,
928 2697 999 2762 et
1039 2686 1388 2776 obtinere,
1432 2687 2039 2764 etinviolabiliter
2064 2687 2430 2766 observari

288 2803 578 2894 debere,
635 2826 1005 2904 quousque
1052 2805 1519 2891 conditiones,
1568 2815 1645 2879 et
1695 2817 1903 2902 pacta
1960 2807 2036 2879 in
2087 2805 2428 2884 Tractatu

292 2941 628 3022 expressa
664 2929 1063 2997 serventur.
1108 2919 1259 2995 Non
1299 2919 1745 2996 obstantibus
1780 2919 2424 2998 constitutionibus

294 3041 717 3140 Apostolicis
747 3037 1228 3138 synodalibuS,
1241 3037 1813 3135 provincialibus,
1827 3037 2421 3114 etuniversalibus

293 3157 622 3234 Conciliis
652 3157 887 3243 editis,
933 3153 1397 3255 generalibus,
1430 3154 1543 3228 vel
1568 3153 1986 3254 specialibus
2019 3153 2428 3252 Ordinatio-

294 3276 531 3363 nibuS‚
588 3299 669 3351 ac
706 3275 981 3352 Nostris
1020 3286 1093 3350 et
1130 3273 1601 3350 cancellariae
1657 3272 2098 3371 Apostolieae
2133 3274 2420 3374 regulis,

290 3371 709 3496 praesen-tini
764 3395 851 3468 de
907 3395 1055 3468 iure
1108 3392 1429 3491 quaesito
1496 3373 1641 3465 non
1694 3390 2006 3482 tollendo
2034 3445 2055 3481 ,
2096 3412 2228 3467 nec
2279 3413 2422 3467 non

294 3533 905 3611 quarumcumque
964 3506 1466 3595 Ecclesiarum,
1508 3505 2029 3605 capitulorum,
2085 3509 2423 3585 aliorum-

291 3652 431 3728 que
482 3627 759 3726 piorum
818 3625 1133 3702 locorum
1194 3622 1750 3714 fundationibus,
1790 3625 2008 3700 etiam
2042 3623 2422 3701 confirma-

294 3746 485 3819 tione
544 3742 995 3841 Apostolica,'
1026 3739 1137 3814 vel
1180 3737 1455 3837 'quavis
1492 3739 1828 3814 firmitate
1883 3739 2014 3814 alia
2041 3739 2416 3829 roboratis,

292 3862 675 3964 privilegiis
727 3883 1006 3962 quoque
1060 3859 1377 3948 indultis,¹
1413 3845 1487 3934 et
1540 3857 1830 3935 Litteris
1884 3857 2304 3957 Apostolicis
2339 3861 2411 3933 in

292 3983 726 4059 contrarium
780 3977 1308 4078 quomodolibet
1359 3979 1739 4069 concessiS,
1821 3977 2284 4066 confirmatis,
2339 3991 2417 4052 et

288 4099 670 4186 innovatis,
730 4096 1133 4193 ceterisque·
1174 4092 1543 4170 contrariis
1596 4093 2184 4194 quibuscumque.
2233 4092 2417 4186 Qui-

290 4219 423 4294 bus
478 4215 805 4294 omnibus
844 4227 920 4289 et
954 4215 1247 4312 singulis
1284 4213 1559 4290 illorum
1614 4229 1897 4291 tenores
1946 4235 2080 4323 pro
2115 4233 2411 4311 expres-

612 4356 619 4365 .
686 4334 741 4361 ὼ
788 4344 800 4359 ο
897 4320 907 4337 ”
1793 4341 1800 4355 ·
1939 4339 1951 4376 ι
2095 4353 2104 4362 ·
2171 4358 2208 4369 ..
