3317 5267
881 445 1022 515 502

877 585 1134 658 magno
1186 561 1540 638 Ecclesiae
1592 561 2003 657 adjumento
2064 583 2348 656 semper
2397 559 2685 650 fuerint,
2740 562 3009 639 haere-

877 678 1178 753 ticorum
1233 690 1446 776 atque
1497 677 2396 776 improborum-hominum
2432 681 2617 769 odia,
2657 681 3019 757 bonorum

878 819 1048 871 vero
1101 797 1707 871 existimationem
1760 818 2221 893 amoremque
2273 795 2409 869 sibi
2444 797 3011 874 conciliaverint.

1032 913 1096 1006 §.
1167 917 1240 986 2.
1307 911 1507 986 Pauli
1567 913 1663 986 nl
1737 911 2099 988 Pontificis
2170 911 2461 986 Maximi
2537 916 3017 990 antecessoris

875 1029 1113 1106 Nostri
1171 1055 1341 1106 voce
1401 1032 1751 1106 excitatus
1812 1033 2270 1106 christianam
2336 1031 2545 1106 fldem
2611 1033 2883 1129 primus
2940 1034 3016 1104 in

878 1144 1250 1243 Japoniam
1307 1147 1548 1220 intulit
1599 1169 1787 1222 anno
1839 1147 2198 1221 MDXLIX
2252 1159 2541 1221 sanctus
2594 1147 2649 1221 F
2654 1149 3018 1223 ranciscus

877 1259 1224 1338 Xaverius
1279 1265 1509 1360 gentis
1563 1265 1747 1338 illius
1802 1267 2165 1362 apostolus
2221 1266 2475 1340 merito
2528 1276 3010 1362 nuncupatus,

879 1403 1179 1477 eamque
1231 1380 1378 1454 fere
1430 1381 1717 1456 biennio
1770 1383 2293 1479 praedicatioue
2345 1396 2422 1456 et
2458 1383 2811 1456 miraculis
2846 1406 3013 1456 con-

876 1496 1210 1586 firmavit,
1268 1499 1586 1572 adductis
1641 1499 1729 1571 ad
1781 1522 1938 1572 eam
1994 1523 2085 1572 ex
2122 1499 2317 1574 omni
2352 1499 2727 1573 hominum
2764 1499 3015 1574 ordine

882 1637 1098 1711 quam
1148 1615 1494 1713 plurimis.
1561 1616 1871 1690 Maxima
1938 1620 2008 1691 in
2072 1619 2317 1692 eadem
2385 1619 2745 1714 provincia
2805 1620 3015 1715 peri—

880 1734 1036 1808 cula
1089 1757 1170 1808 ac
1223 1734 1670 1809 difficultates
1733 1737 2050 1832 perpessi
2112 1746 2350 1832 patres
2402 1736 2777 1810 Societatis
2838 1734 3015 1809 Jesu

879 1851 1167 1946 grandia
1220 1853 1544 1950 incoepta
1597 1854 1977 1949 grandibus
2025 1855 2481 1928 incrementis
2508 1853 3001 1929 nobilitarunt.

881 1969 1194 2068 Regibus
1246 1971 1514 2068 aliquot
1565 1984 1641 2045 et
1692 1973 2218 2069 provinciarum
2270 1972 2687 2068 potentibus
2740 1971 3009 2046 Christi

872 2088 1122 2185 jugum
1177 2091 1606 2186 imposuere,
1664 2103 1808 2164 tres
1860 2113 1949 2166 ex
2008 2093 2093 2164 iis
2146 2090 2480 2166 Oratores
2536 2091 2842 2164 Romam
2887 2091 3015 2164 de·

875 2207 1138 2283 duxere
1179 2212 1498 2306 agnitum
1538 2223 2095 2308 veneratumque
2129 2219 2133 2224 ’
2168 2208 2587 2306 Gregorium
2626 2207 2785 2282 xm
2818 2233 3014 2308 prac-

879 2325 1322 2402 decessorem
1363 2327 1701 2402 Nostrum
1758 2325 2025 2401 Christi
2060 2322 2343 2401 Domini
2388 2326 2729 2402 vicarium
2766 2327 2839 2400 in
2870 2338 3016 2400 ter-

877 2442 1004 2530 ris,
1057 2444 1172 2516 cui
1223 2468 1300 2518 se
1351 2466 1657 2541 suosque
1712 2444 2201 2540 subjiciebant.
2274 2443 2623 2517 Ecclesias
2688 2443 3013 2540 pluribus

881 2560 954 2631 in
1008 2561 1242 2656 regnis
1291 2560 1705 2646 fundarunt,
1760 2563 2160 2635 excitarunt
2208 2562 2526 2658 collegia,
2582 2562 2867 2636 scholas
2900 2562 3015 2634 in-

877 2676 1266 2752 stituerunt
1315 2691 1392 2752 et
1443 2679 1843 2752 seminaria.
1904 2678 2179 2752 Interea
2244 2678 2509 2752 Faxiba
2572 2678 2885 2775 vulgaris
2920 2677 3011 2752 ho

876 2815 1027 2881 mo,
1079 2794 1202 2891 qui
1253 2806 1502 2891 postea
1553 2793 2191 2885 Quambacundoni
2246 2797 2537 2870 titulum
2588 2819 2671 2871 ac
2704 2797 3011 2892 denique

882 2910 1336 2987 Taicosamae
1389 2915 1526 2988 sibi
1579 2915 1835 2988 indidit
1888 2937 2180 3002 nomen,
2234 2939 2441 3011 reges
2466 2913 2617 2988 fere
2652 2937 2905 2988 omnes
2926 2935 3013 2986 ac

875 3032 1229 3128 principes
1289 3033 1423 3106 sibi
1485 3035 1702 3108 armis
1766 3033 2100 3130 subjecit,
2164 3035 2712 3131 universamque
2777 3032 3015 3129 Japo—

877 3152 1068 3226 niam
1105 3153 1401 3248 imperio
1439 3154 1837 3248 occupavit.
1878 3151 2146 3226 Oderat
2180 3152 2294 3226 ille
2332 3152 2789 3228 christianam
2826 3173 3007 3234 rem,

877 3272 1004 3347 scd
1069 3273 1171 3344 uti
1233 3271 1517 3346 fortuna
1575 3271 1827 3346 doctus
1896 3282 1973 3344 et
2043 3270 2224 3358 foro,
2302 3295 2493 3345 nunc
2562 3269 3008 3346 dissimulare

871 3390 1444 3486 progressionem
1497 3391 1651 3485 ejus
1683 3442 1704 3479 ,
1759 3391 1933 3463 alias
1968 3414 2215 3464 severe
2241 3390 2639 3486 prohibere,
2668 3391 2844 3466 alias
2892 3411 3005 3464 res

875 3508 1290 3602 permittere
1341 3506 1847 3584 Lusitanorum
1902 3509 2311 3582 institorum
2368 3509 2617 3604 gratia.

1031 3626 1096 3719 §.
1155 3630 1228 3702 3.
1289 3627 1492 3702 Anno
1559 3625 2084 3704 MDLxxxvll
2144 3629 2289 3702 suis
2354 3626 2683 3703 omnibus
2744 3623 3007 3700 Christi

872 3743 1090 3820 fidem
1145 3747 1538 3834 interdixit,
1590 3758 1831 3844 patres
1882 3746 2257 3822 Societatis
2310 3745 2481 3820 Jes‘u
2530 3746 2803 3842 reliquo
2837 3767 3007 3840 pro·-

869 3863 1160 3960 scripsit
1211 3865 1538 3960 imperio,
1592 3862 2067 3960 Nangasachii
2114 3865 2497 3940 consistere
2534 3875 2825 3960 propter
2858 3861 3007 3936 Lu·-

872 3983 1140 4057 sitanos
1200 3983 1550 4078 permisit.
1607 3979 1853 4054 Palam
1906 3980 2001 4054 ibi
2053 3979 2250 4057 fuere
2302 3981 2834 4078 quamplurimi,
2874 3979 3001 4056 scd

872 4120 1038 4172 cum
1093 4097 1330 4174 nullus
1380 4099 1616 4195 regnis
1678 4098 1813 4174 illis
1874 4099 2323 4184 excessisset,
2390 4099 2639 4195 reliqui
2702 4101 3005 4197 sparsim
