3317 5267
854 421 997 494 630

854 537 1243 613 secundum
1309 531 1692 611 Ecclesiae‘
1741 543 1912 609 vota
1973 555 2056 607 ea
2119 554 2616 631 perageremus
2667 555 2850 630 quae
2901 533 2988 607 ad

860 657 1261 754 augendum
1288 653 1633 753 Deiparae
1670 652 1976 750 Virginis
2003 651 2274 730 cultum
2301 654 2989 748 pertinerent,utque

856 771 1493 846 excellentissimae
1547 771 1736 845 illius
1790 770 1994 844 dotes
2048 780 2122 842 et
2172 768 2428 844 collata
2463 769 2808 846 divinitus
2859 770 2994 866 pri-

854 889 1133 985 vilegia,
1191 863 1404 986 at⁴que
1459 899 1880 964 ornamenta
1931 887 2242 962 fidelium
2301 884 2522 962 oculis
2573 888 2830 964 clarius
2885 891 3001 961 ni·-

856 1018 1246 1094 tescerent3
1301 1030 1442 1105 qua
1495 1008 1583 1082 de
1636 1029 1848 1082 causa
1891 1027 2159 1081 novum
2213 1005 2771 1080 ecclesiasticum
2823 1005 2998 1079 Offi-

854 1123 1071 1211 cium,
1102 1145 1512 1221 novamque
1551 1123 1844 1199 Missam
1880 1120 2460 1220 approbavimuS,
2491 1133 2573 1196 ut
2607 1121 3000 1197 solemnius
3121 1215 3127 1220 ἢ

855 1239 1333 1314 celebraretur
1364 1240 1628 1315 festum
1658 1239 2122 1314 Beatissimae
2151 1236 2456 1335 Virginis
2483 1240 2640 1314 sine
2659 1237 2824 1312 labe
2863 1241 3000 1314 ori-

856 1357 1069 1456 ginali
1122 1369 1540 1454 conceptae3
1599 1371 1818 1456 atque
1869 1359 1970 1431 ita
2020 1377 2278 1432 arcano
2325 1356 2454 1431 Dei
2505 1357 2800 1434 consilio
2853 1379 3000 1432 non

860 1474 1285 1548 intermissis
1328 1473 1738 1572 hujusmodi
1775 1473 1966 1547 curis
2021 1473 2136 1546 via
2189 1473 2716 1570 quodammodo
2769 1475 2996 1546 sterni

858 1593 1009 1666 visa
1062 1605 1173 1668 cst
1224 1593 1312 1667 ad
1365 1592 1688 1668 solemne
1749 1592 2097 1667 edendum
2159 1593 2526 1667 decretum
2567 1642 2588 1680 ,
2654 1593 2842 1690 quod
2903 1593 3003 1667 dc

856 1707 1319 1784 immaculato
1349 1707 1700 1806 Deiparae
1749 1722 2103 1804 conceptu
2165 1721 2562 1783 memorata
2613 1709 2728 1782 die
2779 1719 3000 1806 atque

859 1847 1046 1899 anno
1092 1825 1746 1922 pronunciavimus.
1792 1823 2300 1898 Verumtamen
2355 1824 2692 1922 quoniam
2747 1824 3002 1899 neces-

856 1942 1121 2017 sarium
1176 1964 1335 2016 esse
1386 1942 1726 2016 novimus
1765 1955 1846 2017 ut
1881 1964 2046 2016 cum
2081 1941 2234 2038 lege
2269 1943 2600 2016 credendi
2654 1942 2771 2018 lex
2823 1967 3002 2020 con-

858 2061 1101 2133 veniat
1152 2059 1635 2157 supplicandi,
1675 2061 1928 2135 iccirco
1981 2083 2071 2134 eo
2117 2081 2320 2134 curas
2357 2057 2650 2134 Nostras
2701 2083 3008 2134 conver-

860 2179 1077 2253 timus
1114 2193 1195 2252 ut
1232 2201 1499 2254 novum
1536 2181 1960 2254 conderetur
1987 2179 2311 2253 Officium
2351 2202 2516 2254 cum
2555 2201 2746 2254 nova
2781 2179 3000 2255 Missa

858 2309 1007 2370 tam
1063 2299 1134 2370 in
1203 2297 1457 2396 vigilia
1499 2351 1520 2387 ‚
1604 2298 1726 2374 ubi
1778 2321 2115 2373 concessa
2167 2309 2280 2370 est
2319 2351 2340 2384 ,
2405 2319 2628 2394 quam
2683 2297 2760 2371 in
2812 2296 2994 2374 festo

860 2416 1359 2490 immaculatae
1413 2415 1918 2513 Conceptionis
1959 2469 1981 2506 ,
2036 2414 2292 2514 quibus
2347 2415 2857 2512 singula-haec
2903 2399 2992 2488 ex'

860 2531 1102 2604 ordine
1155 2532 1584 2620 recolantur,
1650 2545 1727 2606 et
1776 2532 2191 2607 faustissimi
2257 2544 2557 2606 eventus
2610 2531 2836 2608 series
2887 2532 2998 2607 fu:-

862 2648 1040 2722 turis
1066 2648 1137 2720 in
1165 2660 1537 2745 posterum
1570 2649 1924 2724 aetatibus
1953 2649 2377 2725 innoteseat.
2411 2647 2752 2725 Jamvero
2778 2673 2999 2748 quum

858 2765 1269 2862 hujusmodi
1322 2789 1501 2862 opus
1556 2765 1645 2839 ad
1711 2777 2039 2862 optatum
2103 2766 2378 2841 exitum
2431 2767 2857 2862 perductum
2907 2767 3000 2841 sit

858 2897 1340 2960 memoratum
1390 2886 1718 2961 Officium
1751 2938 1772 2975 ,
1827 2887 2264 2984 Missamque
2309 2886 2864 2982 respondentem
2915 2888 3004 2962 de

858 3001 1154 3076 consilio
1206 3002 1585 3099 peculiaris
1626 3000 2212 3100 Congregationis
2265 3002 2642 3077 Sacrorum
2699 3001 3000 3077 Rituum

864 3119 952 3193 ad
1004 3119 1073 3194 id
1126 3121 1453 3217 apposite
1491 3143 1618 3216 per
1653 3120 1800 3195 Nos
1834 3121 2218 3216 deputatae
2267 3119 2690 3194 auctoritate
2741 3117 3002 3196 Nostra

866 3236 1271 3332 Apostolica
1334 3237 1872 3334 approbandum
1935 3237 2535 3310 existimavimus.
2601 3236 2854 3333 ltaque
2913 3238 3002 3312 de

868 3359 1187 3454 ejusdem
1240 3355 1827 3455 congregationis
1877 3358 2167 3433 consilio
2199 3409 2220 3446 ,
2275 3370 2472 3432 certa
2523 3359 2818 3434 scientia
2843 3411 2865 3444 ,
2921 3383 3004 3432 ac

869 3485 1149 3550 matura
1202 3474 1709 3549 deliberatione
1745 3473 2002 3548 Nostra
2039 3475 2230 3560 idem
2263 3472 2617 3562 Officium,
2672 3474 3004 3548 Missam-

850 3612 1007 3688 ·que
1060 3588 1305 3662 Officio
1356 3592 1914 3687 respondentem
1954 3642 1978 3679 ‚
2032 3613 2164 3665 nec
2215 3613 2360 3665 non
2412 3613 2542 3687 pro
2591 3591 2763 3666 locis
2801 3643 2826 3680 ‚
2881 3589 3004 3664 uhi

726 3763 733 3770 .
866 3719 979 3780 est
1030 3701 1391 3795 concessa,
1444 3707 1732 3782 Missam
1801 3732 1958 3806 pro'
1990 3707 2242 3806 vigilia
2295 3709 2792 3785 immaculatae
2829 3707 3006 3786 Con-

846 3827 1214 3922 ceptionis
1240 3827 1661 3900 auctoritate
1691 3827 1946 3902 Nostra
2001 3826 2408 3925 Apostolica
2435 3851 2566 3924 per
2591 3843 3003 3926 praesentes

867 3941 1177 4018 Litteras
1230 3945 1641 4042 probamuS‚
1699 3947 2090 4043 eademque
2165 3947 2592 4022 auctoritate
2647 3951 3003 4045 praecipi—

870 4082 1032 4133 mus
1063 4113 1086 4147 ,
1138 4074 1219 4134 ut
1275 4060 1408 4136 hoc
1461 4063 1666 4136 unice
1727 4061 2050 4136 Officium
2106 4077 2182 4136 et
2231 4063 2516 4137 Missam
2573 4065 3004 4162 quicumque

868 4181 957 4254 de
1010 4177 1215 4256 Claro
1270 4181 1637 4270 saeculari,
1693 4195 1770 4256 et
1822 4181 2147 4280 regulari,
2189 4207 2328 4258 non
2375 4183 2681 4258 exclusis
2731 4183 3007 4259 Monit-
