3317 5267
836 415 979 486 554

828 551 959 606 seu
1010 527 1345 606 methodo
1383 582 1405 617 ,
1462 551 1543 604 ac
1594 529 1744 604 suis
1795 527 2364 605 conclusionibus
2423 525 2532 602 uti
2567 577 2590 613 ,
2657 523 2844 598 sicut
2889 533 2970 596 et

830 645 1007 720 aliae
1058 645 1422 734 scientiae,
1460 669 1545 720 ac
1596 647 1659 720 si
1711 643 1867 742 ejus
1901 644 2192 720 libertas
2245 643 2672 721 consisteret
2721 639 2798 713 in
2832 637 2971 712 hoc

831 785 961 840 suo
1015 763 1177 860 jure
1227 763 1521 851 utendo,
1563 763 1664 836 ita
1700 773 1783 837 ut
1819 761 1996 836 nihil
2047 763 2120 836 in
2175 785 2256 838 se
2305 761 2744 844 admitteret,
2781 751 2974 853 quod

834 905 979 956 non
1028 878 1243 956 fuerit
1293 879 1383 954 ab
1438 882 1587 978 ipsa
1640 881 1786 956 suis
1823 880 2343 958 conditionibus
2381 877 2812 977 acquisitum
2845 882 2976 946 aut

833 999 1048 1078 fuerit
1074 1001 1207 1098 ipsi
1238 1001 1573 1078 alienum.
1608 1001 1748 1076 Sed
1786 1001 1962 1076 haec
1994 1001 2190 1097 justa
2232 996 2722 1098 philosophiae
2755 993 2976 1068 liher-

836 1128 1139 1194 tassuos
1174 1117 1441 1194 limites
1492 1141 1782 1194 noscere
1815 1129 1896 1194 et
1921 1118 2230 1216 experiri
2281 1113 2518 1192 dehet.
2591 1111 2976 1208 Nunquam

840 1235 1029 1312 enim
1058 1259 1199 1310 uon
1226 1235 1459 1310 solum
1488 1233 1934 1333 philosophe,
1959 1256 2218 1311 verum
2237 1234 2456 1308 etiam
2484 1225 2976 1329 philosophiae

833 1350 1099 1440 licebit,
1154 1365 1281 1425 aut
1330 1353 1590 1449 aliquid
1642 1356 2078 1428 contrarium
2133 1351 2366 1426 dicere
2418 1350 2506 1422 iis
2555 1369 2740 1445 quae
2801 1342 2980 1420 divi-

834 1490 927 1541 na
956 1468 1331 1556 revelatio,
1358 1464 1439 1542 et
1472 1468 1792 1544 Ecclesia
1841 1469 2080 1557 docet,
2119 1481 2244 1544 aut
2281 1466 2543 1566 aliquid
2575 1487 2666 1540 ex
2701 1463 2974 1538 eisdem

836 1585 909 1658 in
959 1584 1253 1660 dubium
1306 1609 1585 1674 vocare,
1636 1587 2201 1684 proptereaquod
2253 1609 2398 1662 non
2457 1582 2815 1680 intelligit,
2851 1587 2978 1654 aut

831 1701 1174 1798 judicium
1228 1725 1369 1778 non
1424 1703 1808 1800 suscipere,
1841 1704 2032 1800 quod
2082 1701 2444 1780 Ecclesiae
2479 1700 2866 1778 auctoritas
2887 1696 2976 1772 de

838 1819 1071 1917 aliqua
1122 1819 1608 1916 philosophiae
1662 1820 2140 1910 conclusione,
2212 1844 2396 1920 quae
2462 1819 2833 1914 hucusque
2885 1813 2978 1888 li·-

838 1935 1009 2012 bera
1044 1951 1223 2026 erat,
1261 1936 1577 2034 proferre
1609 1939 2008 2014 constituit.
2053 1937 2348 2015 Accedit
2383 1937 2629 2024 etiam,
2669 1945 2755 2010 ut
2787 1933 2976 2008 idem

844 2053 1109 2129 Auctor
1158 2053 1641 2152 philosophiae
1696 2055 2131 2146 libertatem,
2185 2079 2314 2136 seu
2377 2057 2614 2153 potius
2674 2051 2978 2128 effrena·

842 2183 991 2244 tam
1044 2170 1403 2248 licentiam
1459 2185 1609 2247 tam
1661 2174 1947 2262 acriter,
2005 2183 2156 2248 tam
2209 2186 2483 2250 temere
2551 2178 2974 2270 propugnet,

844 2297 929 2360 ut
978 2288 1271 2364 minime
1327 2301 1655 2366 vereatur
1707 2313 2046 2380 asserere,
2106 2289 2498 2366 Ecclesiam
2551 2312 2694 2366 non
2747 2287 2976 2364 solum

844 2425 989 2481 non
1042 2403 1301 2482 debere
1354 2407 1427 2480 in
1466 2407 1988 2505 philosophiam
2025 2431 2342 2508 unquam
2377 2409 2976 2490 animadvertere,

844 2543 1093 2596 verum
1147 2525 1363 2598 etiam
1412 2524 1670 2600 debere
1723 2524 1946 2622 ipsius
1997 2525 2490 2624 philosophiae
2521 2524 2832 2603 tolerare
2867 2545 2980 2597 er-

844 2661 1067 2727 rores,
1122 2641 1331 2738 eique
1382 2641 1780 2740 relinquere
1833 2656 1918 2717 ut
1975 2643 2132 2740 ipsa
2185 2667 2262 2718 se
2299 2643 2630 2742 corrigat,
2685 2665 2780 2718 ex
2839 2662 2982 2739 quo

850 2757 1119 2848 evenit,
1174 2769 1256 2833 ut
1308 2757 1712 2858 philosophi
1773 2760 1958 2836 hanc
2022 2761 2512 2860 philosophiae
2571 2759 2974 2835 libertatem

848 2876 1247 2953 necessario
1310 2877 1763 2975 participent,
1826 2891 2044 2978 atque
2105 2879 2206 2954 ita
2265 2879 2482 2954 etiam
2541 2878 2678 2976 ipsi
2739 2875 2834 2952 ab
2901 2901 2982 2952 o·

848 2992 1001 3066 mni
1051 2992 1207 3092 lege
1256 2995 1648 3072 solvantur.
1704 2995 1970 3096 Ecquis
2023 3022 2168 3076 non
2223 2999 2416 3074 videt
2477 3019 2696 3097 quam
2761 2995 2984 3070 vehe-

848 3121 1131 3186 menter
1188 3111 1285 3187 sit
1344 3113 1744 3208 rejicienda,
1807 3115 2273 3214 reprobanda,
2345 3127 2423 3190 et
2484 3113 2780 3191 omnino
2840 3113 2984 3186 da·-

850 3228 1163 3304 mnanda
1224 3229 1629 3326 hujusmodi
1695 3233 2288 3310 Frohscharnmer
2347 3233 2704 3309 sententia
2773 3241 2988 3328 atque

849 3345 1211 3426 doctrina?
1264 3349 1551 3426 Etenim
1604 3351 1922 3430 Ecclesia
1971 3379 2062 3430 ex
2111 3355 2352 3431 divina
2385 3378 2516 3431 sua
2537 3353 2984 3430 institutione

852 3477 929 3542 et
978 3466 1257 3544 divinae
1308 3469 1469 3544 fidei
1516 3471 1920 3570 depositum
1999 3473 2358 3570 integrum
2427 3471 2986 3569 inviolatumque

852 3583 1387 3682 diligentissime
1436 3593 1819 3679 custodire,
1873 3603 1948 3667 et
2003 3592 2402 3666 animarum
2455 3588 2666 3666 saluti
2701 3609 2986 3664 summo

848 3702 1083 3778 studio
1132 3703 1345 3778 debet
1396 3707 1843 3782 continenter
1893 3706 2308 3806 advigilare,
2365 3728 2452 3781 ac
2499 3727 2782 3782 summa
2819 3727 2991 3780 cura

856 3841 941 3894 ea
990 3820 1229 3896 omnia
1280 3843 1613 3898 amovere
1665 3837 1740 3897 et
1789 3823 2182 3912 eliminare,
2239 3844 2426 3922 quae
2479 3822 2593 3898 vel
2635 3819 2800 3896 fidei
2861 3821 2990 3894 ad-

852 3937 1147 4027 versari,
1203 3938 1319 4013 vel
1370 3939 1770 4014 animarum
1825 3939 2126 4015 salutem
2164 3939 2418 4038 quovis
2457 3939 2672 4014 modo
2707 3939 2782 4011 in
2835 3937 2987 4012 dis-

849 4053 1117 4128 crimen
1169 4053 1514 4130 adducere
1566 4067 1892 4154 possunt.
1948 4055 2292 4147 Quocirca
2327 4055 2648 4132 Ecclesia
2701 4079 2804 4132 ex
2857 4078 2991 4152 po-

850 4181 1111 4247 testate
1169 4172 1303 4248 sihi
1365 4197 1409 4248 a
1487 4175 1729 4250 divino
1797 4199 1926 4251 suo
2007 4173 2310 4252 Auctore
2379 4175 2760 4252 commissa
2837 4195 2978 4247 non
