3317 5267
778 2571 860 2650 'N

903 471 1050 546 496

903 588 1226 674 inseruit,
1305 595 1677 683 permanet
1744 583 2069 680 gloriosa,
2145 582 2515 660 brachium
2552 583 2703 661 ·Dei
2758 589 3051 685 praedi-

901 729 1074 780 cans
1125 703 1562 802 generationi
1615 711 1984 776 venturae.
2038 698 2105 777 Ο
2159 723 2327 776 vere
2382 701 2727 780 mirabilis
2807 703 3039 791 Deus,

902 825 1025 920 qui
1052 825 1122 896 in
1153 821 1346 898 omni
1376 820 1828 894 tribulatione
1858 818 2128 896 solatur
2160 818 2641 896 humilitatem
2668 821 3041 912 Nostram,

909 965 1140 1040 neque
1195 938 1480 1017 timidos
1533 937 1679 1014 Nos
1744 937 1977 1014 reddit
2030 960 2069 1010 a
2124 934 2303 1012 facie
2354 938 2806 1014 inimicorum
2872 964 3053 1014 suo-

911 1081 1100 1146 rum,
1173 1058 1340 1155 quia
1377 1055 1767 1131 Nobiscum
1820 1065 1957 1141 est,
2014 1065 2095 1128 ut
2146 1055 2477 1131 universa
2554 1081 3055 1156 quaecumque

905 1177 1058 1274 ipse
1113 1173 1554 1248 mandaverit
1603 1171 1787 1246 clare
1840 1181 2231 1268 aperteque
2284 1171 2689 1270 loquamur.

1061 1295 1128 1390 §.
1187 1297 1314 1368 48.
1369 1291 1553 1368 Nulli
1607 1293 1819 1366 liceat
1870 1291 2205 1388 paginam
2262 1291 2448 1368 hanc
2500 1293 2801 1369 Nostrae
2864 1294 3053 1370 defi-

907 1413 1222 1500 nitionis»,
1277 1411 1568 1498 decreti,
1627 1409 1941 1482 mandati
1994 1431 2077 1481 ac
2160 1407 2545 1484 voluntatis
2596 1411 2987 1510 infringere
3016 1449 3045 1507 3

885 1535 968 1621 ‚si
1023 1531 1184 1630 quis
1232 1539 1474 1606 autem
1521 1527 1819 1602 voluerit
1860 1527 2243 1604 temerario
2279 1550 2461 1602 ausu
2490 1532 2873 1616 contraire,
2929 1529 3045 1603 vel

909 1659 1264 1724 attentare
1315 1645 1896 1741 praesumpserit,
1928 1643 2486 1740 indignationem
2522 1647 3049 1741 omnipotentis

911 1764 1042 1840 Dei
1095 1778 1170 1838 et
1229 1772 1642 1836 sanctorum
1700 1759 1895 1834 Petri
1947 1769 2021 1834 et
2077 1757 2273 1836 Pauli
2330 1760 2831 1857 Apostolorum
2886 1763 3053 1858 ejus

911 1909 988 1960 se
1051 1879 1334 1958 noverit
1369 1880 1848 1954 incursurum.

1067 1998 1334 2073 Datum
1389 1994 1663 2072 Romae
1715 1995 1901 2092 apud
1956 1992 2298 2071 Sanctum
2328 1996 2621 2072 Petrum
2676 1995 2887 2072 Anno
2926 1996 3049 2070 ln·-

913 2119 1341 2198 carnationis
1395 2113 1805 2193 Dominicae
1857 2111 2385 2204 MDCCCLXll,
2426 2115 2519 2192 Vl
2574 2115 2751 2192 Idus·
2812 2117 3047 2193 Julius

914 2237 1378 2314 Pontii-leatus
1431 2230 1675 2308 Nostri
1732 2231 1934 2308 Anno
1988 2229 2207 2312 Xvn.

919 2477 1016 2572 ᾖ
1070 2469 1226 2570 Ego
1279 2466 1446 2542 Pius
1501 2439 1907 2542 Catholicae
1960 2467 2316 2547 Ecclesiae
2370 2467 2795 2565 Episcopus.
