3317 5267
909 451 1058 524 476

911 565 1098 664 tigit,
1137 563 1382 641 mundi
1433 562 1705 640 deliciis
1790 559 2223 658 divitiisque,
2298 559 2555 659 quihus
2638 557 2973 637 affluebat
2998 613 3027 648 ‚

907 683 1192 778 spretis,
1245 680 1534 776 majoris
1583 676 2035 776 perfectionis
2082 679 2323 754 studio
2346 680 2677 758 incensus
2720 677 3031 754 finti-mn

911 798 1424 876 fra-eiscalium
1475 797 2053 874 discalceatorum
2104 793 2443 870 Ordinem
2482 795 2857 892 amplexus
2880 807 3023 868 est.

867 997 874 1004 ,
911 915 1284 1014 Tyrocinio
1333 924 1624 1010 peracto
1714 923 1947 990 totum
2008 935 2087 990 se
2138 912 2553 1008 theologicis
2632 911 3027 1008 disciplinis

905 1033 1506 1130 concionandique
1529 1031 1811 1106 muneri
1838 1031 2035 1106 dedit
2057 1049 2345 1106 summo
2374 1031 2773 1107 animarum
2802 1051 3031 1128 quae·-

899 1161 1049 1225 stu.
1107 1149 1472 1228 Nonnullis
1523 1148 1881 1226 coenobiis
1932 1150 2006 1225 in
2056 1147 2395 1245 Hispania
2446 1147 2777 1244 praefuit.
2867 1146 3025 1224 Hoc

904 1267 1130 1344 officio
1183 1267 1560 1344 Emeridae
1592 1268 1669 1341 in
1740 1265 2259 1342 Extremadura
2337 1263 2763 1363 fungebatur
2792 1317 2817 1353 ,
2852 1285 3024 1340 cum

905 1408 1092 1460 anno
1141 1381 1534 1460 MDLXXX
1584 1394 1929 1482 sequutus
1980 1395 2093 1458 est
2142 1383 2431 1458 fratrem
2506 1381 2901 1458 Antonium
2982 1405 3025 1453 a

903 1515 1150 1578 sancto
1201 1502 1561 1601 Gregorio,
1619 1503 1743 1600 qui
1794 1503 1867 1574 in
1923 1500 2346 1598 Philippinis
2422 1500 2671 1578 insulis
2740 1521 3023 1574 sacram

903 1620 1315 1696 missionem
1367 1618 1811 1697 instituebat.
1870 1617 2007 1692 Ubi
2056 1617 2313 1692 Mexici
2364 1639 2526 1692 oras
2578 1617 2819 1714 attigit
2844 1639 3025 1691 con-

905 1737 1158 1812 sistere
1203 1737 1443 1832 jussus
1491 1734 2081 1829 disjunctissimas
2144 1734 2423 1830 imperii
2494 1732 2679 1808 illius
2740 1731 2899 1808 fere
2948 1758 3023 1810 o·

903 1877 1110 1930 mnes
1136 1855 1460 1951 regiones
1487 1854 1913 1950 peragravit,
1943 1853 2381 1950 fratrumque
2408 1875 2697 1928 suomm
2722 1852 3019 1948 provin-

898 1974 1084 2048 ciam
1135 1995 1176 2047 a
1228 1983 1474 2048 sancto
1551 1970 1813 2046 Didaco
1880 1969 2229 2044 fundavit.
2320 1969 2575 2068 Magno
2662 1971 3017 2044 virtutum

902 2092 1224 2168 omnium
1255 2089 1809 2186 ‚sapientiaeque
1860 2087 2065 2163 laude
2141 2087 2679 2163 commendatus
2712 2138 2735 2174 ,
2828 2111 3015 2164 anno

903 2205 1390 2283 MDLXXXlll
1425 2206 1518 2282 ad
1549 2203 1989 2302 Philippinas
2026 2205 2311 2278 tandem
2348 2203 2809 2301 appuliuillas
2833 2227 3015 2302 pene

901 2345 1150 2401 omnes
1201 2323 1408 2398 nudis
1459 2321 1783 2419 pedibus,
1838 2333 1924 2394 ut
1958 2319 2231 2394 animas
2268 2316 2551 2396 Christo
2586 2321 3005 2408 lucraretur,

899 2442 1251 2518 lustravit.
1309 2439 1675 2537 Philippus
1725 2441 1789 2514 11
1840 2438 2335 2537 Hispaniarum
2390 2462 2519 2514 rex
2596 2441 3013 2537 episcopum

902 2558 1104 2632 illum
1155 2559 1228 2633 in
1300 2554 1717 2653 Philippinis
1798 2556 2318 2653 designaverat,
2398 2557 2523 2632 sed
2576 2579 2619 2628 a
2690 2553 2847 2631 Deo
2922 2557 3013 2630 ad

900 2678 1175 2774 majora
1223 2686 1516 2752 vocatus
1565 2673 1887 2750 Meacum
1942 2686 2258 2748 venerat.

1055 2795 1119 2888 ς.
1212 2796 1326 2864 10.
1411 2789 1860 2891 Guipuzcoa‚
1942 2791 2323 2888 Hispaniae
2399 2793 2593 2889 regio
2620 2843 2644 2882 ,
2716 2790 3011 2868 fratrem

913 2908 1312 2987 Martinam.
1347 2907 1440 2982 ab
1518 2906 1947 2984 Ascensione
2016 2910 2263 3012 genuit
2339 2930 2525 2983 anno
2586 2904 3005 2984 MDvau.

899 3028 1188 3106 Litteris
1239 3049 1620 3126 sacraeque
1701 3028 2097 3125 theologiae
2188 3029 2261 3103 in
2332 3027 2591 3104 celebri
2666 3025 3011 3124 Complu-

899 3146 1090 3219 tensi
1185 3144 1652 3220 universitate
1741 3166 2031 3240 operam
2116 3143 2313 3218 dedit
2340 3197 2359 3216 .
2456 3143 2661 3218 Anno
2746 3144 3005 3218 aetatis

899 3285 1073 3338 suae
1120 3261 1661 3357 undevigesimo
1696 3262 2013 3338 severius
2062 3262 2291 3338 sancti
2328 3260 2385 3339 F
2388 3261 2679 3338 rancisci
2714 3263 3007 3338 institu-

903 3389 1060 3452 tum
1111 3389 1484 3474 sequutus,
1537 3379 1907 3475 posteriori
1959 3399 2145 3454 anno
2214 3378 2643 3459 solemnibus
2692 3381 2883 3455 votis
2918 3405 2999 3456 se

903 3493 1053 3570 Deo
1105 3492 1509 3571 obstrinxit.
1569 3494 1909 3572 Sacenlos
1958 3495 2251 3575 effectus
2300 3497 2489 3570 vitae
2564 3497 2951 3594 asperitate
2982 3551 3005 3588 ,

901 3613 1182 3691 assiduo
1231 3615 1478 3690 orandi
1545 3626 1622 3689 et
1647 3615 2105 3692 concionandi
2141 3640 2274 3693 usu
2325 3637 2575 3692 omnes
2610 3618 2699 3692 ad
2751 3619 2999 3692 virtu--

901 3743 1048 3809 tem
1103 3731 1472 3809 alliciebat.
1529 3732 1610 3806 ln
1662 3735 1881 3811 sacris
1934 3733 2391 3812 missionibus
2442 3746 2671 3811 totam
2706 3733 2857 3810 fere
2893 3737 3007 3809 in-

893 3849 1206 3928 credibili
1257 3851 1654 3928 animamm
1707 3849 1943 3932 fructu
1994 3852 2217 3926 vitam
2268 3854 2595 3950 peregit:
2672 3854 2999 3930 ethnicas

895 3968 1362 4064 barbarasque
1413 3991 1574 4044 oras
1605 3969 1911 4049 lustrare
1940 3971 2013 4046 in
2068 3971 2253 4046 votis
2304 3969 2636 4048 habebat.
2680 3969 2995 4069 Compos

899 4087 1190 4164 effectus
1243 4083 1454 4162 Petro
1521 4085 1718 4162 Ortiz
1794 4109 1885 4163 ex
1936 4088 2183 4164 eadem
2262 4087 2652 4168 franciscali
2730 4088 3001 4164 familia
