3317 5267
2330 440 2477 509 :343

959 521 1206 638 rius
1265 546 1898 641 EPISCOPUSx

1063 934 1279 981 atavus
1321 934 1626 981 SRRVOBUU
1671 934 1765 979 DE!

963 1176 1032 1219 ‚w
1075 1174 1404 1221 murnum
1452 1174 1544 1220 nm
1589 1146 1893 1227 uauoam‘i

227 1598 236 1603 ,
364 1418 802 1603 proprium
856 1502 993 1579 fuit
1046 1525 1332 1599 semper
1369 1502 1851 1579 Romanorum
1889 1498 2313 1578 Pontificum
2342 1506 2483 1577 im·-

360 1648 578 1722 pensa
631 1624 1096 1699 sollicitudine
1149 1647 1365 1721 super
1399 1625 1769 1697 universae
1808 1619 2210 1697 Catholicae
2244 1622 2479 1699 Eccle-

363 1745 514 1817 siae
549 1742 816 1819 honum
855 1743 1253 1839 advigilare,
1291 1754 1375 1815 ut
1401 1743 1671 1839 integra
1699 1740 1787 1814 ab
1816 1740 2169 1838 Apostolis
2196 1726 2545 1841 acceptaN

365 1861 683 1935 doctrina
723 1870 1048 1934 servetur
1107 1872 1184 1932 et
1243 1856 1701 1946 diffundatur,
1769 1882 1849 1933 ac
1913 1856 2483 1935 Christifidelium

361 1976 982 2053 commoditatibus
1048 1976 1478 2050 consulatur.
1543 1976 1722 2053 Hinc
1784 1976 1927 2052 Nos
1990 1977 2123 2072 ipsi
2186 1977 2485 2051 assiduis
2516 1960 2577 2019 s

364 2096 618 2170 studiis
670 2116 760 2167 ex
813 2117 980 2192 quo,
1033 2092 1200 2167 licet
1251 2094 1614 2182 immeriti,
1671 2096 1760 2169 ad
1811 2094 1995 2169 hanc
2046 2094 2245 2168 Beati
2287 2092 2481 2167 Petri

364 2212 624 2287 Sedem
661 2214 888 2286 evecti
926 2212 1188 2285 fuimus
1240 2234 1522 2309 semper
1574 2213 2161 2299 adlaboravimu3‚
2200 2236 2289 2285 ne
2328 2209 2479 2285 Do·-

363 2330 598 2406 ninico
675 2331 924 2405 alendo
977 2332 1166 2429 gregi
1233 2332 1498 2407 alacres
1575 2344 2185 2429 congruentesque
2262 2332 2481 2403 dees-

363 2460 526 2521 sent
581 2444 912 2521 Pastores
964 2448 1084 2544 qui
1137 2446 1334 2521 illum
1389 2449 1474 2523 ad
1527 2448 1914 2524 salubriora
1966 2472 2223 2545 pascua
2258 2449 2484 2521 duce-

363 2578 525 2639 rent
563 2618 583 2651 ,
665 2587 894 2662 eaque
953 2566 1187 2641 omnia
1249 2570 1765 2643 constituerent
1797 2620 1816 2655 ,
1884 2590 2065 2665 quae
2116 2566 2205 2640 ad
2258 2566 2480 2640 divini

363 2684 595 2758 cultus
625 2684 1072 2780 majestatem
1110 2687 1504 2784 augendam
1543 2701 2046 2782 aeternamque
2082 2686 2480 2758 animarum

365 2801 664 2875 salutem
721 2801 1267 2897 comparandam
1305 2801 1578 2877 facilius
1613 2803 2005 2877 conducere
2046 2822 2253 2896 posse
2283 2799 2481 2873 vide-

365 2928 600 2990 antur.
653 2916 993 3009 Peculiari
1048 2930 1287 2991 autem
1343 2918 1578 2991 studio
1629 2917 1914 2991 connixi
1954 2914 2217 2989 fuimus
2272 2914 2343 2985 in
2398 2914 2483 2987 iis

365 3032 696 3109 omnibus
747 3032 1010 3130 ubique
1049 3044 1396 3107 terrarum
1433 3034 1941 3129 componendis
1981 3045 2055 3105 et
2082 3030 2485 3105 ordinandis

365 3174 548 3247 quae
585 3151 672 3224 ad
701 3151 1046 3247 majorem
1075 3152 1296 3247 ipsius
1325 3150 1556 3247 gregis
1607 3151 2008 3226 custodiam
2038 3173 2217 3246 opus
2253 3160 2481 3235 erant,

369 3290 452 3341 ac
480 3289 842 3364 nunquam
873 3267 1278 3342 destitimus
1305 3266 1763 3365 Episcopales
1792 3268 1995 3341 sedes
2023 3268 2483 3353 constituere,

367 3388 648 3483 quoties
685 3388 754 3458 in
796 3382 1100 3461 Domino
1131 3386 1603 3483 judicavimus
1641 3386 1891 3459 melius
1920 3386 2055 3461 hoc
2084 3384 2296 3461 modo
2331 3385 2485 3483 ple-

367 3502 532 3579 bem
587 3504 718 3577 sibi
771 3504 1117 3579 creditam
1184 3528 1392 3602 posse
1447 3529 1487 3578 a
1541 3502 1988 3579 Praesulibus
2042 3506 2113 3579 in
2162 3502 2483 3600 justitiae

371 3622 648 3695 semitis
701 3622 1069 3696 contineri.

534 3740 680 3815 Hac
734 3741 1004 3817 ratione
1055 3742 1246 3815 ducti
1302 3740 1733 3838 perlibenter
1780 3742 2247 3839 cognovimus
2301 3737 2485 3812 Bai—-

369 3866 578 3930 tanae
619 3856 1070 3954 Reipublicae
1109 3858 1179 3929 in
1219 3856 1432 3931 lndiis
1471 3856 2022 3932 occidentalibus
2052 3854 2486 3929 Gubernium

371 3976 694 4071 apprime
744 3988 1110 4072 exoptare,
1155 3986 1233 4049 ut
1269 3976 1610 4049 suadente
1662 3998 1897 4050 rerum
1954 3974 2484 4072 opportunitate

369 4094 612 4191 plures
639 4117 728 4167 ex
757 4094 842 4167 iis
867 4092 1142 4190 oppidis
1169 4092 1631 4167 conficiantur
1642 4092 2015 4167 Dioecesee
2041 4090 2488 4167 Provinciam

373 4210 941 4287 Ecclesiasticam
993 4211 1514 4307 compositurae
1542 4262 1564 4299 ,
1621 4210 2057 4306 totidemque
2112 4208 2479 4283 habiturae
