3317 5267
885 438 1028 508 492

909 597 914 602 ‚
1039 551 1104 644 §.
1165 555 1286 623 41.
1349 550 1707 628 Absolutis
1786 551 2115 626 omnibus
2186 573 2371 647 quae
2449 573 2537 625 ex
2596 545 3017 628 'catholicae

877 669 1216 744 ecclesiae
1269 670 1638 768 disciplina
1688 681 1763 744 et
1792 669 2197 744 novissimis
2224 670 2845 766 praedecessorum
2870 671 3017 746 No-

883 797 1194 860 strorum
1249 785 1554 860 decretis
1609 786 1959 882 explenda
2008 802 2237 872 erant,
2294 787 2485 882 quod
2548 807 2773 860 unum
2853 787 3019 860 reli·

883 927 1106 1002 quum
1159 905 1524 990 extiterat,
1579 904 1849 1000 jejunia
1885 915 1959 976 et
1995 903 2311 998 publicas
2336 928 2585 1001 preces
2620 903 3015 979 indiximus

885 1039 1162 1118 unaque·
1213 1043 1374 1095 cum
1430 1022 1689 1096 dilecta
1739 1020 1943 1116 plebe
1996 1019 2141 1096 Nos
2192 1021 2325 1117 ipsi
2378 1021 2779 1104 humillima
2840 1033 3015 1096 vota

882 1139 956 1210 in
987 1137 1566 1234 patriarchalibus
1605 1136 2103 1224 Lateranensi,
2147 1135 2485 1210 Vaticana
2540 1149 2619 1210 et
2650 1133 3031 1210 Liberiana

880 1253 1186 1332 basilicis
1221 1253 1495 1329 Nostris
1551 1253 1951 1328 obtulimus
2004 1251 2179 1338 Deo,
2230 1264 2311 1326 ut
2360 1254 2601 1327 lumen
2640 1275 2812 1328 suae
2876 1277 3017 1325 vo-

883 1373 1178 1454 luntatis
1237 1372 1456 1448 Nobis
1507 1375 1580 1446 in
1618 1385 1769 1446 tam
1809 1373 2005 1469 gravi
2045 1372 2401 1468 arduoque
2438 1373 2733 1468 negotio
2757 1381 3013 1465 osten-

876 1487 1050 1560 dere
1105 1489 1542 1584 dignaretur.

1039 1603 1106 1698 §.
1166 1609 1289 1676 42.
1345 1603 1500 1680 Non
1563 1607 1793 1681 multo
1840 1619 2029 1702 post,
2068 1606 2297 1680 idibus
2350 1627 2609 1701 nempe
2646 1607 2815 1680 maii
2855 1605 3015 1682 vol-

883 1722 1118 1794 ventis
1171 1721 1367 1806 anni,
1441 1724 1943 1798 consistorium
2015 1721 2375 1819 publicum
2427 1723 3007 1808 convocavimus,

885 1836 961 1908 in
1047 1859 1190 1932 quo
1279 1835 1576 1912 dilectus
1637 1838 1821 1912 filius
1894 1837 1949 1912 F
1954 1838 2311 1913 ranciscus
2396 1837 2685 1912 Mor-silli
2762 1859 3009 1912 saetae

881 1954 1382 2030 consistorialis
1461 1957 1658 2031 aulae
1732 1957 2135 2032 Advocatus
2180 2009 2200 2042 ,
2280 1957 2662 2051 impetrata
2738 1979 2780 2029 a
2860 1955 3011 2031 No-

881 2070 992 2146 bis
1047 2074 1278 2162 venia,
1309 2075 1397 2148 de
1447 2076 1788 2172 martyrio
1822 2085 1899 2148 et
1938 2073 2293 2147 miraculis
2344 2070 2571 2145 xxm
2613 2096 2703 2146 ex
2738 2071 3005 2148 Ordine

886 2188 1184 2264 fratrum
1265 2188 1785 2266 franciscalium
1814 2203 1887 2264 et
1927 2190 2026 2264 ΙΙΙ
2062 2202 2453 2287 martyrum
2490 2189 2533 2262 J
2538 2191 3005 2286 aponensium

883 2305 1258 2382 Societatis
1309 2308 1482 2384 Jesu
1531 2311 1809 2385 locutus
1862 2319 1997 2382 est.
2084 2309 2269 2382 Tum
2318 2331 2361 2380 a
2413 2308 2629 2384 Nobis
2688 2321 3007 2384 statutus

887 2435 1002 2496 est
1051 2427 1137 2500 ad
1190 2426 1374 2500 hanc
1421 2426 2045 2502 Canonizationem
2102 2426 2569 2522 peragendam
2622 2449 2827 2502 sacer
2888 2427 3003 2500 ille

879 2540 1054 2626 dies,
1111 2564 1253 2637 quo
1292 2543 1596 2637 Spiritus
1635 2543 1939 2618 Sanetus
1977 2541 2333 2638 Apostolis
2368 2542 2687 2616 omnium
2726 2542 3007 2640 lingua·

880 2683 1036 2734 rum
1093 2662 1466 2736 scientiam
1523 2664 1742 2748 dedit,
1798 2687 1941 2760 quo
1994 2662 2333 2738 miraculo
2386 2673 2629 2738 sancta
2664 2663 2999 2760 designa·

873 2775 1084 2852 hatur
1119 2777 1430 2852 Ecclesia
1469 2781 1719 2856 eodem
1746 2781 2001 2876 spiritu
2024 2779 2295 2875 repleta
2320 2780 2643 2854 omnium
2668 2781 2995 2876 gentium

879 2919 1054 2971 voce
1104 2898 1451 2973 locutura.

1033 3015 1100 3108 ς.
1159 3018 1283 3088 43.
1343 3015 1440 3088 Ut
1493 3039 1661 3093 vero
1712 3041 1795 3092 ea
1848 3040 2139 3114 pompa,
2192 3039 2379 3114 quae
2449 3039 2580 3113 par
2634 3027 2813 3103 erat,
2872 3041 3001 3092 so-

876 3135 1130 3210 lemnis
1181 3135 1314 3208 iste
1365 3134 1594 3210 bonor
1644 3137 2074 3234 martyribus
2154 3137 2225 3208 in
2293 3134 2633 3210 Vaticana
2708 3133 3003 3210 basilica

877 3253 1316 3340 redderetur,
1371 3275 1620 3329 omnes
1674 3256 1985 3330 universi
2036 3254 2227 3330 orbis
2264 3252 2657 3350 Episcopos
2708 3267 3003 3348 aposto-

877 3369 1028 3442 licis
1079 3368 1356 3442 Nostris
1433 3369 1719 3442 Litteris
1774 3369 2039 3445 hortati
2080 3391 2328 3444 sumus
2360 3421 2383 3455 ‚
2438 3380 2521 3443 ut
2572 3369 2645 3442 in
2698 3391 2773 3442 re
2848 3381 2999 3442 tam

877 3485 1072 3580 gravi
1123 3485 1414 3558 consilio
1465 3485 1933 3582 precibusque
2012 3487 2099 3560 ad
2162 3485 2389 3560 Deum
2476 3498 2719 3560 essent
2782 3483 3003 3558 Nobis

881 3601 1165 3674 auxilio.
1221 3598 1356 3690 Qui
1405 3624 1570 3674 cum
1623 3603 1890 3698 ingenti
1944 3623 2241 3676 numero
2292 3603 2365 3674 in
2420 3601 2849 3678 consistorio
2874 3625 2995 3676 se-

887 3717 1266 3814 mipublico
1317 3718 1560 3793 habito
1613 3719 1713 3792 lx
1769 3719 1921 3796 Kal.
2000 3720 2152 3814 jun.
2239 3719 2595 3794 volventis
2642 3719 2811 3792 anni
2872 3719 3003 3792 ad-

876 3834 1252 3920 stitissent,
1309 3848 1767 3931 actorumque
1820 3836 2079 3910 seriem
2130 3859 2221 3910 ex
2248 3836 2685 3910 authenticis
2754 3859 2999 3912 sacrae

877 3953 1438 4048 congregationis
1493 3954 1759 4026 rituum
1790 3954 2117 4048 superius
2147 3965 2591 4030 memoratae
2621 3955 3005 4030 documen·

879 4072 996 4158 tis,
1053 4093 1362 4166 quorum
1413 4071 1783 4166 exemplar
1856 4071 2007 4146 dari
2082 4072 2253 4166 ipsis
2282 4073 2746 4167 jusseramus,
2784 4085 3005 4168 atque

875 4213 918 4262 a
961 4189 1176 4264 Nobis
1213 4211 1462 4270 causae
1497 4201 1769 4265 statum
1808 4191 2339 4286 cognovissent,
2375 4189 2729 4264 exultavit
2764 4191 3003 4264 anima

877 4306 1156 4395 Nostra,
1187 4319 1400 4404 atque
1427 4309 1496 4380 in
1525 4305 1827 4384 Domino
1855 4309 2095 4382 laetati
2135 4331 2411 4394 summi,
2440 4308 2559 4381 ubi
2598 4308 3001 4382 audivimus
