3317 5267
2275 430 2406 499 151

308 548 681 633 existunt,
762 545 849 618 ad
904 544 1233 619 effectum
1297 544 1776 640 praesentium
1830 556 2110 621 tantum
2163 568 2417 622 conse-

304 664 667 761 quendum
704 659 957 735 harum
1002 661 1183 735 serie
1219 658 1670 734 absolventes
1724 672 1800 733 et
1849 660 2210 737 absolutos
2261 660 2414 736 fore

298 792 676 857 censentes
704 832 727 869 ,
808 779 897 853 ad
947 776 1285 853 Maiorem
1339 774 1469 851 Dei
1532 775 2064 875 omnipotentis
2115 779 2414 877 gloriam

298 909 377 971 et
432 896 833 973 Catholicae
882 894 1045 969 fidei
1100 896 1618 968 incrementum
1671 893 1874 969 Motu
1922 897 2238 993 proprio,
2287 895 2416 971 de-

298 1038 441 1112 que
467 1014 680 1089 simili
720 1011 1173 1109 Apostolicae
1208 1010 1585 1108 potestatis
1611 1010 2046 1106 plenitudine
2081 1034 2175 1086 ex
2225 1036 2414 1087 nunc

298 1142 514 1227 prout
566 1154 657 1205 ex
724 1140 893 1203 tunc
924 1180 945 1217 ,
1010 1128 1339 1203 videlicet
1383 1150 1553 1203 cum
1603 1128 1920 1224 primum
1977 1129 2416 1235 Tranensem
2495 1212 2502 1219 ,

298 1245 921 1345 Metropolitanam
1000 1244 1391 1321 Ecclesiam
1457 1267 1547 1319 ex
1632 1244 1956 1318 hodierni
2035 1237 2415 1343 Aichiepi—

302 1366 501 1461 scopi
550 1388 854 1463 persona
905 1387 1157 1439 vacare
1209 1364 1587 1460 contigerit
1624 1414 1647 1451 ,
1712 1362 2168 1439 Barolensem
2222 1363 2417 1439 Civi-

302 1490 529 1553 tatem
584 1502 725 1554 una
776 1502 943 1555 cum
996 1481 1149 1555 eius
1200 1480 1393 1553 civili
1430 1480 1812 1567 territorio,
1849 1504 1932 1554 ac
1965 1502 2132 1555 cum
2181 1484 2420 1557 omni-

306 1596 443 1671 bus
522 1608 601 1672 et
664 1598 958 1695 singulis
1020 1596 1267 1672 incolis
1344 1596 1744 1694 quibusque
1805 1597 2140 1673 Ecclesiis
2180 1651 2201 1687 ,
2265 1601 2420 1677 sive

296 1712 715 1811 collegiatis
746 1765 769 1802 ,
824 1716 974 1789 sive
1030 1738 1171 1789 non
1204 1766 1225 1801 ,
1276 1712 1618 1789 Oratoriis
1650 1764 1674 1801 ,
1710 1712 2224 1790 Ecclesiasticis
2275 1716 2424 1791 Be-

304 1832 597 1921 neficiis,
652 1832 1365 1909 Confi-aternitatihus
1394 1887 1415 1922 ,
1481 1833 1762 1931 piisque
1813 1834 2168 1909 Institutis
2197 1886 2220 1923 ,
2275 1834 2424 1911 Μο-

298 1952 658 2040 nasteriis,
716 1949 1089 2027 Coenobiis
1141 1952 1736 2050 quibuscumque,
1793 1952 1946 2027 aliis
1993 1954 2294 2027 annexis
2345 1966 2422 2027 et

302 2070 503 2142 iuxta
551 2069 839 2147 solitum
890 2070 1529 2147 concomitantibus
1581 2070 1992 2145 accessoriis
2029 2069 2120 2144 ab
2161 2069 2414 2145 Eccle-
2523 2107 2525 2109 ·

294 2184 579 2260 siastica
628 2183 841 2261 Curia
892 2186 1236 2261 Tranensi
1286 2187 1576 2284 eiusque
1633 2185 2150 2263 Arehidioeeesi
2202 2187 2415 2284 Apo--

296 2302 549 2379 stolica
602 2302 1039 2379 Auctoritate
1100 2318 1445 2401 perpetuo
1522 2302 2124 2379 dismembramus
2175 2315 2252 2379 et
2299 2330 2418 2381 se·-

298 2424 791 2519 paramus,-ita
827 2435 915 2497 ut
946 2446 1132 2501 nova
1168 2435 1242 2499 et
1274 2424 1613 2499 distincta
1648 2423 1999 2499 confletur
2027 2422 2410 2501 Dioecesis.

302 2538 585 2616 Honore
622 2552 865 2616 autem
905 2542 1117 2617 titulo
1140 2552 1215 2615 et
1243 2539 1606 2639 Dignitate
1644 2540 2237 2641 Archiepiscopali
2274 2542 2422 2617 Ba·-

298 2659 433 2736 roli
476 2657 855 2735 Civitatem
909 2662 1328 2736 decoramus
1364 2657 1740 2735 fruituram
1795 2660 2131 2757 deinceps
2183 2663 2420 2737 omni*

298 2778 435 2853 bus
462 2776 1063 2873 praeeminentiis,
1096 2776 1413 2865 indultis,
1443 2778 1720 2875 gratiis,
1753 2777 2168 2867 honoribus,
2215 2776 2417 2854 favo-

296 2896 521 2984 ribuS,
558 2895 970 2993 privilegiis,
1014 2907 1088 2971 et
1123 2894 1688 2994 quibuscumque
1718 2899 2002 2986 ceteris,
2043 2898 2300 2997 quibus
2339 2899 2415 2971 fi-

296 3017 595 3090 nitimae
622 3015 799 3090 aliae
824 3014 1167 3091 Civitates
1198 3016 1847 3114 Archiepiscopales
1875 3018 2238 3093 communi
2266 3019 2416 3091 iure

295 3144 627 3221 utuntur,
684 3131 1039 3221 fruuntur,
1078 3144 1154 3207 et
1186 3133 1526 3229 gaudent,
1566 3148 1643 3207 et
1677 3131 2417 3229 collegiataSanctae

296 3250 563 3326 Mariae
614 3250 899 3325 Maioris
953 3274 1095 3325 una
1146 3273 1311 3325 cum
1364 3274 1493 3325 suo
1547 3250 1880 3347 Capitulo
1931 3252 2218 3347 penitus
2250 3276 2416 3347 sup-

296 3388 567 3466 pressa,
598 3390 881 3465 unaque
903 3390 1067 3443 cum
1098 3370 1243 3443 suis
1280 3368 1625 3464 insigniiS,
1673 3368 2083 3465 privilegiis,
2124 3388 2413 3463 praero-

296 3484 583 3583 gativis,
638 3484 899 3583 quibus
950 3496 1197 3583 utpote
1253 3482 1639 3582 Collegiata
1691 3506 1922 3581 usque
1958 3485 2189 3559 adhue
2222 3485 2414 3561 frue÷

294 3600 533 3689 batur,
592 3600 950 3691 utebatur,
990 3601 1345 3699 gaudebat
1378 3624 1523 3677 non
1558 3601 1788 3676 solum
1829 3611 2200 3698 tamquam
2237 3602 2416 3677 Col-

295 3719 589 3815 legium,
628 3720 753 3795 sed
789 3730 1157 3819 tamquam
1206 3720 1465 3818 singuli
1516 3743 1645 3795 seu
1698 3717 2074 3817 Dignitarii
2111 3743 2239 3794 seu
2275 3718 2416 3792 Ca-

295 3836 532 3911 nonici
585 3837 1011 3934 penitusque
1060 3839 1398 3913 canonice
1448 3840 1765 3914 extincta
1803 3888 1826 3925 ,
1893 3839 2221 3914 eamdem
2281 3836 2414 3933 Ecss·

294 3954 583 4031 elesiam
620 3955 703 4027 ad
734 3952 1367 4051 Archiepiscopalis
1398 3953 1834 4031 Cathedralis
1869 3954 2158 4029 titulum
2181 3953 2415 4050 digni-

296 4080 663 4167 tatemque
702 4070 1069 4169 erigimus3
1096 4070 1333 4168 ibique
1388 4072 1631 4159 SedeS,
1666 4069 2018 4151 Cathedra
2073 4080 2150 4145 et
2179 4066 2414 4167 Digni-

306 4198 413 4261 tas
432 4184 1083 4285 -Archiepiseopfflis
1108 4189 1525 4267 instituatur
1570 4207 1707 4287 pro
1758 4214 1888 4265 suo
1915 4188 2258 4265 Antistite
2291 4188 2416 4283 qui

298 4303 614 4396 Civitati,
670 4305 1053 4398 Ecclesiae,
1082 4304 1381 4405 Popu10,
1412 4306 1756 4407 Cleroque
1782 4310 2150 4386 universae
2196 4305 2412 4381 Dice-
