3317 5267
866 422 1008 493 118

859 538 1143 634 utrique
1198 534 1533 631 probatis.
1590 530 1942 623 Quoniam
2011 554 2180 609 vero
2243 532 2406 607 huic
2488 537 2794 613 consilio
2855 562 2985 613 seu

858 654 1337 731 commissioni
1387 654 1637 750 aliquis
1691 652 2078 727 catholicus
2129 652 2240 725 vir
2291 676 2618 749 praeesse
2664 653 2982 741 debebit,

861 774 1115 847 iccirco
1162 783 1312 844 tam
1364 769 1798 845 Gubernium
1877 792 2092 866 quam
2147 770 2734 868 Archiepiscopus
2825 773 2984 844 iure

863 888 1153 985 pollebit
1200 889 1635 985 proponendi
1685 910 1834 975 eoS,
1889 912 2068 985 quos
2119 888 2206 961 ad
2257 886 2664 963 huiusmodi
2707 910 2985 963 munus

862 1008 1264 1083 obeundum
1298 1008 1525 1103 magis
1559 1008 1849 1082 idoneos
1891 1006 2323 1081 iudicaverit.
2366 1003 2594 1102 Atque
2627 1006 2742 1079 ille
2778 1028 2982 1101 prae-

865 1125 1037 1199 sidis
1087 1146 1379 1199 munere
1429 1123 1762 1219 fungetur
1802 1175 1822 1210 ,
1877 1124 2000 1219 qui
2053 1134 2203 1195 tam
2257 1144 2298 1193 a
2349 1120 2712 1199 Gubernio
2762 1146 2986 1221 quam

868 1242 961 1315 ab
1014 1239 1552 1337 Archiepiscopo
1602 1240 1878 1314 collatis
1913 1240 2100 1313 inter
2133 1262 2210 1313 se
2245 1239 2558 1313 consiliis
2593 1238 2808 1313 fuerit
2847 1240 2990 1313 ele-

868 1368 1024 1431 ctus
1068 1368 1146 1431 et
1194 1358 1655 1442 nominatus3
1709 1379 1790 1429 ac
1845 1353 2282 1429 Gubernium
2331 1356 2522 1431 hunc
2575 1356 2812 1453 ipsum
2871 1356 2989 1429 vi-

871 1494 1033 1545 rum
1082 1474 1467 1549 constituet
1520 1472 1918 1569 praesidem
1971 1472 2260 1545 alterius
2294 1472 2594 1559 consilii,
2637 1472 2752 1547 cui
2785 1494 2988 1547 com-

872 1593 1175 1667 missum
1224 1601 1338 1665 est
1388 1592 1461 1665 in
1512 1590 1770 1685 Magno
1825 1588 2103 1663 Ducatu
2139 1590 2658 1665 catholicarum
2707 1589 2994 1666 schola-

874 1734 1035 1783 rum
1086 1710 1399 1807 regimen
1442 1762 1465 1796 ,
1520 1732 1601 1781 ac
1652 1708 1864 1781 simul
1909 1706 2076 1783 cura
2124 1709 2548 1783 demandata
2617 1708 2704 1783 de
2781 1708 2990 1783 bonis

874 1827 1473 1927 administrandis,
1526 1849 1708 1922 quae
1763 1828 1837 1899 in
1889 1825 2138 1901 eodem
2189 1824 2446 1923 Magno
2523 1824 2798 1902 Ducatu
2887 1827 2990 1901 rei

878 1944 1267 2020 catholicae
1320 1954 1491 2017 sunt
1524 1944 1907 2017 destinata.

1029 2059 1277 2135 Omnis
1332 2071 1571 2134 autem
1624 2060 1878 2157 agendi
1927 2059 2108 2133 ratio
2161 2082 2290 2132 seu
2341 2057 2719 2133 methodus
2759 2092 2788 2147 ,-
2855 2082 2994 2157 qua

880 2176 1017 2271 boc
1058 2176 1364 2248 mixtum
1398 2175 1769 2251 consilium
1797 2198 1926 2249 seu
1959 2174 2366 2248 commissio
2401 2174 2474 2246 in
2511 2175 2796 2270 proprio
2831 2196 2997 2250 mu-

880 2314 1051 2365 nere
1102 2294 1493 2367 exercendo
1544 2294 1649 2367 uti
1700 2290 2050 2378 debuerit,
2105 2314 2150 2363 a
2198 2289 2556 2365 Guberuio
2609 2304 2686 2364 et
2736 2292 2827 2365 ab
2865 2292 3000 2367 Ar-

886 2410 1330 2508 chiepiscopo
1356 2413 1549 2487 initis
1576 2414 1764 2485 inter
1813 2433 1892 2485 se
1927 2410 2234 2485 consiliis
2259 2411 2398 2485 erit
2428 2411 2997 2507 praescribenda.

934 2604 943 2617 ,
1033 2526 1297 2603 Omnes
1354 2552 1521 2605 vero
1575 2529 2210 2616 administratores,
2265 2539 2420 2605 tum
2472 2528 3006 2603 intercalarium

886 2641 1292 2734 fundorum,
1340 2658 1491 2721 tum
1528 2645 1876 2744 generalis
1913 2644 2250 2741 cuiusque
2285 2645 2800 2719 ecclesiasticae
2837 2646 3012 2719 fun-

888 2763 1219 2852 dationiS,
1244 2765 1333 2839 de
1360 2764 1617 2863 quibus
1646 2766 1721 2837 in
1749 2760 2064 2839 Articulo
2095 2762 2322 2837 XVIII
2350 2763 2566 2837 verba
2592 2762 2778 2839 facta
2801 2777 3008 2853 sunt,

890 2902 981 2952 ex
1032 2880 1401 2956 catholicis
1453 2882 1623 2955 viris
1677 2891 1888 2955 erunt
1939 2880 2266 2977 eligendi,
2321 2880 2594 2955 collatis
2647 2880 2832 2955 inter
2870 2878 3020 2957 Gu-

889 2999 1213 3085 bernium
1266 3013 1341 3077 et
1396 3001 2018 3099 Archiepiscopum
2073 3002 2404 3077 consiliis.

1749 3237 1922 3313 An.
1991 3235 2148 3311 XX.

1048 3473 1589 3572 Archiepiscopo
1624 3498 1842 3571 porro
1883 3472 2184 3547 liberum
2222 3472 2332 3547 ius
2369 3473 2505 3546 erit
2545 3476 3016 3569 cognoscendi

896 3614 977 3666 ac
1028 3594 1312 3689 penitus
1364 3593 1784 3692 inspiciendi
1820 3593 2158 3689 cuiusque
2195 3591 2708 3667 ecclesiasticae
2759 3592 3020 3668 funda-

897 3708 1117 3783 tionis
1169 3718 1470 3799 statum‚
1522 3710 1902 3797 rationem,
1957 3708 2265 3784 indolem
2299 3720 2375 3782 et
2427 3731 2642 3784 onera
2677 3732 2760 3783 ac
2793 3707 3018 3785 docu-

894 3837 1137 3901 menta
1170 3878 1191 3914 ,
1248 3850 1429 3926 quae
1481 3828 1569 3903 ad
1620 3825 2012 3926 quamlibet
2063 3825 2550 3903 fundationem
2601 3828 2964 3922 pertinent
2992 3882 3018 3915 ,

900 3960 983 4023 ut
1030 3948 1239 4029 rebus
1292 3950 1620 4025 omnibus
1661 3950 1905 4025 sedulo
1939 3949 2332 4045 perpensis,
2371 3959 2585 4047 atque
2623 3948 2818 4023 initis
2852 3972 3022 4025 cum

898 4062 1259 4141 Gubernio
1312 4068 1647 4156 consiliis,
1701 4066 1929 4164 possit
2003 4067 2340 4143 constitui
2371 4076 2696 4141 accurata
2737 4088 3020 4155 norma,
