3317 5267
339 488 880 569 seriem-diarum
909 481 1102 565 Patri
1121 492 1467 588 placuerit
1503 492 1849 587 imperare
1886 488 2119 563 ventis
2146 495 2455 579 otmari,

331 633 417 684 ac
445 622 596 683 tam
633 605 1036 683 horribilem
1059 607 1406 705 depellere
1435 616 1966 703 tempestatem,
1996 618 2069 679 et
2105 608 2457 703 optatissi·

335 750 538 802 mam
575 725 932 801 Ecclesiae
966 748 1135 799 suae
1186 747 1462 823 pacem,
1505 723 2230 823 tranquillitatemque
2279 749 2453 802 con-

339 846 614 920 cedere.
647 842 1108 917 Exercituum
1145 866 1314 919 vero
1339 841 1556 931 DeuS,
1589 843 1661 915 in
1689 843 1887 917 cuius
1913 864 2131 917 manu
2167 845 2458 930 victoria

333 962 546 1060 plena
583 960 940 1048 consistit,
967 959 1242 1056 quique
1279 958 1503 1034 David
1539 961 1627 1034 ad
1664 959 1999 1034 rebellem
2037 984 2455 1059 expugnan-

333 1080 506 1155 dum
560 1078 840 1154 Goliam
890 1074 1245 1151 mirabiles
1299 1076 1547 1149 tribuit
1602 1078 1812 1165 vires,
1864 1076 2249 1175 ludamque
2301 1078 2455 1153 Ma·-

338 1198 730 1272 ehabaeum
783 1198 872 1271 de
906 1193 1187 1268 feritate
1225 1195 1544 1291 gentium
1580 1193 1751 1267 fecit
1786 1196 2251 1292 triumphare,
2291 1221 2452 1272 cae-

337 1316 501 1389 lesti
545 1337 674 1389 sua
724 1314 990 1410 pietate
1042 1311 1340 1386 Summo
1393 1310 1812 1385 Nostrarum
1849 1314 2213 1409 copiarum
2248 1312 2449 1401 Duei,

339 1432 632 1528 aliisque
666 1428 994 1506 omnibus
1032 1428 1308 1501 illarum
1349 1426 1759 1515 ductoribus
1798 1450 1879 1503 ae
1912 1430 2254 1505 militibus
2292 1456 2456 1528 gra·-

339 1549 541 1635 tiam,
595 1548 1082 1645 virtutemque
1134 1544 1476 1619 concedat
1525 1544 1904 1619 dimicandi
1957 1548 2044 1620 ad
2098 1550 2455 1645 propriam

343 1676 418 1739 et
467 1675 750 1739 sanctae
802 1660 936 1736 Dei
986 1662 1374 1747 Ecclesiae,
1415 1670 1490 1735 et
1527 1661 1739 1735 huius
1780 1661 2220 1759 Apostolicae
2256 1666 2455 1741 Sedis

335 1782 847 1870 defensionem,
863 1793 1077 1878 atque
1103 1782 1192 1855 ad
1220 1777 1709 1855 confusionem
1737 1781 2182 1858 inimicorum
2210 1781 2452 1859 Crucis

341 1898 602 1973 Christi
653 1910 729 1973 et
761 1898 1146 1973 catholicae
1179 1897 1341 1971 fidei
1377 1920 1460 1970 ac
1495 1896 1875 1992 religionis.
1918 1896 2179 1987 Habes,
2222 1897 2456 1975 Vene-

339 2017 576 2091 rabilis
611 2015 886 2102 Frater,
925 2038 1104 2112 quae
1158 2014 1318 2087 Tibi
1367 2012 1823 2110 significanda
1874 2037 2029 2089 esse
2084 2018 2455 2093 existima-

343 2136 606 2223 vimus3
657 2144 730 2208 et
781 2132 1194 2208 caelestium
1247 2134 1567 2209 omnium
1623 2156 2000 2207 munerum
2063 2136 2448 2233 auspicem,

331 2248 420 2328 'et
468 2254 880 2349 praecipuae
935 2251 1232 2325 Nostrae
1283 2251 1819 2326 benevolentiae
1854 2252 2109 2349 pignus
2146 2253 2453 2351 Aposto-

339 2378 550 2451 licam
603 2374 1178 2450 Benedictionem
1233 2398 1325 2449 ex
1376 2375 1523 2452 imo
1576 2376 1786 2450 eorde
1839 2376 2225 2472 profectam
2296 2378 2453 2452 Tibi

340 2494 502 2590 ipsi,
561 2490 998 2565 Venerabilis
1035 2490 1307 2580 Frater,
1375 2514 1458 2565 ac
1494 2492 1792 2567 Summo
1828 2491 2065 2567 Nostri
2102 2496 2453 2569 exercitus

343 2609 549 2698 Duci,
606 2619 682 2683 et
731 2609 1060 2685 omnibus
1115 2632 1195 2683 ac
1247 2610 1540 2708 singulis
1577 2612 1893 2686 eiusdem
1928 2612 2281 2687 exercitus
2317 2614 2453 2687 du·-

344 2726 660 2804 ctoribus
713 2738 787 2800 et
836 2725 1182 2801 militibus
1231 2739 1683 2823 peramanter
1721 2729 2191 2824 impertimus.

496 2842 760 2919 Datum
814 2844 1085 2919 Romae
1137 2845 1322 2940 apud
1375 2844 1448 2918 S.
1493 2843 1787 2919 Petrum
1824 2846 1937 2919 die
1990 2850 2081 2919 10
2120 2845 2455 2943 Septem-

343 2964 490 3039 bris
544 2962 748 3038 Anno
813 2966 1038 3037 1860.

501 3078 960 3155 Pontificatus
1011 3079 1248 3155 Nostri
1301 3078 1506 3156 Anno
1559 3078 2131 3178 Decimoquinto.

1103 3318 1310 3395 1³le
1367 3316 1508 3393 ΡΡ.
1566 3318 1689 3393 ΙΧ.
