3317 5267
258 622 781 702 Ferdinandum
826 617 1263 713 Lorenzana,
1325 621 1804 700 Mai-ebionem
1853 624 1942 702 de
1984 519 2392 724 Bellum-⁹1⁵3:

256 745 573 842 equitem
609 737 893 814 Ordinis
939 739 1551 840 hierosolymitani
1594 766 1637 816 a
1671 741 1768 816 S..
1788 743 2150 844 Sepulcro,
2187 753 2396 852 equi-

256 871 407 936 tem
460 869 872 958 torquatum
926 858 1000 934 S.
1061 858 1377 958 Gregorii
1428 858 1667 960 Magni
1717 863 1960 940 classis
2009 869 2338 946 militaris
2369 921 2394 961 ,

254 978 574 1076 itemque
624 977 939 1075 equitem
990 977 1306 1055 eiusdem
1386 977 1670 1054 Ordinis
1721 1004 1766 1055 a
1839 980 2091 1081 Magna
2171 984 2398 1066 Cruce
2467 1075 2476 1082 ‚

204 1179 209 1182 ,
256 1089 527 1173 ordinis
576 1095 803 1170 civilis
841 1145 863 1184 ,
919 1119 1055 1171 nec
1132 1121 1275 1174 non
1355 1101 1671 1196 equitem
1743 1105 2396 1182 commendatorem

252 1211 611 1306 Francisci
662 1209 883 1286 Primi
934 1211 1305 1312 utriusque
1366 1214 1645 1291 Siciliae
1697 1217 1912 1315 regie,
1952 1229 2028 1294 et
2077 1223 2395 1318 equitem

250 1327 621 1406 clarissimi
672 1327 953 1406 Ordinis
1004 1329 1355 1408 Pontificii
1407 1330 1496 1407 D.
1552 1333 1640 1409 N.
1697 1333 1748 1408 Ι
1781 1333 1862 1410 C.
1921 1349 1998 1411 et
2070 1338 2398 1417 Admini-

250 1457 483 1523 strum
534 1469 701 1522 cum
750 1446 991 1523 liberis
1066 1450 1423 1526 mandatis
1476 1451 1669 1549 apud
1719 1449 1798 1528 S.
1864 1452 2122 1530 Sedem
2189 1453 2397 1556 Apo—

255 1564 610 1654 stolicam3
1532 1627 1535 1632 -
2255 1625 2264 1636 -

404 1679 541 1772 Qui
592 1693 757 1780 post
804 1693 1059 1759 mutuo
1114 1685 1373 1760 tradita
1426 1687 1867 1785 respectivae
1947 1686 2397 1789 plenipoten-

256 1797 399 1872 tiae
476 1799 952 1875 instrumenta
1028 1799 1117 1877 de
1196 1803 1345 1892 iis,
1426 1827 1608 1954 quae
1658 1820 2058 1906 sequuntur
2133 1833 2402 1890 conve·-

252 1927 544 1992 nerunt.

411 2033 565 2109 Art.
628 2036 697 2107 1.
753 2034 1030 2134 Religio
1082 2037 1431 2115 catholica
1482 2038 1870 2134 apostolica
1923 2013 2218 2120 romana
2285 2058 2399 2122 est

250 2149 497 2249 religio
528 2149 777 2227 Status
829 2153 905 2226 in
956 2154 1314 2256 republica
1366 2155 1455 2230 de
1506 2155 1924 2256 Nicaragua,
1955 2171 2168 2260 atque
2223 2163 2393 2240 inibi

250 2279 445 2342 sarta
496 2271 687 2343 tecta
737 2289 1025 2368 semper
1074 2255 1615 2348 conservabitur
1662 2295 1830 2349 cum
1884 2275 2216 2354 omnibus
2296 2283 2398 2356 iu·

250 2383 467 2462 ribus
497 2396 573 2462 et
598 2389 1133 2486 praerogativis,
1173 2388 1435 2488 quibus
1468 2412 1563 2464 ex
1600 2385 1731 2464 Dei
1781 2392 1938 2491 lege
1989 2405 2066 2470 et
2099 2395 2228 2472 SS.
2260 2394 2394 2472 Ca-

250 2527 523 2580 nonum
572 2504 1066 2582 sanctionibus
1120 2507 1388 2604 pollere
1438 2505 1678 2582 debet.

410 2618 569 2695 Art.
630 2625 705 2694 2.
762 2618 945 2698 Hinc
996 2623 1389 2698 iuventutis
1411 2666 1417 2674 ·
1441 2623 1798 2701 institutio
1831 2626 1906 2700 in
1945 2623 2403 2710 Universita-

254 2737 475 2834 tibus,
530 2735 889 2838 Collegiis,
944 2740 1217 2816 Scholis
1270 2752 1347 2815 et
1397 2741 1552 2816 aliis
1604 2743 1936 2820 omnibus
1967 2746 2401 2827 educationis

250 2879 385 2933 seu
432 2854 925 2936 instructionis
982 2859 1333 2936 institutis
1378 2859 1521 2934 erit
1569 2859 1782 2955 plane
1831 2862 2218 2970 conformis
2269 2870 2402 2946 do-

252 2972 534 3050 ctrinae
578 2975 896 3050 eiusdem
948 2975 1337 3051 catholicae
1388 2975 1774 3070 religionis,
1815 2987 1890 3052 et
1930 2971 2182 3058 iccirco
2223 2971 2400 3082 Epi-

252 3095 451 3192 scopi
504 3103 581 3166 et
629 3092 951 3170 locorum
984 3093 1351 3169 ordinarii
1386 3091 1588 3168 liberi
1670 3093 1962 3172 omnino
2037 3112 2247 3175 erunt
2322 3103 2398 3178 in

250 3211 615 3310 dirigenda
665 3210 1009 3300 doctrina,
1064 3232 1247 3309 quae
1300 3209 1391 3285 ad
1444 3209 1933 3309 Theologicas,
1971 3225 2049 3287 et
2079 3218 2396 3294 canonici

168 3387 175 3390 .
252 3329 427 3408 iuris
500 3327 873 3403 facultates
956 3339 1037 3404 et
1109 3328 1196 3403 ad
1258 3326 1429 3402 alias
1508 3327 2018 3404 ecclesiasticas
2104 3332 2400 3433 eiusque

136 3517 149 3524 -
254 3447 533 3545 generis
582 3443 985 3541 disciplinas
1038 3445 1371 3542 pertinet.
1429 3443 1731 3541 Insuper
1771 3444 1986 3519 iidem
2047 3445 2396 3526 Ordinarii

253 3577 331 3642 et
380 3565 716 3663 Episcopi
765 3576 1053 3661 praeter
1102 3565 1297 3638 illam
1349 3562 1903 3641 sollicitudinem
1932 3617 1955 3652 ‚
2035 3591 2252 3664 quam
2303 3595 2396 3645 ex

252 3683 518 3782 proprii
566 3683 943 3759 ministerii
976 3683 1203 3760 officio
1231 3685 1305 3758 in
1339 3682 1744 3781 religiosam
1779 3683 2172 3760 iuventutis
2221 3689 2398 3763 edu·-

258 3805 615 3880 cationem
666 3817 1025 3894 exercent,
1078 3804 1565 3902 advigilabant
1615 3804 1834 3878 etiam
1875 3857 1898 3893 ,
1963 3817 2044 3879 ut
2097 3807 2172 3880 in
2221 3830 2403 3906 qua-

111 3985 120 3990 -
255 3920 365 3996 vis
414 3921 753 3997 tradenda
806 3921 1175 4019 disciplina
1226 3919 1401 3994 nihil
1456 3919 1694 4009 adsit,
1755 3921 1944 4018 quod
2012 3922 2399 4028 catholicae

98 4119 142 4126 -.
256 4037 575 4135 religioni
628 4059 1053 4137 morumque
1104 4036 1467 4113 honestati
1514 4037 1954 4112 adversetur.

362 4151 517 4229 Art.
576 4157 653 4231 3.
706 4153 1041 4254 Episcopi
1093 4165 1463 4255 praeterea
1499 4154 1651 4229 iure
1697 4178 1828 4230 suo
1865 4153 2197 4232 fruuntur
2229 4151 2404 4232 exa·-

258 4273 577 4362 minandi
628 4288 705 4350 et
753 4295 1125 4352 censuram
1176 4273 1446 4352 ferendi
1470 4273 1543 4350 in
1574 4293 1826 4350 omnes
1863 4273 2084 4352 libros
2135 4287 2213 4352 et
2262 4300 2400 4377 pu-

1773 4394 1869 4470 37
