3317 5267
2341 416 2485 486 347
2562 472 2569 483 .

375 532 895 633 depascentium
949 530 1402 628 potissimum
1439 528 1895 604 benevertere
1930 550 2329 617 censemuS,
2370 556 2503 628 po·-

377 651 794 727 stulationes
843 644 1038 721 effati
1103 644 1436 721 Gubernii
1497 643 1799 742 benigno
1862 647 2103 723 favore
2164 649 2495 743 prosequi

377 767 726 849 volenteS,
766 784 850 837 ac
883 764 956 835 in
1007 764 1110 837 eis
1145 774 1514 837 contentas
1550 763 1861 861 aliasque
1896 764 2117 860 ipsius
2156 760 2491 839 Gubernii

375 882 940 967 deliberationes,
995 895 1072 953 et
1121 880 1570 955 confirmatas
1621 881 1853 977 quoad
1904 902 2081 977 opus
2116 890 2227 954 est
2276 902 2495 976 spon·-

377 1003 612 1077 siones
666 1010 989 1094 acceptas
1043 1010 1372 1096 ratasque
1431 997 1927 1073 inviolabiliter
1961 997 2327 1086 habentes,
2364 1020 2495 1073 nec

378 1140 522 1193 non
575 1116 923 1201 omnium,
977 1127 1052 1189 et
1102 1136 1717 1212 quorumcumque
1754 1114 1825 1187 in
1860 1114 2263 1210 hujusmodi
2289 1137 2497 1212 nego-

377 1236 492 1311 cio
567 1236 912 1307 interesse
990 1232 1403 1309 habentium
1469 1233 1582 1307 vel
1643 1230 2173 1329 quomodolibet
2238 1232 2493 1307 habere

379 1353 986 1449 praesumentium
1023 1372 1116 1423 ex
1149 1367 1480 1447 suprema
1519 1352 1592 1423 in
1629 1350 1939 1447 singulas
1966 1348 2317 1426 Ecclesiae
2368 1373 2497 1424 au-

373 1470 708 1544 ctoritate
762 1467 1166 1565 Apostolica
1217 1490 1431 1565 quam
1483 1466 1761 1563 plenius
1813 1466 2063 1541 barum
2106 1467 2287 1543 serie
2323 1491 2495 1565 sup-

378 1586 680 1683 plentes,
735 1608 1128 1683 omnesque
1185 1596 1260 1659 et
1311 1585 1650 1682 singulos,
1706 1582 1961 1681 quibus
2012 1584 2147 1658 hae
2197 1584 2491 1661 Nostrae

377 1702 690 1779 Litterae
739 1703 984 1778 favent
1017 1726 1062 1775 a
1095 1702 1462 1800 quibusvis
1515 1702 2295 1791 excommunicationis,
2359 1728 2494 1778 su·-

381 1820 776 1917 spensionis
804 1832 878 1895 et
904 1820 1255 1894 interdicti
1285 1819 1576 1917 aliisque
1587 1818 2099 1895 Ecclesiasticis
2124 1824 2495 1897 sententiis

379 1925 696 2013 censuris
746 1950 822 2012 et
871 1938 1141 2034 poenis,
1195 1936 1256 2011 si
1308 1936 1564 2034 quibus
1599 1938 2128 2034 quomodolibet
2178 1940 2493 2016 innodati

378 2056 690 2131 existant
739 2055 828 2129 ad
862 2052 1186 2130 effectum
1225 2056 1705 2152 praesentium
1743 2068 1863 2129 tan
1872 2067 2023 2130 tum
2048 2080 2491 2155 consequen-

375 2174 576 2261 dum,
611 2174 861 2249 barum
897 2159 1076 2248 serie
1115 2175 1506 2270 respective
1541 2172 1989 2252 absolventes
2024 2191 2098 2251 et
2132 2177 2491 2255 absolutos

378 2290 528 2368 fore
555 2304 952 2379 censentes,
989 2291 1264 2367 cunctis
1300 2314 1480 2389 quae
1515 2292 1945 2389 inspicienda
1978 2306 2181 2369 erant
2216 2308 2492 2372 matura

373 2407 878 2485 deliberatione
937 2407 1356 2505 perpensis3
1409 2406 1608 2483 Motu
1668 2410 1950 2505 proprio
2007 2424 2083 2485 et
2142 2436 2231 2487 ex
2296 2425 2489 2489 certa

377 2526 694 2613 scientia,
747 2526 976 2623 deque
1017 2525 1464 2622 Apostolicae
1499 2526 1873 2621 potestatis
1906 2527 2339 2624 plenitudine
2375 2542 2491 2609 to-

377 2654 532 2717 tum
583 2643 781 2718 illum
834 2641 1334 2740 provincialem
1389 2642 1725 2719 circulum
1778 2643 1901 2741 qui
1949 2647 2321 2722 vernacule
2358 2672 2487 2723 vo-

257 2860 264 2865 ·
377 2774 578 2837 catur
628 2759 1138 2858 Departement
1188 2761 1288 2835 du
1340 2761 1538 2837 Nord
1609 2773 1816 2837 ovest
1849 2814 1874 2851 ‚
1952 2764 2215 2861 quique
2283 2787 2493 2862 prae-

381 2878 630 2953 sertim
682 2877 856 2953 haec
909 2880 1227 2953 continet
1281 2878 1540 2975 oppida
1591 2902 1719 2953 seu
1772 2876 2163 2971 Paroecias,
2228 2883 2489 2957 videli-

381 3007 526 3070 cet:
567 2993 740 3071 Port
789 2996 877 3069 de
928 2993 1104 3067 Paix
1155 3034 1206 3047 -
1254 2992 1460 3068 Saint
1513 2992 1729 3069 Louis
1778 2996 1875 3071 du
1927 2996 2116 3075 Nord
2142 3038 2197 3051 -
2224 2997 2399 3073 Jean
2448 3038 2490 3052 -

389 3111 610 3187 Rabel
658 3152 713 3165 -
765 3111 951 3187 Ause
999 3150 1054 3163 —
1101 3134 1146 3185 a
1195 3109 1420 3186 Jonur
1474 3131 1751 3185 annexe
1800 3151 1857 3163 —
1903 3111 2087 3189 Mole
2122 3114 2325 3189 Saint
2350 3112 2487 3188 Ni·-

376 3229 566 3303 colas
624 3268 680 3281 -
744 3238 818 3303 et
883 3224 1472 3323 Rembardopolis
1531 3248 1835 3315 annexe,
1889 3248 1973 3303 ac
2031 3229 2129 3301 ita
2166 3252 2487 3327 quaeque

375 3347 507 3421 alia
557 3347 830 3423 censita
879 3344 1034 3421 loca
1087 3366 1228 3419 una
1281 3366 1444 3419 cum
1493 3344 1640 3419 suis
1690 3345 2021 3421 omnibus
2074 3358 2148 3421 et
2198 3348 2489 3448 singulis

373 3466 738 3562 utriusque
801 3488 1016 3539 sexus
1079 3460 1354 3551 incolis,
1410 3461 1769 3553 Ecclesiis,
1820 3466 2167 3555 oratoriis,
2224 3478 2299 3542 et
2350 3467 2485 3562 piis

374 3582 878 3680 cujuscumque
931 3582 1208 3679 generis
1241 3580 1624 3669 Institutis‚
1652 3580 1883 3670 bonis,
1916 3582 2191 3679 juribus
2242 3594 2317 3657 et
2364 3606 2486 3657 ce-

376 3698 546 3775 teris
595 3697 1026 3797 quibuslibet
1077 3698 1482 3773 accessoriis
1509 3699 1867 3773 consuetis
1892 3722 1935 3771 a
1961 3701 2209 3797 quavis
2238 3700 2481 3796 pristi-

374 3840 466 3891 na
510 3817 1022 3913 jurisdictione,
1049 3817 1460 3904 directione,
1501 3816 2131 3905 administratione,
2162 3828 2237 3891 et
2268 3839 2485 3913 supe-

369 3936 684 4010 rior-itate
719 3935 1212 4011 Ecclesiastica
1245 3946 1586 4031 perpetuo
1627 3932 2023 4031 Apostolica
2058 3934 2477 4011 auctoritate

371 4050 748 4129 eximimus
800 4050 1222 4148 penitusque
1273 4051 1674 4125 liberamus.

499 4166 904 4267 ‚Ipsumque
955 4170 1292 4245 circulum
1345 4192 1484 4245 una
1536 4168 1851 4267 profecto
1928 4192 2091 4246 cum
2154 4168 2479 4247 omnibus
