3317 5267
869 449 1144 633 gnitum
1180 569 1430 655 petens
1463 557 1801 632 fratribus
1842 557 2257 647 minoribus,
2296 558 2417 656 qui
2458 558 2804 655 paulatim
2832 556 2991 654 ejus

870 674 1003 749 sibi
1056 675 1376 750 animum
1424 687 1993 772 promeruerant,
2049 677 2375 771 permisit
2416 687 2501 749 ut
2552 673 2775 750 Meaci
2854 672 2995 748 sibi

867 793 1220 867 domicilia
1267 793 1676 879 conderent,
1732 815 1817 866 ea
1870 802 2113 866 tamen
2166 793 2346 888 lege,
2404 816 2495 866 ne
2547 791 2992 890 Japonenses

866 899 1250 984 christiana
1300 907 1632 1002 religione
1686 907 2135 996 imbuerent3
2188 909 2363 983 satis
2416 931 2769 1006 superque
2830 929 2993 982 esse

866 1027 1201 1124 hispanos
1252 1026 1697 1123 advenasque
1749 1025 2099 1101 excolere.
2158 1023 2363 1101 Tunc
2417 1025 2672 1100 Petrus
2734 1024 2995 1122 Bapti-

862 1156 975 1219 sta
1025 1144 1262 1241 parvis
1312 1142 1656 1217 limitibus
1708 1164 2009 1238 parvum
2068 1142 2487 1218 coenobium
2564 1143 2921 1218 construit
2960 1193 2983 1228 ,

861 1263 1264 1358 proximum
1315 1260 1482 1335 huic
1535 1261 1609 1334 in
1666 1260 2013 1334 honorem
2061 1259 2312 1334 beatae
2350 1256 2609 1333 Mariae
2676 1257 2989 1356 Virginis

856 1378 1288 1475 Angelorum
1335 1380 1426 1453 de
1478 1376 1937 1452 Portiuncula
2014 1377 2365 1474 templum
2418 1377 2663 1464 addit,
2744 1389 2824 1451 et
2884 1374 2987 1448 lv

859 1519 1082 1571 nonas
1134 1495 1444 1572 octobris
1495 1494 1642 1570 divi
1696 1493 2049 1569 Francisci
2102 1494 2367 1569 festum
2404 1515 2664 1592 magno
2712 1493 2989 1568 civium

861 1617 1340 1690 meacensium
1391 1637 1741 1689 concursu
1793 1624 1869 1688 et
1921 1625 2215 1710 stupore
2286 1613 2599 1690 celebrat
2636 1667 2661 1702 ,
2738 1612 2985 1710 ibique

861 1753 1094 1806 sacras
1147 1733 1519 1807 conciones
1574 1743 1775 1806 tanta
1826 1731 2067 1829 populi
2119 1731 2522 1829 frequentia
2546 1733 2800 1806 deinde
2854 1753 2987 1828 pe-

865 1851 1050 1946 ragit
1075 1901 1098 1938 ,
1153 1863 1235 1924 ut
1285 1850 1358 1922 in
1409 1850 1565 1924 dies
1617 1850 1927 1924 fidelium
1990 1872 2331 1926 numerus
2400 1861 2804 1947 augeretur.
2882 1847 2985 1921 Ut

863 1993 1032 2044 vero
1110 1993 1252 2043 non
1305 1968 1517 2045 modo
1551 2015 1560 2025 -
1595 1969 1997 2041 animarum
2069 1968 2195 2042 sed
2245 1989 2621 2063 corporum
2694 1989 2983 2065 quoque

865 2089 1160 2162 utilitati
1211 2089 1607 2186 prospicere
1656 2095 1903 2182 posset
1973 2083 2481 2160 valetudinaria
2558 2085 2698 2178 duo
2776 2082 2983 2156 brevi

851 2204 1199 2293 aedificat,
1234 2207 1322 2279 iis
1359 2203 1695 2280 omnibus
1733 2225 1915 2300 quae
1950 2204 2346 2276 necessaria
2400 2213 2647 2276 essent
2680 2199 2971 2275 referta.

1015 2325 1080 2418 ς.
1140 2329 1210 2396 7.
1269 2323 1418 2400 Deo
1463 2325 1764 2420 juvante
1813 2323 2057 2398 omnia
2111 2344 2449 2418 prospere
2481 2345 2563 2398 se
2584 2318 2972 2407 habebant,

851 2464 1018 2516 cum
1070 2441 1318 2517 Bonzii
1369 2445 1454 2516 iis
1506 2445 1931 2517 acerrimum
1996 2440 2264 2514 bellum
2342 2441 2669 2516 intulere.
2752 2439 2977 2515 Meaci

849 2559 1246 2657 praesidem
1299 2559 1586 2646 adeunt,
1643 2559 1951 2634 demisse
1986 2571 2382 2656 queruntur
2406 2582 2485 2633 se
2512 2559 2783 2633 divitiis
2818 2559 2976 2632 ido-

851 2679 1082 2754 lorum
1139 2679 1389 2753 honori
1441 2679 1697 2753 deditis
1750 2677 2004 2765 orbari,
2080 2678 2491 2775 religionem
2574 2699 2779 2753 suam
2850 2677 2980 2752 de-

844 2798 1089 2893 primi,
1143 2820 1222 2870 se
1271 2796 1494 2870 etiam
1547 2821 1588 2870 a
1642 2795 2167 2892 Japonensibus
2218 2798 2629 2884 contemni,
2685 2818 2778 2870 ex
2830 2817 2973 2894 quo

847 2917 978 2989 viri
1027 2916 1147 2990 isti
1197 2937 1405 2990 sacco
1461 2914 1753 3004 obtecti,
1810 2937 1891 2988 ac
1942 2915 2149 2990 nudis
2200 2915 2496 3012 pedidus
2564 2913 2972 2990 incedentes

841 3032 1160 3106 inaudita
1215 3031 1564 3105 virtutum
1621 3041 2025 3128 praecepta,
2064 3052 2427 3128 novasque
2468 3031 2751 3106 vivendi
2776 3031 2973 3127 leges

841 3151 1079 3248 palam
1105 3153 1356 3225 docere
1379 3149 1691 3246 aggressi
1727 3160 1919 3223 sunt.
1957 3149 2177 3224 Meaci
2206 3172 2523 3246 praeses,
2552 3151 2673 3248 qui
2707 3171 2971 3247 quam-

839 3268 948 3340 vis
999 3267 1326 3342 ethnicus
1376 3265 1907 3339 franciscalibus
1985 3276 2223 3339 tamen
2286 3264 2573 3342 favebat
2610 3319 2631 3355 ,
2682 3289 2806 3341 eos
2878 3267 2967 3340 de

841 3390 1246 3462 imminenti
1299 3388 1434 3461 illis
1473 3387 1785 3485 periculo
1838 3389 2201 3479 admonet,
2256 3413 2479 3488 seque
2516 3391 2971 3487 imperatoris

839 3507 1154 3580 edictum
1187 3506 1260 3577 in
1287 3505 1711 3580 christianos
1737 3503 1885 3601 jam
1922 3518 2129 3580 antea
2166 3507 2397 3583 latum
2438 3519 2965 3606 exequuturum

837 3647 994 3699 esse
1046 3622 1420 3720 significat.
1481 3623 1574 3696 At
1644 3625 1718 3710 ii,
1802 3619 2033 3696 Deum
2086 3626 2311 3722 magis
2364 3647 2581 3724 quam
2632 3624 2963 3700 homines

834 3752 1268 3827 metuentes,
1301 3739 1772 3838 martyriique
1800 3741 2147 3816 desiderio
2168 3741 2550 3839 flagrantes
2576 3765 2719 3817 non
2746 3741 2965 3818 modo

829 3858 922 3934 ab
975 3859 1306 3954 incoepto
1357 3879 1502 3931 non
1553 3858 2008 3945 destiterunt,
2050 3859 2174 3933 sed
2198 3859 2522 3935 laborum
2560 3861 2791 3936 socios
2824 3858 2967 3933 fra-

829 3987 1024 4049 trem
1085 3973 1538 4049 Franciscum
1593 3973 1857 4049 Blanco
1910 3986 1985 4048 et
2034 3973 2326 4050 fratrem
2396 3976 2785 4053 Martinum
2868 3975 2961 4050 ab

833 4093 1260 4168 Ascensione
1313 4117 1354 4166 e
1393 4092 1813 4190 Philippinis
1850 4107 2318 4184 vocaverunt,
2358 4096 2656 4170 alteram
2684 4092 2959 4170 Ozacac

823 4211 1116 4286 domum
1170 4209 1592 4286 Bethlehem
1645 4210 2067 4308 appellatam
2122 4225 2576 4307 aperuerunt,
2616 4215 2947 4290 tertiam-—
