3317 5267
862 499 1008 569 244

857 614 1023 689 dere
1061 608 1295 687 conati
1331 617 1528 699 sunt,
1567 604 1739 698 No's,
1780 631 1921 685 non
1949 608 2177 687 solum
2206 608 2295 684 de
2330 608 2677 706 spirituali
2712 607 2997 685 illorum

859 729 1168 805 utilitate
1197 746 1564 825 nunquam
1589 725 1813 803 fuisse
1877 728 2249 814 sollicitos,
2315 748 2566 803 verum
2602 727 2823 801 etiam
2882 727 3003 799 ni-

859 848 960 921 hil
1011 869 1326 946 unquam
1386 847 1641 945 egisse,
1672 859 1757 921 ut
1826 846 2170 923 catholica
2202 844 2519 921 Ecclesia
2561 846 2635 919 in
2663 844 3001 922 Poloniae

857 962 1260 1061 regionibus
1293 984 1424 1037 sua
1480 962 1689 1059 plena
1716 960 2044 1037 libertate
2084 962 2406 1060 polleret.
2474 958 2631 1051 Quo
2665 974 2859 1038 certe
2884 963 3003 1035 ni-

859 1078 959 1151 hil
1012 1076 1280 1166 falsius,
1343 1076 1518 1152 nihil
1579 1078 1653 1152 in
1723 1076 1869 1152 Nos
1930 1078 2335 1175 injuriosius
2396 1076 2565 1173 fingi
2602 1087 2677 1151 et
2710 1078 3003 1175 excogi-

861 1200 995 1269 tari
1021 1205 1326 1293 poterat.
1393 1194 1760 1293 Siquidem
1822 1218 1951 1293 pro
2018 1194 2405 1293 Apostolici
2475 1193 2714 1270 Nostri
2784 1196 3007 1268 mini-

729 1344 748 1359 „
859 1314 1054 1389 sterii
1093 1332 1412 1401 munere,
1450 1312 1863 1387 universum
1894 1310 2345 1387 Dominicum
2399 1332 2689 1408 gregem
2725 1308 3005 1408 abipso

859 1429 1142 1506 Christo
1193 1429 1500 1505 Domino
1525 1428 1743 1505 Nobis
1780 1430 2123 1505 divinitus
2160 1431 2621 1506 commissum
2659 1430 2733 1503 in
2760 1430 3005 1503 animo

854 1561 930 1623 et
954 1548 1174 1625 oculis
1209 1558 1566 1643 gerenteS,
1595 1546 1773 1621 nihil
1808 1548 2046 1645 potius
2072 1544 2452 1635 habemuS,
2483 1567 2699 1644 quam
2727 1558 2810 1619 ut
2846 1546 3003 1643 spi-

851 1665 1085 1739 rituali
1137 1664 1458 1741 omnium
1493 1664 1809 1739 fidelium
1878 1664 2350 1739 incolumitati
2385 1664 2875 1739 amantissime
2916 1686 3003 1738 ac

853 1781 1365 1857 studiosissime
1389 1781 1869 1871 consulamus,
1902 1793 1979 1857 et
2015 1782 2401 1857 catholicae
2428 1780 2787 1857 Ecclesiae
2822 1802 3003 1857 cau-

855 1922 1010 1975 sam
1045 1922 1128 1973 ac
1157 1898 1318 1996 jura
1353 1909 1644 1975 strenue
1686 1910 2015 1974 tueamur
2048 1911 2126 1975 et
2150 1920 2705 1996 propugnamus.
2740 1896 2843 1972 Te
2868 1922 3003 1973 au-

855 2030 1002 2093 tem
1027 2016 1322 2091 minime
1348 2014 1550 2105 latet,
1574 2013 2011 2091 Venerabilis
2038 2014 2314 2102 Frater,
2330 2016 2541 2089 simili
2552 2013 2799 2089 fraude
2822 2014 2999 2089 alias

852 2144 1211 2209 tentatum
1245 2130 1465 2209 fuisse
1499 2132 1825 2209 fidelibus
1862 2131 2147 2208 Polonis
2184 2133 2633 2230 persuadere,
2660 2154 2803 2207 rec:
2848 2154 2993 2207 me:

853 2252 1266 2350 Gregorium
1295 2250 1458 2326 XVI
1509 2250 2133 2328 Praedecessorem
2186 2249 2533 2328 Nostrum
2584 2252 2855 2327 nullam
2904 2254 2995 2327 de

848 2370 1328 2469 spiritualibus
1353 2392 1603 2446 eorum
1628 2372 2035 2469 indigentiis
2062 2372 2306 2447 cusam
2335 2370 2627 2459 habere,
2656 2372 2995 2469 ipsosque

848 2488 938 2562 ab
989 2488 1240 2564 eodem
1279 2486 1618 2564 Pontifice
1653 2488 1863 2586 plane
1900 2487 2118 2565 fuisse
2152 2490 2499 2565 desertos.
2532 2488 2713 2564 Cum
2744 2501 2989 2564 autem

848 2616 1000 2677 tam
1037 2603 1328 2701 injusta,
1359 2614 1652 2702 tamque
1687 2605 2085 2702 perniciosa
2111 2606 2351 2703 opinio
2377 2607 2565 2703 apud
2598 2605 2805 2682 istius
2848 2605 2997 2681 Re-

847 2724 968 2822 gni
1018 2722 1260 2798 fideles
1311 2724 1536 2820 magis
1574 2724 1648 2797 in
1683 2725 1833 2800 dies
1886 2725 2380 2815 invalesceret,
2415 2738 2571 2801 tum
2598 2726 2791 2801 idem
2842 2724 2989 2801 De-

847 2864 1088 2917 cessor
1109 2838 1368 2917 Noster
1403 2842 1661 2917 merito
1688 2852 1901 2941 atque
1936 2844 2212 2941 optimo
2281 2844 2439 2941 jure
2503 2843 2981 2941 Apostolicam

841 2980 1045 3033 suam
1099 2956 1432 3034 attollens
1483 2980 1761 3047 vocem,
1799 2982 1945 3035 non
2005 2960 2239 3035 solum
2304 2958 2791 3038 consistoriali
2854 2986 2987 3038 sua

839 3074 1284 3150 Allocutione
1336 3084 1586 3150 contra
1645 3086 1797 3149 tam
1833 3076 2323 3173 impudentem
2384 3078 2804 3154 calumniam
2858 3104 2981 3156 re-

841 3192 1202 3282 clamavit,
1239 3203 1315 3268 et
1375 3191 1736 3288 professus
1770 3203 1909 3283 est,
1951 3217 2197 3269 verum
2252 3196 2469 3271 etiam
2502 3199 2753 3274 eodem
2786 3210 2977 3274 tem-

841 3332 1012 3405 pore
1051 3308 1402 3387 factorum
1427 3311 1953 3407 expositionem
1976 3313 2349 3412 multiplici
2385 3315 2979 3393 documentorum

839 3448 1094 3521 genere
1147 3429 1568 3503 instructam
1623 3430 1812 3527 typis
1863 3431 1939 3503 in
1988 3430 2219 3506 lucem
2256 3432 2372 3507 edi
2402 3434 2643 3531 jussit,
2680 3446 2771 3509 ut
2808 3436 2985 3512 uni-

839 3566 1087 3621 versus
1140 3544 1330 3621 orbis
1379 3558 1825 3644 agnosceret,
1864 3545 2121 3647 quibus
2154 3548 2455 3626 assiduis
2490 3552 2677 3626 curis
2710 3563 2791 3627 et
2814 3560 2979 3628 'stu-

835 3662 967 3739 diis
1019 3665 1174 3761 ipse
1195 3664 1582 3741 catholicae
1619 3664 1975 3763 religionis
2000 3666 2189 3743 bono
2214 3668 2644 3768 utilitatique
2672 3670 2745 3744 in
2788 3670 2975 3749 Rus-

837 3782 1096 3858 siarum
1133 3782 1436 3881 Imperio
1469 3792 1548 3858 et
1584 3782 1915 3861 Poloniae
1958 3784 2209 3883 Regno
2234 3788 2633 3885 prospicere
2682 3812 2828 3865 non
2864 3792 2977 3865 in·

835 3901 1260 3977 tel-miserat.
1317 3898 1512 3991 Quae
1545 3900 1835 3998 quidem
1884 3902 2227 3978 solemnis
2254 3906 2533 4003 augusti
2558 3904 2805 3983 Nostri
2830 3905 2969 3982 De-

832 4016 1128 4093 cessoris
1177 4018 1560 4093 declaratio
1593 4016 1957 4095 debuisset
1982 4042 2077 4095 ex
2102 4020 2401 4097 istorum
2435 4020 2748 4097 fidelium
2802 4027 2969 4099 ani-

831 4132 972 4206 mis
1005 4132 1212 4229 plane
1283 4134 1586 4213 evellere
1649 4157 1943 4213 omnem
1994 4138 2311 4229 dubiam,
2350 4140 2833 4241 iniustamque
2880 4144 2967 4219 de

831 4245 966 4325 hec
1015 4248 1092 4324 S.
1148 4250 1328 4329 Sede
1375 4251 1783 4352 opinionem
1822 4304 1847 4346 ,
1900 4276 1985 4333 ac
2030 4256 2204 4333 satis
2254 4278 2606 4357 superque
2666 4258 2963 4357 probare
