3317 5267
889 502 1039 688 Ξίῗιὸ
1055 606 1296 687 autem
1349 610 1532 682 inter
1583 602 2105 699 Metropolitam
2158 611 2237 675 et
2286 598 2724 674 Gubernium
2760 601 2999 697 ipsum

875 722 1274 805 'Haitanum
1327 724 1811 810 concilientur,
1872 744 1955 795 ac
2005 731 2199 794 certo
2252 728 2741 815 perpetuoque
2782 720 3003 795 modo

891 847 1403 943 adjudicentur,
1441 853 1634 917 sarto
1672 850 1863 913 tecto
1896 837 2051 932 jure
2088 858 2537 932 quocumque
2572 833 2817 911 favore
2854 838 2995 911 Ar-

896 961 1466 1063 chiepiescopalis
1517 958 1801 1033 Mensae
1862 966 1937 1028 et
1995 952 2577 1048 Metropolitanae
2642 951 3001 1029 Ecclesiae

897 1078 1222 1176 illiusque
1259 1076 1562 1174 Capituli
1599 1086 1676 1149 et
1710 1071 2093 1159 seminarii,
2132 1094 2265 1145 nec
2298 1093 2441 1144 non
2478 1070 2773 1145 aliarum
2811 1096 2998 1169 quo-

893 1218 1036 1293 que
1087 1196 1441 1271 minorum
1477 1190 1955 1265 Ecclesiarum
1990 1201 2067 1262 et
2101 1188 2515 1285 quorumvis
2552 1188 2831 1283 piorum
2886 1188 3001 1261 in-

897 1314 1341 1400 stitutorum,
1395 1311 1984 1409 quandocumque
2038 1304 2109 1377 in
2162 1328 2248 1379 ea
2298 1316 2452 1380 tota
2514 1304 2835 1381 Dioecesi
2868 1330 3001 1380 ex·-

901 1432 1210 1505 tantium
1243 1431 1430 1505 bona
1465 1427 1741 1503 stabilia
1777 1424 1994 1497 libere
2030 1424 2363 1518 liciteque
2412 1423 2717 1519 legandi,
2754 1426 3003 1520 acqui·

897 1549 1123 1636 rendi,
1161 1549 1509 1645 plenoque
1545 1556 1622 1618 et
1657 1542 1979 1619 absoluto
2014 1564 2178 1616 cum
2215 1539 2533 1615 dominio
2568 1540 3001 1637 possidendi,

901 1662 1433 1737 administrandi
1461 1674 1536 1736 et
1561 1658 1978 1744 vindicandi,
2012 1658 2187 1754 quin
2210 1679 2293 1731 ea
2322 1667 2397 1729 et
2420 1667 2655 1729 cetera
2672 1678 3005 1753 quarum·

899 1804 1042 1877 que
1088 1778 1741 1855 Ecclesiasticarum
1775 1773 2271 1849 fundationum
2306 1771 2493 1847 hona
2518 1784 2595 1846 et
2628 1774 2745 1869 pia
2778 1796 3003 1871 quae-

901 1920 1041 1995 que
1077 1897 1404 1971 instituta
1437 1918 1600 1971 cum
1635 1894 1791 1969 aliis
1826 1891 2157 1990 conjungi
2196 1890 2307 1964 vel
2333 1892 2785 1981 commutari,
2816 1894 3004 1967 mul-

904 2027 1120 2113 toque
1145 2016 1382 2091 minus
1415 2014 1711 2091 distrahi
1762 2012 1877 2087 vel
1928 2010 2217 2085 alienari
2265 2020 2535 2107 queant
2584 2010 2851 2109 absque
2886 2036 3005 2087 se-

901 2135 1011 2209 dis
1041 2135 1478 2231 Apostolicae
1505 2134 1950 2219 auctoritate,
1976 2130 2189 2205 salvis
2216 2140 2457 2203 tamen
2484 2128 2936 2206 facultatibus
2960 2154 3001 2207 a
3040 2132 3051 2141 ’

901 2253 1114 2329 Sacro
1141 2250 1452 2331 Concilio
1489 2250 1899 2327 Tridentino
1934 2248 2303 2345 Episcopis
2330 2247 2641 2331 tributis,
2671 2272 2754 2323 ae
2780 2248 3001 2325 firmis

903 2368 1258 2447 Ecclesiae
1305 2369 1646 2445 doctrinis
1698 2367 1992 2464 ejusque
2042 2366 2407 2462 disciplina
2458 2365 2551 2437 ab
2614 2368 2857 2440 eadem
2918 2368 2999 2441 S.

903 2486 1084 2561 Sede
1135 2488 1523 2587 approbata
1591 2486 1825 2585 quoad
1885 2496 2121 2559 cetera
2182 2486 2300 2558 hic
2360 2484 2795 2563 enucleatius
2854 2510 3001 2562 nen

903 2605 1274 2692 recensita,
1312 2626 1493 2701 quae
1527 2604 1681 2677 sive
1730 2604 2034 2699 adjura,
2074 2604 2237 2677 sive'
2276 2604 2363 2677 ad
2414 2605 2657 2677 munia
2710 2604 2863 2679 sive
2914 2606 3003 2681 ad

902 2742 1264 2821 personas,
1305 2722 1454 2795 sive
1491 2721 1578 2794 ad
1631 2743 1745 2795 res
1782 2721 2043 2797 intuitu
2076 2720 2571 2798 Ecclesiastico
2610 2724 3000 2819 pertinent.

1056 2837 1272 2914 Porro
1302 2840 1622 2935 inspecto
1651 2850 1915 2912 eventu
1943 2838 2328 2915 vacationis
2355 2836 2715 2935 praefatae
2739 2838 3008 2916 Metro·
3059 2886 3067 2891 -

905 2954 1256 3051 politanae
1308 2957 1506 3032 Sedis
1558 2957 1833 3032 declara
1843 2979 2028 3045 mus,
2082 2958 2271 3053 quod
2326 2958 2569 3032 statim
2633 2979 2715 3031 ac
2778 2958 3005 3055 ipsam

907 3070 1588 3170 Archiepiscopalem
1625 3073 2019 3149 Ecclesiam
2049 3074 2317 3149 viduari
2345 3074 2745 3171 contigerit,
2776 3079 3005 3171 proti-

905 3212 1038 3267 nus
1059 3191 1262 3289 juxta
1299 3190 1673 3267 Sacrorum
1710 3189 2079 3266 Canonum
2136 3194 2646 3289 praescriptum
2690 3192 2738 3265 ii
2772 3194 3005 3290 digni-

903 3310 1070 3381 tarii
1119 3320 1195 3383 et
1243 3309 1560 3384 canonici
1611 3309 1745 3385 rite
1779 3320 2109 3405 satagant
2146 3306 2497 3384 Vicat-ium
2527 3306 3001 3406 capitularem

905 3428 1160 3524 eligere
1209 3430 1300 3503 ad
1349 3430 1654 3525 ejusmet
1704 3426 2075 3503 Ecclesiae
2116 3428 2695 3526 Metropolitanae
2757 3453 2839 3506 ac
2876 3430 3003 3506 Di-

901 3546 1166 3619 oecesis
1201 3546 1514 3643 regimen
1551 3545 2373 3644 administrationemque
2426 3546 2847 3623 ordinariam
2901 3551 3005 3623 in-

901 3662 1110 3736 terim
1138 3662 1354 3760 probe
1387 3664 1795 3761 utiliterque
1822 3666 2247 3753 navandam,
2286 3664 2614 3760 quodque
2640 3666 2701 3737 si
2730 3669 3001 3742 vacatio

901 3776 1312 3855 huiusmodi
1361 3781 1511 3854 sive
1564 3804 1693 3877 per
1744 3779 2255 3868 dimissionem,
2296 3779 2447 3854 sive
2483 3779 2616 3855 alia
2658 3804 3003 3879 quacum·-

901 3918 1044 3995 que
1095 3896 1182 3971 de
1233 3918 1442 3973 causa
1491 3898 1689 3995 prius
1726 3898 2050 3973 inciderit
2082 3918 2297 3996 quam
2334 3896 2431 3970 ibi
2470 3901 2999 3995 praesignatum

903 4010 1305 4111 Capitulum
1357 4012 1757 4089 confectum
1812 4012 2049 4104 fuerit,
2106 4016 2241 4091 hoc
2307 4015 2377 4087 in
2438 4036 2609 4090 casu
2666 4015 3005 4095 illiusmet

897 4126 1254 4207 Ecclesiae
1305 4130 1885 4230 Metropolitanae
1934 4147 2013 4209 et
2066 4132 2423 4209 Dioecesis
2474 4134 2819 4209 ordinaria
2872 4139 3001 4211 adq

904 4246 1328 4325 ministratio
1373 4246 1564 4327 licite
1617 4252 1981 4353 valideque
2030 4262 2317 4353 geratur
2351 4250 2441 4325 ab
2476 4274 2561 4327 eo
2612 4252 2735 4353 qui
2764 4251 3001 4329 Gene-
