3317 5267
2236 441 2371 512 54¹

258 555 487 632 ditum
517 607 540 646 ‚
591 580 768 656 quas
819 571 986 632 ante
1035 557 1562 634 demolitionem
1631 553 2102 632 machinarius
2156 551 2385 632 Anto-

259 675 466 748 nietti
521 675 716 750 iuxta
786 675 1130 774 peritiam
1181 676 1295 752 die
1376 675 1711 751 vicesima
1780 674 2028 772 quinta
2102 677 2385 772 augusti

257 813 446 866 anno
481 793 858 870 millesimo
893 796 1482 893 octingentesimo
1515 793 2099 892 quinquagesimo
2134 796 2387 891 quinto

257 909 666 983 aestimavit
695 913 924 1008 pretio
951 925 1394 989 scutatorum
1419 922 1713 988 centum
1750 909 2131 1007 nonaginta
2174 911 2388 1008 quin-

261 1047 400 1122 que
451 1038 528 1100 et
579 1025 948 1102 obulorum
1001 1032 1453 1128 septuaginta
1487 1041 1794 1128 quatuor
1845 1027 2145 1102 circiter.
2184 1027 2389 1102 Man-

181 1237 192 1248 ·
259 1143 586 1218 davimus
623 1159 1024 1242 propterea,
1063 1161 1147 1222 ut
1184 1147 1658 1223 Seminarium
1696 1147 1871 1220 nihil
1908 1145 2095 1222 aliud
2150 1147 2220 1222 in
2256 1171 2395 1244 po-

105 1307 120 1318 ·
261 1272 536 1336 sterum
591 1275 830 1360 petere
883 1277 1152 1362 posset,
1205 1278 1484 1362 praeter
1534 1276 2005 1340 memoratam
2082 1287 2391 1338 annuam

265 1379 680 1474 pensionem
711 1433 732 1470 ,
788 1403 920 1478 pro
970 1405 1110 1480 qua
1166 1384 1423 1458 tuenda
1473 1381 1669 1456 fundi
1746 1382 1973 1458 eidem
2028 1383 2391 1479 paroeciae

260 1495 588 1572 attributi
623 1513 1008 1597 perpetuae
1043 1502 1482 1602 hypothecae
1511 1501 1795 1578 obnoxii
1832 1525 1989 1578 esse
2022 1501 2385 1576 deberent.

265 1611 402 1688 Per
437 1615 626 1691 idem
661 1616 1222 1718 Chirographum
1259 1631 1540 1718 praeter
1577 1620 1737 1707 alia,
1778 1643 1961 1718 quae
2006 1617 2391 1718 Gymnasio

265 1728 540 1808 Nostris
567 1736 941 1832 impendiis
979 1749 1330 1826 extructo,
1369 1739 1703 1835 omnique
1730 1737 2145 1834 supellectili
2174 1738 2391 1812 etiam

262 1872 459 1924 sacra
533 1852 742 1947 plene
793 1868 1134 1930 exornato
1209 1875 1783 1931 concesseramus
1813 1906 1835 1943 ,
1892 1855 1993 1929 uti
2050 1856 2121 1928 in
2176 1877 2389 1952 supra

261 1969 656 2046 enunciatis
704 1969 982 2046 Nostris
1061 1970 1482 2070 Apostolicis
1532 1970 1823 2047 Litteris
1854 2022 1877 2060 ,
1934 1967 2391 2046 attribuimus

261 2086 480 2158 etiam
533 2099 878 2184 perpetuo
929 2100 1294 2164 terrenum
1345 2089 1550 2165 olivis
1601 2087 1953 2185 ulmisque
2004 2089 2395 2178 consitum,-

185 2268 194 2276 .
263 2214 340 2276 et
387 2205 908 2280 conterminum
922 2187 1267 2295 *villulam
1325 2220 1401 2281 et
1449 2210 1905 2280 aestimatum
1940 2207 2171 2303 pretio
2222 2229 2388 2280 scu·-

263 2329 574 2394 tatorum
625 2320 1026 2398 biscentum
1079 2321 1542 2419 quadraginta
1593 2323 1839 2409 trium,
1892 2331 1968 2394 et
2015 2319 2387 2396 obulorum

263 2438 632 2536 sexaginta
679 2439 1008 2530 duorum,
1047 2463 1178 2515 nec
1229 2463 1372 2516 non
1423 2441 1600 2514 duas
1639 2441 1901 2536 ‚domos
1952 2438 2389 2536 senogalliae

265 2557 439 2632 sitas
489 2558 564 2630 in
633 2557 882 2656 platea·
919 2559 1130 2658 vulgo
1179 2555 1295 2632 del
1346 2557 1622 2633 Duomo
1651 2609 1675 2646 ,
1729 2579 2029 2655 quarum
2107 2579 2249 2632 una
2299 2557 2389 2631 ad

265 2675 604 2750 smiliam
657 2677 960 2752 Ferretti
991 2729 1013 2766 ,
1069 2677 1290 2754 altera
1341 2677 1430 2752 ad
1481 2676 1823 2752 familiam
1879 2675 2167 2753 Fert-oni
2217 2676 2391 2752 olim

267 2791 668 2893 pertinebat
695 2843 718 2882 ‚
771 2815 1096 2891 quaeque
1147 2817 1190 2868 a
1241 2795 1598 2890 praedicto
1653 2793 2085 2868 machinario
2164 2789 2393 2868 Anto-

265 2911 470 2983 nietti
523 2908 936 2986 aestimatae
989 2913 1275 2986 fuerant
1325 2911 1554 3007 pretio
1613 2922 2053 2984 scutatorum
2090 2919 2393 3007 quatuor

263 3029 457 3102 mille
507 3042 924 3104 sexcentum
975 3030 1424 3128 septuaginta
1473 3029 1775 3102 duorum
1807 3077 1830 3115 ,
1884 3038 1958 3100 et
2017 3025 2387 3101 obulorum

264 3145 514 3242 viginti
544 3196 566 3233 ‚
621 3168 704 3220 ac
753 3144 1028 3221 Nostris
1079 3143 1484 3242 sumptibus
1533 3153 1821 3238 emptae
1872 3164 2001 3238 per
2076 3141 2391 3236 privatos

267 3276 672 3339 contractus
697 3263 812 3338 die
835 3264 1136 3360 septima
1188 3263 1516 3338 februarii
1543 3283 1731 3335 anno
1756 3259 2133 3334 millesimo
2158 3259 2390 3334 octin-

267 3383 662 3480 gentesimo
739 3383 1322 3482 quinquagesimo
1398 3394 1650 3478 quarto
1681 3430 1702 3467 ,
1758 3379 1879 3476 qui
1948 3377 2263 3452 nondum
2316 3377 2390 3451 in

113 3533 124 3542 ·
267 3496 580 3596 publicas
621 3497 896 3572 tabulas
929 3499 1192 3572 redacti
1244 3496 1552 3572 fuerumt.
1591 3495 1931 3570 lussimus
1982 3506 2221 3568 autem
2257 3493 2387 3568 bas

267 3619 518 3694 domos
571 3619 946 3694 tradendas
995 3639 1156 3694 esse
1191 3619 1304 3693 die
1356 3615 1713 3692 tricesima
1736 3615 1961 3712 prima
1994 3613 2391 3689 decembris

268 3757 454 3810 anno
508 3736 881 3812 millesimo
931 3735 1518 3832 octingentesimo
1587 3731 2058 3829 sexagesimo,
2112 3752 2195 3804 ac
2262 3731 2392 3804 de-

268 3852 692 3928 claravimus
719 3905 742 3941 ,
811 3851 1274 3952 Gymnasium
1351 3851 1610 3926 debere
1662 3847 2041 3948 quotannis
2116 3846 2391 3922 solvere

269 3990 626 4042 summam
705 3981 1144 4044 scutatorum
1225 3967 1512 4064 triginta
1587 3977 1865 4063 septem
1944 3962 2222 4038 circiter
2296 3962 2389 4037 ob

265 4083 537 4162 fructus
587 4109 716 4160 sex
771 4107 1136 4176 censuum,
1171 4085 1296 4184 qui
1347 4081 1661 4158 Cesar-ini
1692 4081 1935 4157 domui
1984 4101 2149 4154 cum
2199 4081 2391 4154 eius-

267 4201 432 4278 dem
498 4199 860 4301 Gymnasii
915 4202 1226 4278 aedificio
1301 4199 1717 4296 conjunctae
1770 4197 2137 4298 impositi,
2192 4207 2267 4274 et
2314 4198 2391 4274 in
