3317 5267
887 464 974 538 ¹2

879 592 1136 656 ventus
1174 580 1246 654 in
1286 582 1536 657 timore
1589 605 1671 655 ac
1724 582 1875 678 lege
1932 577 2217 655 Domini
2260 582 2628 669 educetur,
2668 594 2883 679 atque
2922 585 3011 657 ad

873 699 1328 771 honestatem
1379 697 1758 785 formetur,
1812 710 1970 771 tum
2023 720 2481 794 summopere
2536 694 2757 773 Vobis
2820 700 3013 775 cordi

871 815 966 887 sit
1015 813 1330 910 publicas
1383 815 1843 912 privatasque
1896 814 2177 889 scholas
2214 815 2594 912 diligenter
2628 817 3005 911 inspicere,

873 942 948 1005 et
1000 933 1476 1007 intentissimo
1528 932 1766 1007 studio
1820 956 2067 1006 curare
2099 983 2119 1019 ,
2176 944 2259 1007 ut
2312 933 2647 1007 iuventus
2709 934 2863 1029 ipsa
2915 934 3005 1007 ab

871 1051 1069 1123 omni
1121 1050 1433 1147 periculo
1487 1062 1729 1125 amota
1782 1072 2031 1125 sanam
2086 1074 2169 1125 ac
2221 1072 2513 1147 prorsus
2590 1048 3013 1125 catholicam

872 1165 1138 1241 habeat
1187 1166 1743 1243 institutionem.
1776 1167 1857 1240 ln
1896 1168 1969 1242 id
2004 1190 2255 1242 omnes
2317 1167 2693 1263 pastoralis
2730 1178 3012 1244 vestrae

873 1282 1365 1359 sollicitudinis
1438 1308 1701 1360 nervos
1771 1286 2145 1373 intendite,
2221 1308 2387 1361 cum
2457 1284 2647 1359 haud
2724 1286 3011 1382 ignore-

871 1401 965 1475 tis
995 1454 1016 1489 ,
1089 1425 1179 1475 ex
1252 1412 1447 1477 recta
1524 1404 1921 1479 iuventutis
1960 1404 2381 1479 educatione
2452 1403 2881 1478 christianae
2936 1416 3013 1479 et

867 1517 1092 1593 civilis
1143 1520 1568 1615 reipublicae
1647 1522 2196 1618 prosperitatem
2274 1522 2589 1595 maxime
2668 1524 3002 1617 pendere,

871 1658 954 1711 ac
1029 1636 1242 1711 simul
1322 1638 1631 1713 noscatis
1663 1689 1686 1726 ,
1743 1636 2049 1713 nefarias
2112 1638 2687 1736 multiplicesque
2756 1652 2945 1714 artes
2981 1690 3002 1728 ,

875 1754 1132 1851 quibus
1164 1806 1184 1843 ‚
1243 1756 1314 1827 in
1391 1756 1526 1829 hac
1614 1766 1816 1829 tanta
1896 1767 2303 1852 temporum
2374 1756 2747 1853 iniquitate
2778 1808 2799 1844 ‚
2878 1754 3041 1831 Dei'

869 1871 1383 1970 hominumque
1461 1873 1711 1949 hostes
1796 1872 2269 1969 improvidam
2349 1873 2801 1968 potissimum
2880 1874 3005 1948 iu·-

809 1992 816 2000 ’
870 2002 1240 2063 ventutem
1293 2000 1696 2087 pervertere
1732 2000 1807 2064 et
1842 2012 2297 2087 corrumpere
2336 1991 2823 2066 comitantur.
2897 1989 3001 2066 Ne

867 2106 1216 2182 omittatis
1268 2109 1418 2204 pari
1471 2108 1851 2181 sedulitate
1888 2106 2130 2181 fideles
2166 2105 2387 2181 Vobis
2423 2107 2845 2183 commissos
2880 2129 3001 2181 ca-

869 2224 1168 2300 tholicae
1220 2228 1540 2301 veritatis
1591 2228 1914 2303 doctrina
1950 2228 2267 2325 quotidie
2304 2227 2533 2324 magis
2574 2238 2743 2300 tum
2794 2250 2996 2316 voce,

868 2353 1026 2417 tum
1077 2344 1356 2440 scriptis
1408 2346 1686 2419 erudire
1719 2398 1741 2434 ,
1798 2369 2065 2445 eosque
2117 2370 2160 2419 a
2214 2356 2331 2421 tot
2390 2346 2831 2441 serpentium
2886 2370 3001 2421 er-

871 2484 1112 2537 rorum
1163 2464 1580 2559 contagione
1628 2462 2031 2551 defendere,
2088 2486 2174 2538 ac
2227 2484 2545 2551 monere,
2584 2476 2668 2537 ut
2704 2464 2777 2537 in
2830 2486 2999 2539 san-

869 2578 1228 2655 ctissimae
1263 2591 1545 2657 nostrae
1579 2579 1745 2655 fidei
1782 2580 2220 2678 professione
2258 2580 2549 2655 stabiles
2588 2590 2665 2654 et
2715 2582 2993 2655 immoti

870 2696 1279 2792 persistant,
1337 2694 1492 2783 Dei,
1547 2698 1839 2795 eiusque
1890 2708 2183 2773 sanctae
2234 2696 2597 2773 Ecclesiae
2640 2695 2831 2793 leges
2881 2697 2995 2771 di-

871 2814 1332 2912 ligentissime
1375 2815 1784 2907 observent,
1823 2829 1899 2891 et
1948 2838 2319 2914 nunquam
2370 2838 2449 2891 se
2500 2814 2754 2913 decipi,
2790 2828 2871 2889 et
2920 2816 2993 2889 in

871 2958 1183 3011 errorem
1237 2937 1471 3011 induci
1523 2939 1884 3033 patiantur
1936 2960 1977 3009 a
2029 2958 2525 3033 perversorum
2576 2936 2991 3033 dogmatum
3070 2961 3077 2970 ·

871 3052 1277 3127 cultoribus.
1337 3052 1516 3127 Cum
1570 3068 1813 3127 autem
1869 3053 2433 3151 pestilentissimi
2482 3052 2642 3128 libri
2697 3076 2737 3127 e
2792 3062 2993 3129 tene-

869 3168 1016 3243 bris
1049 3171 1310 3245 emersi
1343 3171 1652 3267 undique
1692 3182 2102 3268 erumpant,
2144 3169 2403 3267 quihus
2437 3170 2843 3266 peritissimi
2894 3170 2993 3243 fa-

868 3287 1254 3363 bricatores
1305 3288 1650 3365 mendacii
1683 3288 2031 3385 perversis
2058 3288 2437 3384 pravisque
2470 3288 2810 3385 cuiusque
2864 3310 2991 3384 ge-

871 3406 1057 3479 neris
1109 3406 1552 3503 opinionibus
1589 3396 1917 3483 omnium
1949 3406 2223 3481 animos
2258 3416 2677 3503 mentesque
2728 3405 2981 3511 depra-

872 3545 1066 3610 vare,
1119 3548 1200 3597 ac
1249 3526 1484 3599 divina
1520 3536 1593 3599 et
1623 3526 2423 3623 humana-permiscere,
2452 3535 2527 3597 et
2564 3524 2987 3599 christianae

873 3640 1237 3737 civilisque
1289 3640 1714 3737 reipublicae
1760 3642 2221 3719 fundamenta
2273 3640 2695 3717 labefactare
2770 3641 2985 3715 adni—

873 3768 1144 3844 tuntur,
1201 3770 1383 3846 tum,
1441 3757 1892 3835 venerabiles
1944 3758 2253 3843 Fratres,
2310 3758 2694 3854 episcopali
2745 3766 2983 3832 vestro

869 3876 1019 3951 zelo
1055 3877 1348 3952 viriliter
1381 3890 1719 3975 pugnate,
1759 3888 1839 3951 ut
1872 3876 2054 3951 hanc
2088 3874 2474 3964 exitialem,
2506 3876 2985 3951 teterrimam-

865 4018 1004 4095 que
1053 3996 1392 4071 librorum
1441 4008 1723 4094 pestem
1774 4020 1817 4069 a
1868 4006 2107 4073 vestro
2160 4018 2369 4093 grege
2420 4016 2639 4091 quam
2714 3993 2982 4091 longis·-

865 4115 1044 4189 sime
1097 4113 1417 4201 arceatis,
1473 4138 1556 4187 ac
1603 4112 2053 4212 propulsetis.
2110 4110 2206 4185 Et
2240 4136 2381 4210 quo
2432 4111 2703 4187 facilius
2743 4135 2827 4185 ac
2858 4121 2980 4185 tu-

865 4232 1008 4305 tius
1034 4252 1282 4305 sanam
1309 4229 1729 4315 doctrinam,
1758 4228 2121 4326 bonosque
2150 4250 2382 4305 mores
2412 4229 2618 4314 tueri,
2650 4250 2978 4305 omnem-

863 4372 1001 4445 que
1051 4348 1272 4425 errori
1321 4359 1401 4421 et
1448 4348 1879 4446 corruptioni
1930 4348 2199 4424 aditum
2252 4346 2617 4424 obstruere
2655 4346 2977 4443 possitis,
