3317 5267
2263 495 2403 566 655

285 619 482 681 retur
533 607 792 682 damno
841 607 1023 682 circa
1077 609 1313 695 fidem,
1375 619 1540 682 tunc
1598 605 1912 684 Ecclesia
1944 607 2107 682 'non
2188 607 2419 682 solum

287 723 580 799 deberet
631 727 1114 801 intentissimo
1167 728 1404 804 studio
1457 727 1698 799 omnia
1752 727 2014 814 conari,
2070 725 2419 822 nullisque

281 845 466 916 curis
497 867 808 940 unquam
835 867 1145 941 parcere,
1179 857 1260 919 ut
1287 845 1536 919 eadem
1565 845 1901 917 iuventus
1950 843 2419 917 necessariam

283 960 740 1036 christianam
809 964 1359 1052 institutionem,
1418 975 1493 1037 et
1564 963 2053 1036 educationem
2134 960 2418 1047 habeat,

279 1099 534 1152 verum
561 1081 782 1157 etiam
837 1095 1208 1178 cogeretur
1261 1101 1510 1156 omnes
1549 1080 1789 1154 fideles
1822 1101 2139 1166 monere,
2180 1079 2421 1174 eisque

276 1195 657 1286 declarare,
716 1199 1068 1276 eiusmodi
1121 1201 1398 1276 scholas
1449 1198 1834 1274 catholicae
1885 1195 2241 1272 Ecclesiae
2292 1194 2422 1268 ad-

275 1335 516 1388 versas
589 1317 778 1391 haud
834 1341 1041 1415 posse
1099 1320 1168 1392 in
1223 1319 1658 1393 conscientia
1705 1316 2159 1414 frequentari.

445 1432 608 1506 Tibi
657 1447 926 1524 autem,
986 1435 1420 1512 Venerabilis
1474 1435 1747 1523 Frater,
1779 1455 2227 1530 summopere
2256 1451 2419 1527 gra-

279 1548 616 1638 tulamur,
671 1553 858 1648 quod
907 1551 1295 1627 catholicae
1349 1551 1705 1628 Ecclesiae
1758 1551 2115 1626 doctrinae
2188 1546 2419 1645 quoad

279 1667 666 1742 iuventutis
719 1670 1240 1745 institutionem
1295 1670 1922 1766 educationemque
1984 1666 2281 1740 firmiter
2306 1663 2419 1736 in-

277 1783 600 1874 haerens,
659 1787 812 1863 Tuo
865 1791 1378 1864 commentario
1434 1787 1761 1863 omnibus
1811 1783 2258 1884 opinionibus
2294 1807 2416 1860 or-

277 1901 890 2001 dinationibusque
917 1907 1273 2001 sapienter
1298 1918 1376 1980 et
1403 1917 1811 1980 constanter
1836 1900 2203 1990 obstitisti,
2232 1923 2416 1999 quae

275 2017 366 2092 ab
401 2019 540 2095 isto
593 2020 845 2119 Magno
881 2023 1232 2098 Badarum
1285 2022 1564 2098 Ducatu
1616 2021 2017 2121 propositae
2050 2019 2249 2094 fuere
2276 2019 2418 2092 cir-

273 2157 356 2210 ca
404 2139 848 2234 popularium
901 2141 1145 2215 schola
1154 2163 1312 2215 rum
1383 2141 1963 2216 reformationem
2004 2191 2025 2224 ‚
2090 2159 2413 2236 quaeque

274 2257 666 2328 maximam
719 2257 1138 2333 christianae
1193 2261 1589 2334 educationi
1641 2259 2028 2356 perniciem
2080 2255 2409 2344 afferunt,
2480 2305 2498 2321 -

274 2381 352 2444 et
411 2373 806 2446 veneranda
857 2373 1215 2449 Ecclesiae
1245 2377 1314 2448 in
1357 2387 1558 2450 tanto
1611 2375 1899 2472 negotio
1930 2375 2085 2448 iura
2122 2370 2413 2446 omnino

272 2488 671 2563 destruunt.
731 2489 830 2566 Ac
881 2491 1501 2587 persuasissimum
1555 2491 1775 2566 Nobis
1840 2503 1953 2565 est
1979 2541 2001 2578 ‚
2056 2489 2159 2564 Te
2236 2485 2410 2561 nihil

271 2627 584 2701 unquam
636 2596 1088 2703 inexpertum
1160 2630 1317 2682 esse
1395 2609 1809 2682 relicturum
1848 2659 1869 2694 ,
1926 2619 2007 2682 ut
2092 2605 2409 2681 eiusdem

266 2719 622 2797 Ecclesiae
671 2725 822 2798 iura
874 2725 1232 2822 impavide
1283 2725 1646 2813 defendaS,
1688 2737 1909 2822 utque
2002 2723 2091 2796 ab
2172 2720 2411 2796 adole·

269 2839 618 2936 scentium
673 2841 1147 2928 institutione,
1222 2849 1297 2915 et
1375 2842 1789 2917 educatione
1874 2838 2409 2937 diligentissime

267 2977 635 3030 removeas
689 2957 1028 3052 quidquid
1083 2957 1242 3029 fidei
1299 2956 1713 3030 firmitatem
1767 2955 1877 3029 vel
1930 2956 2183 3029 leviter
2254 2965 2409 3027 tur-

266 3075 462 3164 bare,
517 3073 964 3163 labefactare,
1004 3089 1134 3149 aut
1158 3075 1555 3173 religiosam
1593 3075 2003 3150 eorumdem
2040 3074 2409 3149 conscien-

274 3195 444 3266 tiam
499 3215 976 3291 corrumpere‚
1033 3217 1454 3292 morumque
1508 3194 1956 3269 honestatem
2042 3191 2408 3268 contami—

269 3333 448 3384 nare
499 3312 752 3406 possit,
811 3333 992 3408 quae
1071 3313 1274 3386 unice
1325 3335 1366 3384 a
1421 3311 1554 3386 fide
1637 3322 1885 3385 nostra
1960 3309 2407 3385 sanctissima

270 3429 704 3528 producitur,
763 3429 997 3518 alitur,
1054 3441 1128 3503 et
1181 3443 1501 3526 augetur.
1535 3429 1830 3503 Summa
1859 3453 2026 3504 vero
2063 3427 2407 3502 afficimur

269 3546 773 3636 consolatione,
829 3569 992 3622 cum
1047 3549 1254 3622 istius
1309 3547 1504 3622 Tuae
1555 3546 1911 3622 Dioeeesis
1941 3545 2184 3622 Clarus
2235 3567 2405 3620 suae

275 3663 665 3738 vocationis
717 3676 792 3738 et
840 3665 1046 3740 officii
1098 3665 1316 3761 probe
1372 3687 1645 3740 memor
1694 3687 1835 3738 una
1888 3663 2157 3739 Tecum
2200 3683 2405 3736 suam

283 3803 572 3857 omnem
625 3783 698 3854 in
749 3780 1128 3871 Ecclesiae,
1185 3785 1473 3881 eiusque
1522 3783 1847 3858 catholici
1920 3781 2161 3881 populi
2220 3780 2409 3856 iuri-

274 3897 408 3973 bus
462 3899 774 3972 tutandis
835 3921 1120 3996 operam
1181 3899 1564 3998 impendat.
1621 3898 1768 3974 Nee
1818 3899 2072 3974 minori
2150 3895 2405 3994 gaudio

264 4013 777 4112 perfundimur,
833 4017 1390 4114 proptereaquod
1447 4018 1582 4091 iste
1633 4015 1857 4090 fidelis
1882 4015 2187 4112 populus
2215 4013 2407 4110 opti-

263 4157 383 4206 me
436 4133 748 4208 sentiens
820 4134 908 4207 de
961 4134 1308 4210 catholica
1359 4155 1528 4207 suae
1575 4133 1791 4230 prolis
1821 4135 2261 4222 educatione,
2291 4131 2405 4204 ni·-

266 4251 368 4352 hil
420 4251 774 4348 antiquius
804 4249 1089 4340 haheat,
1148 4273 1360 4350 quam
1389 4263 1472 4324 ut
1523 4251 1767 4326 eadem
1822 4251 2055 4348 proles
2106 4250 2394 4327 omnino

1746 4373 1839 4440 42
