3317 5267
867 460 1012 532 306
1465 558 1719 650 PIVS
1778 554 2393 647 EPlSCOPVS

1543 945 1763 994 SBBVUS
1803 944 2110 993 ΒΙΒΥΟΙῩΙ
2150 944 2249 991 mu

1435 1177 1508 1223 An
1548 1172 1879 1225 murum
1920 1172 2015 1221 ΙΙΙ
2042 1170 2374 1224 uuonan.

876 1422 1374 1585 Christianae
1426 1502 1779 1599 religionis
1831 1509 2077 1575 auctor
2124 1513 2201 1575 et
2251 1502 2588 1597 magister
2640 1499 2987 1578 Dominus

875 1625 1132 1705 Noster
1165 1622 1372 1697 Jesus
1411 1620 1763 1707 ChristuS‚
1802 1620 2029 1715 cujus,
2064 1620 2234 1693 licet
2266 1620 2628 1706 immeriti,
2686 1621 2879 1695 vices
2916 1624 2987 1695 in

879 1744 1093 1821 terris
1144 1742 1482 1838 gerimuS,
1519 1762 1659 1815 non
1699 1739 1911 1815 modo
1964 1740 2151 1813 illam
2208 1740 2283 1813 in
2332 1740 2601 1813 mundo
2642 1752 2992 1835 perpetuo

875 1862 1288 1938 duraturam
1347 1880 1503 1933 esse
1583 1856 1911 1953 promisit
1950 1909 1971 1941 ,
2054 1856 2179 1929 sed
2254 1878 2787 1951 quaquaversus
2864 1880 2993 1953 per

877 1998 1126 2053 omnes
1177 1974 1366 2049 orbis
1416 1986 1655 2071 partes
1706 1973 2259 2069 propagandam,
2317 1972 2416 2045 ita
2466 1983 2548 2047 ut
2600 1972 2791 2047 nulla
2840 1985 2987 2047 tam

875 2094 1122 2169 dissita
1153 2093 1248 2169 sit
1281 2094 1474 2189 regio
1505 2092 1879 2187 nullusque
1908 2101 2058 2165 tam
2092 2089 2373 2165 abditus
2404 2101 2633 2165 terrae
2660 2092 2989 2188 angulus,

878 2234 1020 2307 quo
1071 2232 1432 2285 sacrorum
1487 2230 1917 2305 praeconum
1970 2208 2243 2283 sonitus
2304 2230 2447 2283 non
2506 2206 2723 2281 fuerit
2774 2210 2990 2283 audi-

878 2338 1024 2411 tus;
1077 2325 1414 2421 singulari
1447 2335 1688 2397 autem
1723 2322 2063 2399 beneficio
2120 2324 2439 2399 evenisse
2490 2336 2573 2401 ut
2622 2346 2993 2399 sacrosan-

877 2451 993 2515 cta
1046 2441 1196 2536 ipsa
1251 2439 1526 2535 Religio
1578 2440 1804 2533 magis
1859 2440 2221 2535 magisque
2274 2440 2343 2513 in
2396 2440 2799 2536 longinquis
2850 2440 2985 2513 ln-

879 2559 1157 2635 diarum
1208 2556 1528 2653 partibus
1549 2628 1556 2637 ,
1578 2559 1699 2632 diu
1762 2556 2189 2635 increbuerit
2249 2580 2459 2634 nemo
2508 2570 2623 2633 est
2672 2559 2797 2656 qui
2851 2582 2989 2633 non

881 2673 1140 2747 videat.
1200 2672 1640 2771 Proindeque
1707 2673 2135 2769 Nosmetipsi
2201 2673 2685 2751 Romanorum
2738 2675 2987 2749 Ponti-

878 2788 1090 2867 ficum
1145 2790 1446 2889 vestigia
1499 2800 1856 2865 sectantes
1896 2841 1917 2877 ‚
1973 2812 2196 2865 novas
2260 2792 2329 2865 in
2394 2792 2529 2865 illis
2588 2792 2985 2887 regionibus

879 2906 1334 3005 Episcopales
1370 2909 1586 2985 Sedes
1639 2908 2109 2985 instituendas
2160 2909 2517 2995 duximus,
2574 2930 2985 3005 persuasum

874 3024 1220 3105 habentes
1253 3077 1274 3113 ‚
1327 3026 1600 3119 nullum
1651 3024 1883 3119 majus
1932 3023 2203 3099 bonum
2256 3022 2697 3100 Christianae
2750 3025 2991 3120 reipu-

877 3140 1100 3217 blicae
1153 3142 1382 3218 afferri
1434 3164 1671 3239 posse,
1702 3142 1835 3213 nisi
1887 3153 1970 3213 ut
2022 3139 2350 3221 ,Pastores
2404 3138 2987 3235 multiplicentur,

879 3282 1181 3356 quorum
1207 3260 1614 3355 praesentia
1639 3258 1839 3353 plebs
1874 3268 2213 3344 recreata,
2254 3258 2599 3353 exemplis
2652 3257 2988 3343 excitata,

877 3376 1312 3472 monitisque
1337 3374 1734 3449 salubribus
1758 3373 2025 3460 fulcita,
2058 3370 2204 3447 Deo
2242 3373 2659 3468 opitulante,
2700 3374 2990 3447 tandem

881 3490 1256 3589 aliquando
1289 3492 1377 3568 ad
1415 3502 1779 3565 aeternam
1814 3477 2325 3565 beatitudinem
2364 3491 2449 3563 iis
2474 3488 2833 3576 omnibus,
2871 3491 2993 3586 qui

875 3608 1058 3683 bene
1094 3610 1524 3683 certaverint
1558 3630 1987 3707 cursumque
2042 3609 2619 3685 consumaverint
2646 3660 2667 3696 ,
2722 3608 2995 3707 pollici·-

881 3736 1030 3801 tam
1086 3736 1304 3823 queat
1353 3726 1747 3821 pervenire.

1029 3842 1341 3919 Maxima
1423 3844 1663 3941 itaque
1728 3844 2167 3942 jucunditate
2248 3844 2661 3941 excepimus
2729 3855 2993 3939 postu-

879 3961 1178 4035 lationes
1234 3957 1665 4035 Dilectorum
1721 3960 2055 4035 Filiorum
2106 3962 2229 4058 qui
2290 3962 2359 4033 in
2447 3960 2803 4035 indiarum
2854 3960 2993 4033 Oc-

877 4074 1330 4151 cidentalium
1387 4074 1669 4150 Ditione
1720 4076 1929 4173 vulgo
1992 4104 2023 4146 α
2064 4076 2247 4150 Haiti
2294 4100 2327 4145 η
2386 4098 2625 4151 rerum
2680 4075 2993 4171 publica-

879 4216 1038 4271 rum
1065 4214 1418 4269 summam
1449 4192 1793 4269 babentes
1820 4195 2275 4271 devotissime
2302 4193 2717 4293 efflagitant,
2746 4203 2829 4267 ut
2858 4190 2993 4269 Ca-
