3317 5267
888 431 1034 500 472

883 522 1335 640 perspectum
1411 543 1665 638 cuique
1728 553 1866 618 est.
1946 541 2164 618 Multa
2242 555 2543 619 centena
2618 546 2997 624 hominum

883 658 1100 732 millia
1152 658 1242 734 ad
1291 655 1654 738 Christum
1706 661 2085 747 convertit,
2140 683 2281 736 non
2360 661 2681 759 vulgares
2736 665 3001 753 solum,

884 778 1011 852 sed
1061 776 1412 874 principes
1453 779 1640 852 viros
1674 801 2014 876 regesque
2039 777 2469 914 baptismate
2506 780 2755 872 abluit,
2794 783 2999 858 Bon-

883 896 1042 982 ziiS,
1097 895 1440 992 religiosis
1475 895 1661 970 illius
1696 895 1999 972 nationis
2028 896 2223 984 viris,
2262 900 2763 998 perpetuisque
2802 901 3003 976 chri-

881 1014 1092 1090 stiani
1151 1015 1458 1090 nominis
1483 1013 1833 1103 hostibus,
1870 1013 2336 1090 frementibus
2374 1037 2457 1090 ac
2506 1017 2716 1090 dira·
2696 1041 2769 1091 m
2808 1041 3007 1115 apo-

881 1135 1220 1210 stolicum
1277 1134 1508 1208 virum
1561 1133 2024 1210 minantibus.

1029 1252 1094 1346 §-
1152 1255 1227 1326 3.
1283 1249 1466 1327 Cum
1502 1275 1631 1349 per
1666 1275 1889 1326 annos
1922 1249 2069 1324 fere
2105 1251 2570 1348 quadraginta
2598 1253 2991 1331 multitudo

886 1365 1463 1442 Christifidelium
1515 1369 1588 1440 in
1641 1367 1940 1464 Japonia
1992 1367 2357 1453 crevisset,
2414 1367 2745 1442 inimicus
2776 1370 3003 1448 homo

881 1486 1478 1580 superseminavit
1505 1485 1793 1558 zizania.
1812 1485 2113 1581 Imperio
2138 1485 2411 1580 potitus
2438 1497 2553 1564 est
2577 1483 3005 1584 Faxiha‚qui

895 1615 1143 1699 postea
1171 1603 1717 1694 Quabacondoni
1744 1625 2003 1679 nomen
2035 1604 2105 1676 in
2127 1602 2295 1676 illud
2324 1601 3017 1702 Taicosamae,quip-

910 1743 1000 1817 pe
1036 1722 1226 1817 quod
1253 1722 1540 1817 maioris
1575 1721 1865 1795 honoris
1892 1743 1975 1794 ac
2009 1720 2384 1816 potestatis
2420 1720 2759 1795 indicium
2792 1736 3015 1811 esset,

892 1842 1392 1914 commutavit.
1453 1837 1514 1912 Α
1565 1839 1847 1913 Bonziis
1900 1840 2249 1913 excitatus
2278 1861 2621 1928 amorem,
2650 1863 2795 1936 quo
2830 1841 3017 1916 chri-

893 1960 1164 2034 stianos
1216 1959 1797 2057 prosequebatur,
1854 1961 1925 2032 in
1978 1959 2219 2033 odium
2256 1961 2633 2047 convertit,
2674 1983 3011 2058 annoque

893 2077 1416 2152 MDLXXXVII
1470 2081 1616 2154 suis
1668 2077 1999 2152 omnibus
2052 2075 2313 2150 Christi
2359 2077 2573 2151 fidem
2608 2079 3009 2152 interdixit.

893 2193 1144 2268 Patres
1193 2195 1553 2270 societatis
1605 2195 1777 2268 Jesu
1829 2193 2123 2290 depulit,
2178 2194 2299 2290 qui
2340 2205 2583 2268 tamen
2618 2195 3005 2269 immutato

881 2310 1132 2386 habitu
1182 2323 1258 2386 et
1308 2313 1559 2385 latenti
1613 2333 2089 2408 permansere.
2148 2309 2329 2382 Cum
2390 2333 2553 2385 vero
2582 2312 2789 2385 navis
2824 2335 3001 2386 one-

883 2429 1064 2500 raria
1117 2451 1156 2500 a
1209 2427 1628 2525 Philippinis
1682 2453 1808 2502 seu
1862 2427 2189 2501 Luzoniis
2242 2427 2488 2501 insulis
2526 2427 2813 2502 Firandi
2840 2453 3011 2526 por-

760 2637 770 2646 ⁵
887 2559 1044 2618 tum
1095 2546 1450 2640 attigisset
1506 2545 1775 2620 veritus
1812 2557 2153 2641 tyrannus
2187 2567 2306 2631 ne,
2336 2545 2395 2618 si
2444 2544 2855 2620 christianis
2895 2547 3009 2618 in-

887 2663 1132 2738 fensus
1163 2663 1543 2747 videretur,
1587 2663 1943 2736 mercandi
1972 2661 2107 2735 sibi
2150 2660 2647 2758 prohiberetur
2696 2665 3003 2752 occasio,

895 2783 1137 2856 odium
1190 2804 1334 2854 non
1387 2781 1699 2854 extinxit
1748 2781 1873 2854 sed
1924 2779 2167 2876 iniquo
2218 2780 2510 2855 consilio
2562 2783 3013 2878 compressit.

1052 2901 1116 2994 ς.
1177 2905 1250 2971 4.
1308 2897 1496 2971 Dum
1551 2921 1662 2972 res
1714 2899 1815 2970 ita
1864 2921 1943 2972 se
1994 2896 2339 2972 haberent
2376 2895 2749 2974 Gometius
2786 2897 3017 2974 Pere-

893 3020 1038 3092 tius
1087 3021 1214 3093 des
1265 3018 1598 3106 Marinas,
1653 3020 1777 3115 qui
1826 3019 2311 3113 hispaniarum
2364 3018 2553 3113 regis
2598 3019 2807 3113 jussu
2842 3017 3015 3092 Phi-

891 3143 1176 3238 lippinis
1232 3143 1479 3215 insulis
1532 3153 1879 3238 praeerat,
1910 3152 2393 3237 opportunum
2431 3138 2817 3214 arbitratus
2872 3155 3009 3224 est,

899 3260 1170 3355 aliquot
1219 3260 1526 3333 nationis
1577 3281 1749 3332 suae
1802 3259 1989 3358 viros
2042 3257 2233 3354 regio
2283 3257 2681 3352 legatorum
2726 3258 3017 3331 nomine

901 3377 990 3449 ad
1046 3376 1536 3450 Taicosamam
1587 3377 1877 3449 mittere
1909 3427 1929 3463 ,
1984 3399 2129 3473 quo
2173 3374 2634 3470 hispanorum
2714 3377 3023 3471 negotiis

894 3491 1286 3566 faciliorem
1337 3493 1668 3566 redderet
1706 3517 1727 3566 ε
1784 3493 2155 3566 minitatus
2208 3492 2401 3564 enim
2428 3503 2585 3565 erat
2619 3492 2919 3568 victoria
2952 3505 3029 3566 et

887 3607 1214 3703 superbia
1267 3609 1520 3697 elatus,
1579 3633 1656 3683 se
1710 3610 1783 3682 in
1836 3631 2047 3685 suum
2099 3608 2479 3704 imperium
2532 3609 2801 3683 insulas
2834 3633 3025 3707 quo-

898 3749 1038 3822 que
1112 3726 1264 3799 illas
1317 3747 1473 3800 esse
1527 3725 1727 3800 brevi
1778 3727 2254 3800 redacturum.
2314 3723 2421 3800 Ad
2482 3738 2767 3801 tanturm
2842 3750 3029 3824 opus

897 3842 1402 3946 perficiendum
1455 3843 1709 3917 delecti
1762 3842 1959 3917 fuere
1994 3853 2199 3939 pater
2250 3839 2511 3920 Petrus
2536 3843 2863 3940 Baptista
2914 3865 3037 3916 se-

897 3964 1164 4059 raphici
1219 3963 1484 4038 ordinis
1537 3961 1839 4046 fratrum
1866 3963 2221 4054 minorum
2250 3959 2825 4048 Commissarius‚
2864 3961 3037 4034 Bar-

887 4082 1332 4157 tholomaeus
1385 4081 1598 4156 Ruitz
1627 4135 1650 4170 ‚
1740 4081 2155 4158 Franciscus
2204 4082 2295 4155 de
2362 4095 2611 4157 sancto
2684 4079 3031 4154 Michaele

889 4200 1002 4272 cui
1031 4199 1310 4273 additus
1333 4197 1471 4274 fuit
1495 4197 1968 4274 Gundisalvus
2022 4196 2274 4271 Garzia
2300 4199 2543 4282 laicus,
2584 4197 2709 4296 qui
2744 4209 3043 4272 utrum-
