3317 5267
2260 502 2412 573 627*

276 619 428 695 nire
464 619 657 696 haud
692 618 1571 713 omiseritis‚gravissimas
1606 631 1856 694 omnes
1883 617 2212 703 iniurias,
2251 639 2412 692 mo-

280 735 553 826 lestiaS,
608 747 683 812 et
753 735 1139 832 asperrima
1192 756 1513 831 quaeque
1567 726 1948 831 episcopali
2009 733 2262 810 robore
2291 745 2406 810 to-

144 839 152 854 ’
282 853 617 929 lerantes.
675 852 925 952 ltaque
976 850 1298 927 dubitare
1350 876 1491 926 non
1546 875 1948 948 possumuS,
2005 853 2176 947 quin
2255 855 2408 950 pari

276 971 511 1046 studio
564 982 639 1044 et
688 969 1171 1062 contentione,
1244 981 1595 1065 quantum
1672 971 1746 1041 in
1786 967 2002 1042 Vobis
2064 980 2200 1057 est,
2239 994 2408 1066 per-—

274 1086 483 1183 gatis,
548 1097 631 1160 ut
683 1085 909 1160 adhuc
944 1105 1109 1158 cum
1174 1085 1484 1158 maxima
1540 1085 1764 1158 vestri
1818 1084 2122 1159 nominis
2201 1084 2408 1160 laude

274 1202 567 1291 fecisti3‚
593 1205 871 1278 divinae
902 1213 1187 1278 nostrae
1208 1202 1593 1300 Religionis
1625 1225 1908 1276 causam
1933 1225 2408 1301 propugnare,

275 1333 349 1394 ct
397 1318 709 1394 fidelium
742 1309 971 1392 'saluti
1029 1317 1455 1414 prospicere.

426 1433 717 1510 Debitas
770 1459 1057 1534 quoque
1093 1434 1337 1510 laudes
1408 1436 1794 1512 deferimus
1853 1436 2044 1512 fideli
2099 1438 2414 1540 Neograg-

272 1557 589 1630 natensis
620 1554 1073 1652 Reipublicae
1144 1552 1371 1644 Clero,
1438 1556 1561 1653 qui
1626 1579 1797 1632 suae
1839 1559 2231 1632 vocationis
2261 1581 2416 1632 ser-

270 1673 757 1760 vantissimus,
788 1683 867 1746 et
902 1671 1147 1759 Nobis„
1218 1684 1431 1770 atque
1466 1674 1631 1772 huic
1685 1673 1883 1748 Petri
1974 1673 2395 1761 Cathedrae,

276 1793 561 1890 suisque
600 1791 858 1865 Antisti
870 1789 1065 1866 tibus
1104 1791 1425 1866 addictus
1484 1805 1771 1890 propter
1832 1792 2256 1878 Ecclesiam,
2289 1815 2418 1866 ve·-

274 1909 562 1983 ritatem
604 1921 679 1983 et
737 1909 1082 1984 iustitiam
1140 1919 1290 1982 tam
1340 1909 1808 1984 vehementer
1833 1911 2234 2005 exagitatus
2275 1911 2418 1982 im·-

272 2045 559 2100 manem
633 2024 867 2104 omnis
922 2025 1201 2120 generis
1266 2025 1816 2101 insectationem
1897 2025 2414 2121 patientissime

272 2153 405 2223 est.
459 2163 836 2239 perpessus
888 2153 963 2214 et
1024 2143 1315 2238 patitur.

427 2259 1011 2357 Nonpossumus
1037 2261 1207 2358 quin
1246 2260 1680 2336 admiremur
1743 2275 1824 2336 et
1894 2261 2416 2336 laudemus-tot

276 2371 599 2473 Virgines
637 2377 785 2454 Deo
821 2401 1081 2465 sacras,
1120 2403 1307 2477 quae
1346 2381 1630 2454 etiamsi
1683 2403 1726 2454 a
1779 2381 1927 2454 suis
1968 2382 2420 2456 monasteriis

272 2494 616 2571 violenter
668 2498 1039 2595 expulsae,
1074 2509 1151 2572 et
1176 2498 1265 2571 ad
1307 2483 1589 2573 tristem
1626 2509 2018 2595 egestatem
2067 2498 2417 2584 redactae,

278 2625 521 2688 tamen
556 2613 841 2691 caelesti
870 2615 1151 2711 Sponso
1190 2615 1487 2690 firmiter
1514 2615 2008 2704 adhaerenteS,
2041 2639 2126 2690 ac
2163 2617 2418 2690 miser-

274 2731 557 2820 rimam,
587 2734 659 2806 in
708 2756 846 2832 qua
874 2747 1275 2823 versantur,
1334 2735 1825 2811 conditionem
1856 2735 2243 2808 christiana
2275 2735 2426 2807 vir·-

280 2858 435 2922 tute
470 2849 930 2945 perferenteS,
968 2875 1111 2926 non
1136 2865 1417 2926 cessant
1452 2852 1601 2925 dies
1630 2864 2020 2948 noctesque
2054 2850 2412 2926 effundere

278 2964 490 3040 corda
516 2988 645 3040 sua
670 2973 915 3041 coram·
942 2963 1117 3054 Deo,
1146 2965 1475 3064 Eumque
1515 2965 1890 3039 humiliter
1919 2967 2267 3063 enixeque
2296 2989 2426 3062 pro

279 3085 627 3171 omnium,
682 3105 766 3157 ac
794 3107 1087 3159 suorum
1124 3087 1342 3162 etiam
1397 3098 1941 3182 persecutorum
1997 3084 2225 3159 salute
2252 3106 2427 3157 exo-

280 3225 457 3276 rare.
527 3198 1025 3278 Collaudamus
1100 3204 1273 3277 item
1343 3203 1775 3279 catholicum
1839 3202 2430 3300 Neogranatensis

282 3315 739 3414 Reipublicae
769 3319 1141 3416 populum,
1191 3321 1311 3418 qui
1351 3345 1441 3395 ex
1505 3333 1708 3418 parte
1744 3320 1950 3418 longe
2006 3318 2320 3392 maxima
2357 3319 2430 3390 in

284 3437 506 3510 veteri
534 3459 665 3511 suo
703 3459 873 3534 erga
912 3437 1333 3513 catholicam
1374 3434 1795 3528 Ecclesiam,
1835 3462 1916 3513 ac
1951 3438 2121 3526 Nos,
2153 3447 2227 3511 et
2251 3436 2436 3511 hanc

289 3553 787 3651 Apostolicam
827 3555 1113 3642 Sedem,
1145 3569 1219 3630 et
1254 3581 1420 3654 erga
1446 3582 1611 3633 suos
1651 3557 2026 3631 Antistites
2053 3577 2320 3641 amore,
2347 3552 2436 3626 fi-

282 3669 400 3757 de,
457 3670 871 3744 reverentia
910 3684 984 3746 et
1020 3671 1419 3749 obedientia
1472 3685 1906 3770 perseverat.

444 3791 549 3867 Ne
586 3816 947 3869 cessemus
1008 3807 1279 3882 autem,
1349 3792 1806 3871 venerabiles
1863 3797 2176 3884 Fratres,
2241 3795 2433 3868 adire

286 3933 454 3986 cum
481 3909 733 3986 fiducia
777 3913 866 3987 ad
904 3913 1241 3988 thronum
1281 3915 1576 4010 gratiae,
1608 3927 1684 3990 et
1718 3914 2133 3989 humillimis
2162 3936 2244 3986 ac
2295 3909 2439 3984 fer-

287 4029 723 4104 ventissimis
751 4028 1076 4126 precibus
1103 4031 1745 4106 misericordiarum
1775 4027 2068 4105 Patrem
2097 4054 2178 4104 ac
2207 4027 2436 4103 Deum

290 4149 512 4222 totius
548 4146 1048 4223 consolationis
1085 4149 1235 4224 sine
1274 4149 1798 4224 intermissione
1861 4173 2062 4224 orare
2105 4160 2179 4222 et
2231 4145 2440 4222 obse-

289 4289 514 4353 crare,
554 4281 635 4340 ut
668 4279 969 4364 exurgat
1000 4279 1075 4341 et
1109 4268 1369 4343 iudicet
1414 4290 1701 4342 causam
1740 4290 1944 4342 suam
1983 4319 2003 4353 ,
2063 4279 2140 4340 et
2191 4265 2439 4340 Eccle-

290 4383 476 4458 siam
528 4407 731 4460 suam
782 4395 1103 4461 sanctam
1158 4410 1199 4458 a
1252 4387 1495 4475 tantiS,
1526 4385 1782 4482 quibus
1835 4387 2020 4472 istic,
2061 4395 2134 4459 et
2169 4385 2443 4480 ubique
