3317 5267
883 405 1022 476 692

873 515 1277 601 christiana,
1348 513 1560 600 civili,
1616 535 1699 584 ae
1747 510 2085 584 litteraria
2136 531 2587 606 summopere
2650 511 2931 586 meritas
2976 563 3003 596 ‚

873 649 947 709 et
995 634 1346 708 blaterant
1397 631 1681 705 easdem
1734 629 1994 704 nullam
2068 626 2326 702 habere
2375 627 2775 724 legitimam
2852 632 3007 702 exi·-

873 751 1103 826 stendi
1155 749 1526 834 rationem,
1583 759 1796 844 atque
1850 747 1947 820 ita
1998 745 2515 822 baereticorum
2576 750 3005 822 commentis

873 871 1240 968 plaudunt.
1300 865 1506 952 Nam,
1547 877 1629 939 ut
1668 863 2189 960 sapientissime
2227 885 2370 941 rec.
2414 885 2629 938 mem.
2668 863 2838 948 Pius
2881 863 3002 936 Vl.

869 986 1211 1063 Decessor
1259 984 1513 1060 Noster
1563 982 1861 1058 docebat
1919 1009 1951 1052 α
2008 980 2432 1078 regularium
2470 980 2757 1056 abolitio
2791 982 3013 1056 laedit

877 1130 909 1172 n
971 1115 1238 1176 statum
1295 1099 1609 1197 publicae
1665 1097 2114 1196 professionis
2166 1096 2618 1174 consiliorum
2692 1071 3015 1197 evange-

877 1249 910 1290 »
969 1222 1290 1304 licorum,
1346 1219 1562 1295 laedit
1617 1217 1901 1290 vivendi
1950 1215 2297 1290 rationem
2335 1214 2407 1291 in
2444 1214 2757 1290 Ecclesia
2793 1241 3023 1290 com-

879 1364 911 1404 »
976 1337 1378 1408 mendatam
1436 1345 1799 1430 tamquam
1846 1329 2287 1427 Apostolicae
2322 1332 2682 1404 doctrinae
2708 1355 3017 1406 eonsen-

877 1480 907 1521 η
965 1465 1274 1539 teneam,
1330 1452 1548 1524 laedit
1606 1453 1797 1546 ipsos
1854 1449 2159 1545 insignes
2196 1446 2629 1537 fundatores,
2666 1473 2847 1546 quos
2886 1475 3017 1523 su-

877 1599 909 1642 »
973 1597 1095 1668 per
1147 1571 1482 1646 altaribus
1545 1592 1992 1656 veneramur,
2046 1569 2167 1665 qui
2258 1570 2538 1650 nonnisi
2590 1593 2631 1642 a
2684 1567 2833 1646 Deo
2909 1571 3015 1641 in·

877 1717 911 1758 »
975 1690 1225 1786 spii-ati
1281 1711 1402 1762 eas
1457 1687 1982 1763 constituerunt
2058 1685 2432 1766 societates
2492 1713 2527 1756 i>
2586 1685 2717 1788 (1).
2778 1687 3014 1784 Atque

870 1806 1086 1885 etiam
1143 1805 1360 1898 impie
1412 1804 1911 1899 pronunciant,
1968 1799 2421 1875 auferendam
2509 1825 2663 1879 esse
2737 1804 3015 1879 civibus

869 1937 943 1996 et
981 1923 1342 1998 Ecclesiae
1371 1921 1779 1996 facultatem
1818 1948 1851 1991 «
1895 1943 2033 2017 qua
2067 1919 2553 2016 eleemosynas
2578 1921 3011 1996 christianae

867 2041 1182 2112 caritatis
1234 2063 1444 2114 causa
1473 2039 1707 2134 palam
1746 2060 2031 2134 erogare
2064 2036 2347 2108 valeant
2389 2062 2459 2124 »,
2513 2061 2593 2112 ac
2644 2039 2735 2114 de
2774 2042 3009 2118 medio

866 2159 1250 2234 tollendam
1304 2157 1531 2253 legem
1581 2184 1611 2226 α
1676 2179 1815 2252 qua
1866 2154 2079 2228 certis
2132 2154 2481 2250 aliquibus
2516 2155 2766 2230 diebus
2793 2181 3009 2252 opera

865 2275 1144 2350 servilia
1177 2287 1472 2370 propter
1500 2271 1626 2346 Dei
1666 2273 1935 2350 cultum
1962 2269 2433 2367 prohibentur
2479 2297 2512 2340 i>
2558 2271 3007 2348 fallacissime

861 2406 1364 2492 praetexentes
1405 2445 1424 2479 ‚
1481 2403 2121 2472 commemoratam
2197 2391 2607 2472 facultatem
2648 2405 2725 2468 et
2776 2393 2999 2491 legem

861 2513 1174 2607 optimae
1267 2509 1604 2607 publicae·
1678 2509 2127 2608 oeconomiae
2190 2509 2555 2604 principiis
2627 2509 2993 2585 obsistere.

868 2625 1111 2725 Neque
1149 2624 1464 2710 contenti
1517 2647 1847 2699 amovere
1904 2623 2311 2719 religionem
2362 2647 2403 2698 a
2442 2625 2723 2720 publica
2768 2613 2995 2702 socie-

859 2754 1034 2829 tate,
1095 2739 1342 2816 volunt
1397 2740 1809 2836 religionem
1864 2739 2090 2834 ipsam
2146 2763 2185 2818 a
2240 2741 2539 2835 privatis
2612 2744 2825 2816 etiam
2876 2765 2999 2815 ar-

858 2883 1016 2934 cere
1071 2857 1379 2932 familiis,
1445 2855 1733 2932 Etenim
1824 2855 2385 2930 funestissimum
2474 2855 2995 2932 Communismi

857 2992 932 3056 et
982 2977 1383 3054 socialismi
1441 2978 1779 3054 docentes
1833 2999 1915 3050 ac
1970 2975 2387 3072 profitentes
2436 3001 2750 3054 errorem
2814 3001 3007 3052 asse·

858 3110 1030 3173 runt.
1069 3096 1554 3171 «societatem
1611 3094 2071 3169 domesticam
2142 3117 2269 3171 seu
2347 3091 2681 3171 familiam
2765 3107 2995 3170 totam

856 3237 1028 3287 suae
1061 3214 1481 3289 existentiae
1512 3213 1861 3290 rationem
1904 3235 1945 3286 a
1984 3215 2133 3286 iure
2164 3213 2539 3286 dumtaxat
2572 3213 2762 3286 civili
2816 3237 3001 3286 mu—

852 3329 1065 3414 tuari3
1102 3329 1536 3426 proindeque
1589 3353 1679 3405 ex
1736 3329 1887 3425 lege
1940 3341 2223 3404 tantum
2274 3328 2459 3404 civili
2510 3329 2877 3404 dimanare
2910 3355 2999 3404 ac

855 3447 1164 3542 pendere
1215 3449 1366 3520 iura
1419 3448 1663 3528 omnia
1711 3463 2081 3543 parentum
2139 3449 2209 3532 in
2257 3447 2463 3536 filios,
2515 3471 2680 3524 eum
2742 3449 2995 3544 primis

851 3589 1020 3640 vero
1109 3568 1218 3645 ius
1298 3568 1767 3646 institutionis
1800 3619 1821 3655 ,
1874 3567 2447 3666 educationisque
2530 3569 2881 3643 curandae
2914 3596 2987 3641 n.

851 3683 1122 3776 Quibus
1158 3687 1393 3784 impiis
1429 3685 1909 3783 opinionibus,
1962 3687 2737 3786 machinationibusque
2790 3691 2863 3764 in
2920 3691 2993 3764 id

847 3802 1222 3900 praecipue
1275 3803 1664 3879 intendunt
1698 3801 2125 3888 fallacissimi
2176 3804 2293 3880 isti
2327 3802 2681 3892 homines,
2736 3817 2817 3881 ut
2868 3827 2995 3878 sa-

897 4113 904 4118 .
1007 4061 1092 4142 (1)
1133 4058 1318 4132 Epist.
1360 4059 1434 4124 ad
1479 4058 1654 4125 Card.
1700 4057 1879 4122 Dela
1918 4056 2383 4123 Rocbefeucault
2424 4057 2498 4120 10
2542 4057 2735 4122 martii
2784 4057 2961 4122 ¹791-
