3317 5267
2310 424 2393 495 6¹

283 543 528 619 forsan
579 540 870 627 oritura,
923 536 1224 611 servatis
1277 546 1513 609 tamen
1549 535 1638 610 de
1674 535 1825 609 iure
1858 535 2248 623 servandis,
2284 534 2414 610 de-

282 661 560 735 finitive
611 670 686 733 et
734 680 1180 756 quacumque
1233 653 1705 752 appellatione
1755 666 2033 729 remota
2084 676 2415 750 pronun-

285 780 478 853 ciare
528 776 744 850 libere
799 775 970 849 item
1023 797 1106 847 ac
1153 772 1342 846 licite
1392 771 1669 868 possint
1704 783 1779 846 et
1816 772 2117 846 valeant.
2160 771 2411 847 Eidem

281 918 456 970 vero
509 892 955 989 Exequutori
1005 910 1346 987 expresse
1425 889 1851 963 mandamus
1926 899 2143 987 atque
2201 912 2412 986 prae-

283 1013 618 1109 cipimuS,
672 1020 755 1084 ut
803 1007 1132 1105 exempla
1156 1006 1594 1105 singulorum
1633 1005 1999 1095 Actorum,
2038 1029 2221 1103 quae
2262 1017 2411 1081 tam

285 1130 442 1226 ipse
494 1150 708 1226 quam
747 1128 898 1202 eius
947 1125 1448 1222 subdelegatus
1511 1122 1943 1199 confecerint
1973 1176 1994 1211 ,
2049 1147 2191 1199 una
2248 1148 2411 1200 cum

289 1245 728 1321 naturalibus
806 1244 1016 1320 huius
1094 1242 1316 1318 totius
1403 1240 1969 1337 Pastopolitanae
2056 1240 2413 1318 Dioecesis
2498 1294 2503 1301 -

285 1363 707 1451 confinibus,
757 1361 1190 1461 singulisque
1243 1360 1661 1435 nominatim
1699 1358 1993 1456 Oppidis
2044 1372 2119 1434 et
2166 1358 2416 1437 Paroe-

287 1482 418 1557 ciis
450 1534 471 1569 ,
525 1483 796 1557 adiecta
848 1480 1138 1555 insimul
1188 1479 1692 1576 topographica
1714 1479 1998 1566 ‘char-ta,
2052 1478 2237 1553 intra
2286 1502 2415 1553 sex

288 1620 574 1673 menses
624 1598 716 1673 ab
765 1598 1050 1696 expleta
1097 1598 1602 1695 exequutione,
1655 1597 1745 1671 ad
1779 1597 1965 1672 hanc
2041 1597 2411 1695 Apostoli-

287 1739 448 1790 cam
499 1716 757 1791 Sedem
809 1716 884 1788 in
935 1716 1344 1791 authentica
1395 1712 1622 1789 forma
1676 1715 2118 1789 transmittat
2146 1768 2169 1805 ,
2233 1738 2425 1826 quae(

287 1832 364 1905 in
417 1831 763 1907 tabulario
815 1830 1112 1906 Nostrae
1165 1828 1745 1927 Congregationis
1784 1828 2025 1905 Rebus
2062 1829 2421 1909 Consiste-

287 1948 576 2025 rialibus
625 1950 1070 2047 praepositae
1121 1972 1213 2023 ex
1265 1970 1464 2021 more
1516 1958 1863 2045 perpetuo
1914 1961 2309 2023 serventur.

445 2064 866 2141 Praesentes
917 2076 1160 2139 autem
1213 2063 1520 2139 Litteras
1559 2116 1582 2150 ,
1637 2074 1713 2137 et
1762 2064 1837 2137 in
1898 2066 2002 2139 eis
2080 2077 2417 2141 contenta

289 2195 368 2257 et
415 2193 686 2257 statuta
720 2206 1233 2281 quaecumque,
1265 2182 1547 2257 etiamsi
1599 2182 1897 2278 quilibet
1922 2182 2037 2257 alii
2074 2185 2162 2257 ad
2198 2184 2269 2259 id
2319 2184 2422 2259 in-

289 2312 562 2377 teresse
610 2302 978 2391 habentes,
1019 2303 1134 2377 vel
1169 2302 1430 2377 habere
1481 2302 2027 2397 praetendentes
2078 2304 2308 2378 vocati
2344 2316 2419 2379 et

291 2424 514 2497 auditi
566 2448 708 2501 non
761 2423 1048 2511 fuerint,
1087 2448 1168 2498 ac
1221 2422 1624 2520 praemissis
1677 2446 1817 2497 non
1880 2427 2365 2499 consenserint
2394 2476 2414 2514 ,

289 2538 488 2615 nullo
537 2563 848 2637 unquam
903 2548 1222 2637 tempore
1257 2540 1346 2613 de
1381 2537 1883 2634 subreptionis,
1923 2540 2033 2613 vel
2072 2540 2423 2638 obreptio-

289 2656 402 2729 nis
453 2666 582 2731 aut
629 2657 970 2733 nullitatis
1024 2657 1223 2745 vitio,
1277 2678 1404 2729 seu
1455 2656 1869 2731 intentionis
1920 2654 2242 2746 Nostrae,
2298 2669 2423 2733 aut

291 2772 528 2871 aliquo
563 2774 724 2860 alio,
770 2775 988 2849 etiam
1039 2773 1512 2860 substantiali,
1541 2770 1822 2847 defectu
1874 2774 2129 2860 notari,
2188 2774 2423 2873 impu-

293 2891 521 2988 gnari,
573 2892 685 2967 vel
739 2892 812 2964 in
863 2892 1417 2967 controversiam
1499 2890 1735 2965 vocari
1786 2914 1993 2987 posse
2035 2942 2055 2978 ,
2109 2892 2233 2966 sed
2304 2916 2424 2967 eas

293 3034 582 3108 semper
629 3024 706 3085 et
780 3022 1126 3108 perpetuo
1204 3011 1469 3085 validas
1521 3022 1596 3085 et
1657 3010 1977 3087 efficaces
2054 3014 2357 3088 existere
2396 3064 2418 3099 ,

296 3150 606 3225 suosque
658 3125 1008 3223 plenarios
1063 3137 1138 3201 et
1187 3128 1502 3224 integros
1554 3126 1845 3203 effectus
1898 3128 2133 3203 sortiri
2186 3140 2259 3201 et
2294 3128 2425 3203 ob-

297 3246 528 3321 tinere
560 3300 584 3333 ,
635 3259 850 3343 atque
902 3246 992 3320 ab
1044 3244 1402 3331 omnibus,
1443 3246 1529 3320 ad
1566 3268 1748 3342 quos
1796 3257 2099 3343 spectat,
2138 3246 2437 3320 inviola-

297 3362 536 3437 biliter
587 3361 943 3438 observari
953 3385 976 3449 ;
1029 3362 1270 3459 sicque
1322 3372 1399 3434 et
1449 3384 1592 3435 non
1643 3360 1815 3435 alias
1866 3384 1991 3458 per
2043 3385 2428 3460 quoscum-

296 3504 438 3579 que
489 3480 752 3556 iudices
803 3478 1210 3555 ordinarios
1267 3478 1376 3553 vel
1428 3475 1804 3577 Delegatos
1856 3482 2107 3578 quavis
2176 3495 2426 3561 aucto-

297 3598 512 3671 ritate
561 3595 964 3693 fungentes,
1019 3596 1238 3669 etiam
1287 3592 1675 3671 Causarum
1755 3595 2003 3670 Palatii
2044 3597 2423 3695 Apostolici

298 3714 700 3799 Auditores,
738 3736 818 3786 ac
852 3711 1154 3787 Sanctae
1211 3712 1569 3787 Romanae
1619 3711 1975 3789 Ecclesiae
2024 3712 2425 3790 Cardinales

296 3833 518 3907 etiam
569 3831 658 3905 de
702 3830 923 3905 latere
975 3828 1302 3928 Legatos,
1347 3829 1783 3927 vicelegatos
1816 3834 2185 3930 dictaeque
2217 3832 2423 3907 Sedis

300 3948 612 4027 Nuncios
665 3948 952 4025 iudicari
1003 3960 1078 4022 et
1125 3948 1396 4023 definiri
1429 3946 1712 4036 debere,
1752 3961 1827 4024 et
1858 3951 1921 4025 si
1956 3972 2159 4026 secus
2210 3972 2425 4047 super

297 4066 414 4141 his
439 4089 480 4138 a
507 4087 892 4163 quoquam,
931 4066 1178 4162 quavis
1214 4064 1658 4153 auctoritate,
1699 4067 2028 4154 scienter,
2072 4066 2183 4141 vel
2217 4068 2423 4165 igno-

301 4192 548 4257 ranter
597 4182 972 4278 contigerit
1023 4183 1387 4272 attentari,
1425 4183 1705 4259 irritum
1750 4195 1825 4258 et
1859 4186 2067 4261 inane
2103 4185 2427 4262 volumus

298 4312 514 4401 atque
575 4303 1050 4385 decernimus.
