<?xml version="1.0" encoding="UTF-8"?>
<!DOCTYPE html PUBLIC "-//W3C//DTD XHTML 1.0 Transitional//EN"
    "http://www.w3.org/TR/xhtml1/DTD/xhtml1-transitional.dtd">
<html xmlns="http://www.w3.org/1999/xhtml" xml:lang="en" lang="en">
 <head>
  <title>
</title>
<meta http-equiv="Content-Type" content="text/html;charset=utf-8" />
  <meta name='ocr-system' content='tesseract 3.04.00' />
  <meta name='ocr-capabilities' content='ocr_page ocr_carea ocr_par ocr_line ocrx_word'/>
</head>
<body>
  <div class='ocr_page' id='page_1' title='image "./piiixpontificis00ixgoog_0206.png"; bbox 0 0 3317 5267; ppageno 0'>
   <div class='ocr_carea' id='block_1_1' title="bbox 882 384 2481 625">
    <p class='ocr_par' dir='ltr' id='par_1_1' title="bbox 882 384 2481 625">
     <span class='ocr_line' id='line_1_1' title="bbox 882 384 2481 625; baseline -0.001 -53"><span class='ocrx_word' id='word_1_1' title='bbox 882 384 1016 456; x_wconf 71' lang='lat'><strong>192</strong></span> <span class='ocrx_word' id='word_1_2' title='bbox 1405 480 1658 573; x_wconf 82' lang='lat' dir='ltr'>PIUS</span> <span class='ocrx_word' id='word_1_3' title='bbox 1717 479 2023 572; x_wconf 85' lang='grc' dir='ltr'><strong>ΡΑΡΑ</strong></span> <span class='ocrx_word' id='word_1_4' title='bbox 2078 480 2481 625; x_wconf 31' lang='lat' dir='ltr'><strong>NONUS·</strong></span> 
     </span>
    </p>
   </div>
   <div class='ocr_carea' id='block_1_2' title="bbox 1475 836 2413 915">
    <p class='ocr_par' dir='ltr' id='par_1_2' title="bbox 1475 836 2413 915">
     <span class='ocr_line' id='line_1_2' title="bbox 1475 836 2413 915; baseline -0.002 -30"><span class='ocrx_word' id='word_1_5' title='bbox 1475 838 1550 885; x_wconf 72' lang='lat' dir='ltr'><strong>An</strong></span> <span class='ocrx_word' id='word_1_6' title='bbox 1591 838 1925 893; x_wconf 57' lang='lat' dir='ltr'><strong>warmunt</strong></span> <span class='ocrx_word' id='word_1_7' title='bbox 1968 840 2063 885; x_wconf 73' lang='lat' dir='ltr'><strong>BR!</strong></span> <span class='ocrx_word' id='word_1_8' title='bbox 2105 836 2413 915; x_wconf 60' lang='lat' dir='ltr'><strong>untionis!</strong></span> 
     </span>
    </p>
   </div>
   <div class='ocr_carea' id='block_1_3' title="bbox 883 1146 3032 4276">
    <p class='ocr_par' dir='ltr' id='par_1_3' title="bbox 883 1146 3032 4276">
     <span class='ocr_line' id='line_1_3' title="bbox 893 1146 3013 1349; baseline -0.002 -45"><span class='ocrx_word' id='word_1_9' title='bbox 893 1146 1156 1349; x_wconf 80' lang='lat' dir='ltr'><strong>Quae</strong></span> <span class='ocrx_word' id='word_1_10' title='bbox 1209 1233 1296 1305; x_wconf 88' lang='lat' dir='ltr'><strong>ad</strong></span> <span class='ocrx_word' id='word_1_11' title='bbox 1353 1232 1743 1307; x_wconf 75' lang='lat' dir='ltr'><strong>fovendum</strong></span> <span class='ocrx_word' id='word_1_12' title='bbox 1784 1230 2166 1328; x_wconf 80' lang='lat' dir='ltr'><strong>Religionis</strong></span> <span class='ocrx_word' id='word_1_13' title='bbox 2202 1230 2546 1314; x_wconf 88' lang='lat' dir='ltr'><strong>studium,</strong></span> <span class='ocrx_word' id='word_1_14' title='bbox 2586 1236 2823 1325; x_wconf 69' lang='lat' dir='ltr'><strong>atque,</strong></span> <span class='ocrx_word' id='word_1_15' title='bbox 2841 1248 3013 1323; x_wconf 79' lang='lat' dir='ltr'><strong>erga</strong></span> 
     </span>
     <span class='ocr_line' id='line_1_4' title="bbox 883 1344 3017 1445; baseline -0.003 -26"><span class='ocrx_word' id='word_1_16' title='bbox 883 1346 1066 1421; x_wconf 89' lang='lat' dir='ltr'><strong>hanc</strong></span> <span class='ocrx_word' id='word_1_17' title='bbox 1122 1347 1600 1445; x_wconf 82' lang='lat' dir='ltr'><strong>Apostolieam</strong></span> <span class='ocrx_word' id='word_1_18' title='bbox 1639 1348 1894 1423; x_wconf 89' lang='lat' dir='ltr'><strong>Sedem</strong></span> <span class='ocrx_word' id='word_1_19' title='bbox 1931 1348 2274 1444; x_wconf 88' lang='lat' dir='ltr'><strong>pietatem</strong></span> <span class='ocrx_word' id='word_1_20' title='bbox 2312 1368 2393 1420; x_wconf 86' lang='lat' dir='ltr'><strong>ac</strong></span> <span class='ocrx_word' id='word_1_21' title='bbox 2426 1344 2642 1418; x_wconf 83' lang='lat' dir='ltr'><strong>fidem</strong></span> <span class='ocrx_word' id='word_1_22' title='bbox 2680 1344 3017 1418; x_wconf 83' lang='lat' dir='ltr'><strong>excitan-</strong></span> 
     </span>
     <span class='ocr_line' id='line_1_5' title="bbox 889 1458 3021 1559; baseline -0.004 -22"><span class='ocrx_word' id='word_1_23' title='bbox 889 1462 1054 1537; x_wconf 87' lang='lat' dir='ltr'><strong>dam</strong></span> <span class='ocrx_word' id='word_1_24' title='bbox 1107 1466 1499 1540; x_wconf 75' lang='lat' dir='ltr'><strong>conducere</strong></span> <span class='ocrx_word' id='word_1_25' title='bbox 1550 1466 1947 1551; x_wconf 79' lang='lat' dir='ltr'><strong>videantur,</strong></span> <span class='ocrx_word' id='word_1_26' title='bbox 1987 1486 2069 1537; x_wconf 91' lang='lat' dir='ltr'><strong>ea</strong></span> <span class='ocrx_word' id='word_1_27' title='bbox 2108 1462 2454 1559; x_wconf 88' lang='lat' dir='ltr'><strong>impertiri</strong></span> <span class='ocrx_word' id='word_1_28' title='bbox 2489 1458 2737 1533; x_wconf 86' lang='lat' dir='ltr'><strong>libenti</strong></span> <span class='ocrx_word' id='word_1_29' title='bbox 2772 1459 3021 1531; x_wconf 90' lang='lat' dir='ltr'><strong>animo</strong></span> 
     </span>
     <span class='ocr_line' id='line_1_6' title="bbox 887 1578 3014 1683; baseline -0.002 -28"><span class='ocrx_word' id='word_1_30' title='bbox 887 1582 1222 1657; x_wconf 83' lang='lat' dir='ltr'><strong>solemus.</strong></span> <span class='ocrx_word' id='word_1_31' title='bbox 1285 1582 1446 1657; x_wconf 85' lang='lat' dir='ltr'><strong>Jam</strong></span> <span class='ocrx_word' id='word_1_32' title='bbox 1505 1608 1671 1659; x_wconf 88' lang='lat' dir='ltr'><strong>vero</strong></span> <span class='ocrx_word' id='word_1_33' title='bbox 1723 1606 1953 1683; x_wconf 80' lang='lat' dir='ltr'><strong>nuper</strong></span> <span class='ocrx_word' id='word_1_34' title='bbox 2002 1584 2075 1656; x_wconf 90' lang='lat' dir='ltr'><strong>in</strong></span> <span class='ocrx_word' id='word_1_35' title='bbox 2132 1582 2333 1656; x_wconf 84' lang='lat' dir='ltr'><strong>Alma</strong></span> <span class='ocrx_word' id='word_1_36' title='bbox 2372 1580 2559 1654; x_wconf 90' lang='lat' dir='ltr'><strong>Urbe</strong></span> <span class='ocrx_word' id='word_1_37' title='bbox 2596 1580 2857 1654; x_wconf 89' lang='lat' dir='ltr'><strong>Nostra</strong></span> <span class='ocrx_word' id='word_1_38' title='bbox 2894 1578 3014 1675; x_wconf 88' lang='lat' dir='ltr'><strong>pia</strong></span> 
     </span>
     <span class='ocr_line' id='line_1_7' title="bbox 891 1696 3025 1797; baseline -0.001 -25"><span class='ocrx_word' id='word_1_39' title='bbox 891 1700 1260 1797; x_wconf 89' lang='lat' dir='ltr'><strong>utriusque</strong></span> <span class='ocrx_word' id='word_1_40' title='bbox 1311 1724 1528 1775; x_wconf 77' lang='lat' dir='ltr'><strong>sexus</strong></span> <span class='ocrx_word' id='word_1_41' title='bbox 1581 1700 1933 1776; x_wconf 89' lang='lat' dir='ltr'><strong>Sodalitas</strong></span> <span class='ocrx_word' id='word_1_42' title='bbox 1986 1712 2223 1775; x_wconf 87' lang='lat' dir='ltr'><strong>erecta</strong></span> <span class='ocrx_word' id='word_1_43' title='bbox 2275 1711 2388 1773; x_wconf 86' lang='lat' dir='ltr'><strong>est</strong></span> <span class='ocrx_word' id='word_1_44' title='bbox 2464 1698 2597 1772; x_wconf 90' lang='lat' dir='ltr'><strong>sub</strong></span> <span class='ocrx_word' id='word_1_45' title='bbox 2662 1696 2874 1770; x_wconf 82' lang='lat' dir='ltr'><strong>titulo</strong></span> <span class='ocrx_word' id='word_1_46' title='bbox 2942 1718 3025 1769; x_wconf 89' lang='lat' dir='ltr'><strong>ac</strong></span> 
     </span>
     <span class='ocr_line' id='line_1_8' title="bbox 893 1815 3025 1918; baseline 0 -27"><span class='ocrx_word' id='word_1_47' title='bbox 893 1822 1286 1915; x_wconf 87' lang='lat' dir='ltr'><strong>patrocinio</strong></span> <span class='ocrx_word' id='word_1_48' title='bbox 1337 1822 1412 1895; x_wconf 91' lang='lat' dir='ltr'><strong>S.</strong></span> <span class='ocrx_word' id='word_1_49' title='bbox 1475 1821 1676 1895; x_wconf 87' lang='lat' dir='ltr'><strong>Petri</strong></span> <span class='ocrx_word' id='word_1_50' title='bbox 1732 1822 2231 1918; x_wconf 81' lang='lat' dir='ltr'><strong>Apostolorum</strong></span> <span class='ocrx_word' id='word_1_51' title='bbox 2286 1818 2659 1915; x_wconf 86' lang='lat' dir='ltr'><strong>Principis,</strong></span> <span class='ocrx_word' id='word_1_52' title='bbox 2718 1839 2901 1913; x_wconf 85' lang='lat' dir='ltr'><strong>quae</strong></span> <span class='ocrx_word' id='word_1_53' title='bbox 2958 1815 3025 1891; x_wconf 89' lang='lat' dir='ltr'><strong>id</strong></span> 
     </span>
     <span class='ocr_line' id='line_1_9' title="bbox 897 1936 3021 2037; baseline -0 -28"><span class='ocrx_word' id='word_1_54' title='bbox 897 1936 1116 2011; x_wconf 87' lang='lat' dir='ltr'><strong>habet</strong></span> <span class='ocrx_word' id='word_1_55' title='bbox 1147 1942 1591 2037; x_wconf 90' lang='lat' dir='ltr'><strong>propositum</strong></span> <span class='ocrx_word' id='word_1_56' title='bbox 1631 1952 1714 2015; x_wconf 90' lang='lat' dir='ltr'><strong>ut</strong></span> <span class='ocrx_word' id='word_1_57' title='bbox 1749 1939 2083 2013; x_wconf 82' lang='lat' dir='ltr'><strong>Sanctam</strong></span> <span class='ocrx_word' id='word_1_58' title='bbox 2120 1939 2380 2014; x_wconf 89' lang='lat' dir='ltr'><strong>Sedem</strong></span> <span class='ocrx_word' id='word_1_59' title='bbox 2414 1939 2551 2012; x_wconf 89' lang='lat' dir='ltr'><strong>hoc</strong></span> <span class='ocrx_word' id='word_1_60' title='bbox 2595 1936 3021 2033; x_wconf 89' lang='lat' dir='ltr'><strong>praesertim</strong></span> 
     </span>
     <span class='ocr_line' id='line_1_10' title="bbox 897 2054 3023 2154; baseline -0 -26"><span class='ocrx_word' id='word_1_61' title='bbox 897 2055 1302 2131; x_wconf 84' lang='lat' dir='ltr'><strong>difficillimo</strong></span> <span class='ocrx_word' id='word_1_62' title='bbox 1329 2066 1678 2153; x_wconf 86' lang='lat' dir='ltr'><strong>tempore,</strong></span> <span class='ocrx_word' id='word_1_63' title='bbox 1708 2069 1861 2131; x_wconf 91' lang='lat' dir='ltr'><strong>tum</strong></span> <span class='ocrx_word' id='word_1_64' title='bbox 1890 2056 2215 2154; x_wconf 89' lang='lat' dir='ltr'><strong>precibus</strong></span> <span class='ocrx_word' id='word_1_65' title='bbox 2253 2068 2409 2129; x_wconf 89' lang='lat' dir='ltr'><strong>tum</strong></span> <span class='ocrx_word' id='word_1_66' title='bbox 2438 2054 2794 2153; x_wconf 78' lang='lat' dir='ltr'><strong>operibuS‚</strong></span> <span class='ocrx_word' id='word_1_67' title='bbox 2828 2054 3023 2151; x_wconf 85' lang='lat' dir='ltr'><strong>adju-</strong></span> 
     </span>
     <span class='ocr_line' id='line_1_11' title="bbox 900 2172 3023 2272; baseline 0 -29"><span class='ocrx_word' id='word_1_68' title='bbox 900 2172 1190 2245; x_wconf 85' lang='lat' dir='ltr'><strong>tandam</strong></span> <span class='ocrx_word' id='word_1_69' title='bbox 1245 2185 1469 2262; x_wconf 89' lang='lat' dir='ltr'><strong>curet,</strong></span> <span class='ocrx_word' id='word_1_70' title='bbox 1537 2175 1997 2271; x_wconf 88' lang='lat' dir='ltr'><strong>ejusdemque</strong></span> <span class='ocrx_word' id='word_1_71' title='bbox 2058 2175 2217 2272; x_wconf 88' lang='lat' dir='ltr'><strong>piae</strong></span> <span class='ocrx_word' id='word_1_72' title='bbox 2270 2173 2678 2249; x_wconf 80' lang='lat' dir='ltr'><strong>Sodalitatis</strong></span> <span class='ocrx_word' id='word_1_73' title='bbox 2732 2172 3023 2245; x_wconf 89' lang='lat' dir='ltr'><strong>nomine</strong></span> 
     </span>
     <span class='ocr_line' id='line_1_12' title="bbox 899 2286 3025 2386; baseline 0 -25"><span class='ocrx_word' id='word_1_74' title='bbox 899 2312 1146 2385; x_wconf 84' lang='lat' dir='ltr'><strong>preces</strong></span> <span class='ocrx_word' id='word_1_75' title='bbox 1173 2290 1386 2365; x_wconf 87' lang='lat' dir='ltr'><strong>Nobis</strong></span> <span class='ocrx_word' id='word_1_76' title='bbox 1421 2304 1592 2365; x_wconf 89' lang='lat' dir='ltr'><strong>sunt</strong></span> <span class='ocrx_word' id='word_1_77' title='bbox 1617 2292 2002 2377; x_wconf 82' lang='lat' dir='ltr'><strong>exhibitae,</strong></span> <span class='ocrx_word' id='word_1_78' title='bbox 2030 2302 2113 2366; x_wconf 91' lang='lat' dir='ltr'><strong>ut</strong></span> <span class='ocrx_word' id='word_1_79' title='bbox 2141 2290 2331 2364; x_wconf 89' lang='lat' dir='ltr'><strong>illam</strong></span> <span class='ocrx_word' id='word_1_80' title='bbox 2358 2291 2428 2364; x_wconf 85' lang='lat' dir='ltr'><strong>in</strong></span> <span class='ocrx_word' id='word_1_81' title='bbox 2459 2290 2871 2386; x_wconf 86' lang='lat' dir='ltr'><strong>primariam</strong></span> <span class='ocrx_word' id='word_1_82' title='bbox 2898 2286 3025 2361; x_wconf 86' lang='lat' dir='ltr'><strong>So-</strong></span> 
     </span>
     <span class='ocr_line' id='line_1_13' title="bbox 897 2407 3029 2507; baseline -0.001 -27"><span class='ocrx_word' id='word_1_83' title='bbox 897 2407 1293 2495; x_wconf 87' lang='lat' dir='ltr'><strong>dalitatem,</strong></span> <span class='ocrx_word' id='word_1_84' title='bbox 1311 2408 1462 2481; x_wconf 81' lang='lat' dir='ltr'><strong>sive</strong></span> <span class='ocrx_word' id='word_1_85' title='bbox 1489 2410 1561 2481; x_wconf 89' lang='lat' dir='ltr'><strong>in</strong></span> <span class='ocrx_word' id='word_1_86' title='bbox 1576 2409 2236 2484; x_wconf 86' lang='lat' dir='ltr'><strong>Archisodalitatem</strong></span> <span class='ocrx_word' id='word_1_87' title='bbox 2265 2410 2499 2507; x_wconf 87' lang='lat' dir='ltr'><strong>erigen</strong></span> <span class='ocrx_word' id='word_1_88' title='bbox 2534 2408 2834 2482; x_wconf 84' lang='lat' dir='ltr'><strong>velimus</strong></span> <span class='ocrx_word' id='word_1_89' title='bbox 2862 2426 3029 2478; x_wconf 86' lang='lat' dir='ltr'><strong>cum</strong></span> 
     </span>
     <span class='ocr_line' id='line_1_14' title="bbox 909 2522 3029 2625; baseline -0.001 -29"><span class='ocrx_word' id='word_1_90' title='bbox 909 2522 1366 2599; x_wconf 82' lang='lat' dir='ltr'><strong>facultatibus</strong></span> <span class='ocrx_word' id='word_1_91' title='bbox 1420 2525 1737 2621; x_wconf 84' lang='lat' dir='ltr'><strong>ejusdem</strong></span> <span class='ocrx_word' id='word_1_92' title='bbox 1792 2526 1950 2601; x_wconf 86' lang='lat' dir='ltr'><strong>finis</strong></span> <span class='ocrx_word' id='word_1_93' title='bbox 2000 2539 2219 2625; x_wconf 89' lang='lat' dir='ltr'><strong>atque</strong></span> <span class='ocrx_word' id='word_1_94' title='bbox 2256 2526 2565 2599; x_wconf 86' lang='lat' dir='ltr'><strong>instituti</strong></span> <span class='ocrx_word' id='word_1_95' title='bbox 2600 2522 3029 2599; x_wconf 87' lang='lat' dir='ltr'><strong>Sodalitates</strong></span> 
     </span>
     <span class='ocr_line' id='line_1_15' title="bbox 905 2638 3031 2740; baseline -0.002 -26"><span class='ocrx_word' id='word_1_96' title='bbox 905 2638 1166 2737; x_wconf 85' lang='lat' dir='ltr'><strong>ubique</strong></span> <span class='ocrx_word' id='word_1_97' title='bbox 1202 2642 1594 2715; x_wconf 82' lang='lat' dir='ltr'><strong>existentes</strong></span> <span class='ocrx_word' id='word_1_98' title='bbox 1621 2643 2069 2740; x_wconf 83' lang='lat' dir='ltr'><strong>aggregandi,</strong></span> <span class='ocrx_word' id='word_1_99' title='bbox 2110 2642 2517 2739; x_wconf 85' lang='lat' dir='ltr'><strong>eisdemque</strong></span> <span class='ocrx_word' id='word_1_100' title='bbox 2545 2638 3031 2735; x_wconf 84' lang='lat' dir='ltr'><strong>Indulgentias</strong></span> 
     </span>
     <span class='ocr_line' id='line_1_16' title="bbox 905 2758 3032 2859; baseline -0.001 -27"><span class='ocrx_word' id='word_1_101' title='bbox 905 2758 1161 2857; x_wconf 88' lang='lat' dir='ltr'><strong>quibus</strong></span> <span class='ocrx_word' id='word_1_102' title='bbox 1199 2780 1290 2831; x_wconf 76' lang='lat' dir='ltr'><strong>ex</strong></span> <span class='ocrx_word' id='word_1_103' title='bbox 1340 2760 1794 2835; x_wconf 88' lang='lat' dir='ltr'><strong>concessione</strong></span> <span class='ocrx_word' id='word_1_104' title='bbox 1835 2760 2236 2859; x_wconf 83' lang='lat' dir='ltr'><strong>Apostolica</strong></span> <span class='ocrx_word' id='word_1_105' title='bbox 2270 2762 2423 2859; x_wconf 90' lang='lat' dir='ltr'><strong>ipsa</strong></span> <span class='ocrx_word' id='word_1_106' title='bbox 2459 2760 2787 2858; x_wconf 87' lang='lat' dir='ltr'><strong>gaudeat,</strong></span> <span class='ocrx_word' id='word_1_107' title='bbox 2828 2778 3032 2832; x_wconf 86' lang='lat' dir='ltr'><strong>com-</strong></span> 
     </span>
     <span class='ocr_line' id='line_1_17' title="bbox 905 2876 3029 2977; baseline -0.002 -28"><span class='ocrx_word' id='word_1_108' title='bbox 905 2878 1336 2959; x_wconf 79' lang='lat' dir='ltr'><strong>municandi.</strong></span> <span class='ocrx_word' id='word_1_109' title='bbox 1379 2876 1520 2953; x_wconf 88' lang='lat' dir='ltr'><strong>Nos</strong></span> <span class='ocrx_word' id='word_1_110' title='bbox 1557 2878 1773 2975; x_wconf 89' lang='lat' dir='ltr'><strong>igitur</strong></span> <span class='ocrx_word' id='word_1_111' title='bbox 1806 2890 2174 2977; x_wconf 87' lang='lat' dir='ltr'><strong>sperantes</strong></span> <span class='ocrx_word' id='word_1_112' title='bbox 2211 2902 2300 2953; x_wconf 84' lang='lat' dir='ltr'><strong>ex</strong></span> <span class='ocrx_word' id='word_1_113' title='bbox 2336 2881 2583 2954; x_wconf 91' lang='lat' dir='ltr'><strong>eadem</strong></span> <span class='ocrx_word' id='word_1_114' title='bbox 2634 2876 3029 2951; x_wconf 87' lang='lat' dir='ltr'><strong>Sodalitate</strong></span> 
     </span>
     <span class='ocr_line' id='line_1_18' title="bbox 909 2993 3031 3093; baseline -0.001 -24"><span class='ocrx_word' id='word_1_115' title='bbox 909 2994 1164 3069; x_wconf 89' lang='lat' dir='ltr'><strong>uberes</strong></span> <span class='ocrx_word' id='word_1_116' title='bbox 1189 2996 1476 3093; x_wconf 89' lang='lat' dir='ltr'><strong>pietatis</strong></span> <span class='ocrx_word' id='word_1_117' title='bbox 1503 2994 1773 3072; x_wconf 84' lang='lat' dir='ltr'><strong>fructus</strong></span> <span class='ocrx_word' id='word_1_118' title='bbox 1794 2998 1869 3071; x_wconf 88' lang='lat' dir='ltr'><strong>in</strong></span> <span class='ocrx_word' id='word_1_119' title='bbox 1896 2997 2164 3072; x_wconf 90' lang='lat' dir='ltr'><strong>bonum</strong></span> <span class='ocrx_word' id='word_1_120' title='bbox 2202 2996 2585 3093; x_wconf 89' lang='lat' dir='ltr'><strong>Religionis</strong></span> <span class='ocrx_word' id='word_1_121' title='bbox 2612 2994 2763 3070; x_wconf 82' lang='lat' dir='ltr'><strong>fore</strong></span> <span class='ocrx_word' id='word_1_122' title='bbox 2796 2993 3031 3091; x_wconf 86' lang='lat' dir='ltr'><strong>perci-</strong></span> 
     </span>
     <span class='ocr_line' id='line_1_19' title="bbox 909 3112 3029 3213; baseline -0.001 -27"><span class='ocrx_word' id='word_1_123' title='bbox 909 3114 1229 3211; x_wconf 88' lang='lat' dir='ltr'><strong>piendos‚</strong></span> <span class='ocrx_word' id='word_1_124' title='bbox 1286 3118 1628 3210; x_wconf 87' lang='lat' dir='ltr'><strong>porrectis</strong></span> <span class='ocrx_word' id='word_1_125' title='bbox 1700 3116 2106 3212; x_wconf 86' lang='lat' dir='ltr'><strong>hujusmodi</strong></span> <span class='ocrx_word' id='word_1_126' title='bbox 2179 3114 2505 3213; x_wconf 85' lang='lat' dir='ltr'><strong>precibus</strong></span> <span class='ocrx_word' id='word_1_127' title='bbox 2576 3112 3029 3188; x_wconf 88' lang='lat' dir='ltr'><strong>adnuendum</strong></span> 
     </span>
     <span class='ocr_line' id='line_1_20' title="bbox 911 3225 3031 3329; baseline -0 -24"><span class='ocrx_word' id='word_1_128' title='bbox 911 3231 1504 3306; x_wconf 83' lang='lat' dir='ltr'><strong>existimavimus.</strong></span> <span class='ocrx_word' id='word_1_129' title='bbox 1564 3231 1810 3329; x_wconf 90' lang='lat' dir='ltr'><strong>ltaque</strong></span> <span class='ocrx_word' id='word_1_130' title='bbox 1846 3232 2043 3307; x_wconf 89' lang='lat' dir='ltr'><strong>hisce</strong></span> <span class='ocrx_word' id='word_1_131' title='bbox 2084 3225 2371 3307; x_wconf 85' lang='lat' dir='ltr'><strong>Litteris</strong></span> <span class='ocrx_word' id='word_1_132' title='bbox 2410 3230 2849 3306; x_wconf 85' lang='lat' dir='ltr'><strong>Auctoritate</strong></span> <span class='ocrx_word' id='word_1_133' title='bbox 2886 3228 3031 3304; x_wconf 90' lang='lat' dir='ltr'><strong>No-</strong></span> 
     </span>
     <span class='ocr_line' id='line_1_21' title="bbox 909 3345 3028 3446; baseline -0.001 -25"><span class='ocrx_word' id='word_1_134' title='bbox 909 3358 1058 3421; x_wconf 86' lang='lat' dir='ltr'><strong>stra</strong></span> <span class='ocrx_word' id='word_1_135' title='bbox 1113 3345 1517 3444; x_wconf 86' lang='lat' dir='ltr'><strong>Apostolica</strong></span> <span class='ocrx_word' id='word_1_136' title='bbox 1570 3359 2043 3423; x_wconf 87' lang='lat' dir='ltr'><strong>memoratam</strong></span> <span class='ocrx_word' id='word_1_137' title='bbox 2093 3350 2462 3446; x_wconf 85' lang='lat' dir='ltr'><strong>utriusque</strong></span> <span class='ocrx_word' id='word_1_138' title='bbox 2498 3372 2710 3423; x_wconf 84' lang='lat' dir='ltr'><strong>sexus</strong></span> <span class='ocrx_word' id='word_1_139' title='bbox 2750 3346 3028 3421; x_wconf 86' lang='lat' dir='ltr'><strong>Sodali-</strong></span> 
     </span>
     <span class='ocr_line' id='line_1_22' title="bbox 911 3463 3027 3563; baseline -0.001 -25"><span class='ocrx_word' id='word_1_140' title='bbox 911 3474 1165 3551; x_wconf 87' lang='lat' dir='ltr'><strong>tatem,</strong></span> <span class='ocrx_word' id='word_1_141' title='bbox 1205 3464 1340 3539; x_wconf 89' lang='lat' dir='ltr'><strong>sub</strong></span> <span class='ocrx_word' id='word_1_142' title='bbox 1375 3466 1582 3540; x_wconf 85' lang='lat' dir='ltr'><strong>titulo</strong></span> <span class='ocrx_word' id='word_1_143' title='bbox 1618 3490 1700 3540; x_wconf 91' lang='lat' dir='ltr'><strong>ac</strong></span> <span class='ocrx_word' id='word_1_144' title='bbox 1736 3466 2127 3562; x_wconf 85' lang='lat' dir='ltr'><strong>patrocinio</strong></span> <span class='ocrx_word' id='word_1_145' title='bbox 2162 3465 2245 3539; x_wconf 88' lang='lat' dir='ltr'><strong>B.</strong></span> <span class='ocrx_word' id='word_1_146' title='bbox 2292 3463 2487 3540; x_wconf 84' lang='lat' dir='ltr'><strong>Petri</strong></span> <span class='ocrx_word' id='word_1_147' title='bbox 2525 3464 3027 3563; x_wconf 81' lang='lat' dir='ltr'><strong>Apostolorum</strong></span> 
     </span>
     <span class='ocr_line' id='line_1_23' title="bbox 911 3579 3031 3678; baseline 0 -23"><span class='ocrx_word' id='word_1_148' title='bbox 911 3579 1260 3678; x_wconf 86' lang='lat' dir='ltr'><strong>Principis</strong></span> <span class='ocrx_word' id='word_1_149' title='bbox 1313 3584 1387 3656; x_wconf 89' lang='lat' dir='ltr'><strong>in</strong></span> <span class='ocrx_word' id='word_1_150' title='bbox 1443 3581 1628 3657; x_wconf 90' lang='lat' dir='ltr'><strong>Urbe</strong></span> <span class='ocrx_word' id='word_1_151' title='bbox 1682 3596 1994 3658; x_wconf 87' lang='lat' dir='ltr'><strong>erectam</strong></span> <span class='ocrx_word' id='word_1_152' title='bbox 2046 3587 2118 3659; x_wconf 92' lang='lat' dir='ltr'><strong>in</strong></span> <span class='ocrx_word' id='word_1_153' title='bbox 2176 3584 2836 3669; x_wconf 85' lang='lat' dir='ltr'><strong>Archisodalitatem</strong></span> <span class='ocrx_word' id='word_1_154' title='bbox 2890 3582 3031 3656; x_wconf 83' lang='lat' dir='ltr'><strong>eri-</strong></span> 
     </span>
     <span class='ocr_line' id='line_1_24' title="bbox 914 3700 3030 3800; baseline 0 -28"><span class='ocrx_word' id='word_1_155' title='bbox 914 3701 1148 3797; x_wconf 84' lang='lat' dir='ltr'><strong>gimus</strong></span> <span class='ocrx_word' id='word_1_156' title='bbox 1201 3711 1274 3775; x_wconf 91' lang='lat' dir='ltr'><strong>et</strong></span> <span class='ocrx_word' id='word_1_157' title='bbox 1327 3701 1791 3790; x_wconf 88' lang='lat' dir='ltr'><strong>instituimus,</strong></span> <span class='ocrx_word' id='word_1_158' title='bbox 1845 3703 2305 3800; x_wconf 87' lang='lat' dir='ltr'><strong>ejusdemque</strong></span> <span class='ocrx_word' id='word_1_159' title='bbox 2342 3702 2753 3777; x_wconf 87' lang='lat' dir='ltr'><strong>Sodalitatis</strong></span> <span class='ocrx_word' id='word_1_160' title='bbox 2788 3701 2864 3774; x_wconf 88' lang='lat' dir='ltr'><strong>in</strong></span> <span class='ocrx_word' id='word_1_161' title='bbox 2904 3700 3030 3773; x_wconf 80' lang='lat' dir='ltr'><strong>Ar-</strong></span> 
     </span>
     <span class='ocr_line' id='line_1_25' title="bbox 911 3818 3029 3920; baseline 0 -29"><span class='ocrx_word' id='word_1_162' title='bbox 911 3818 1476 3895; x_wconf 85' lang='lat' dir='ltr'><strong>chisodalitatem</strong></span> <span class='ocrx_word' id='word_1_163' title='bbox 1515 3821 1615 3894; x_wconf 87' lang='lat' dir='ltr'><strong>sic</strong></span> <span class='ocrx_word' id='word_1_164' title='bbox 1652 3831 1928 3895; x_wconf 86' lang='lat' dir='ltr'><strong>erectae</strong></span> <span class='ocrx_word' id='word_1_165' title='bbox 1963 3821 2416 3920; x_wconf 90' lang='lat' dir='ltr'><strong>primoribus,</strong></span> <span class='ocrx_word' id='word_1_166' title='bbox 2458 3844 2585 3895; x_wconf 90' lang='lat' dir='ltr'><strong>seu</strong></span> <span class='ocrx_word' id='word_1_167' title='bbox 2622 3818 3029 3895; x_wconf 85' lang='lat' dir='ltr'><strong>officialibus</strong></span> 
     </span>
     <span class='ocr_line' id='line_1_26' title="bbox 915 3934 3031 4035; baseline 0.003 -30"><span class='ocrx_word' id='word_1_168' title='bbox 915 3934 1330 4011; x_wconf 85' lang='lat' dir='ltr'><strong>facultatem</strong></span> <span class='ocrx_word' id='word_1_169' title='bbox 1381 3935 1761 4033; x_wconf 87' lang='lat' dir='ltr'><strong>elargimur</strong></span> <span class='ocrx_word' id='word_1_170' title='bbox 1813 3936 1981 4011; x_wconf 88' lang='lat' dir='ltr'><strong>alias</strong></span> <span class='ocrx_word' id='word_1_171' title='bbox 2033 3939 2353 4035; x_wconf 86' lang='lat' dir='ltr'><strong>ejusdem</strong></span> <span class='ocrx_word' id='word_1_172' title='bbox 2406 3938 2721 4012; x_wconf 76' lang='lat' dir='ltr'><strong>instituti</strong></span> <span class='ocrx_word' id='word_1_173' title='bbox 2758 3938 3031 4014; x_wconf 85' lang='lat' dir='ltr'><strong>Sodali-</strong></span> 
     </span>
     <span class='ocr_line' id='line_1_27' title="bbox 919 4054 3028 4152; baseline 0.001 -26"><span class='ocrx_word' id='word_1_174' title='bbox 919 4064 1104 4127; x_wconf 89' lang='lat' dir='ltr'><strong>tates</strong></span> <span class='ocrx_word' id='word_1_175' title='bbox 1153 4054 1607 4152; x_wconf 88' lang='lat' dir='ltr'><strong>ubicumque,</strong></span> <span class='ocrx_word' id='word_1_176' title='bbox 1664 4055 1753 4129; x_wconf 91' lang='lat' dir='ltr'><strong>de</strong></span> <span class='ocrx_word' id='word_1_177' title='bbox 1806 4078 2155 4131; x_wconf 88' lang='lat' dir='ltr'><strong>consensu</strong></span> <span class='ocrx_word' id='word_1_178' title='bbox 2199 4068 2436 4131; x_wconf 91' lang='lat' dir='ltr'><strong>tamen</strong></span> <span class='ocrx_word' id='word_1_179' title='bbox 2474 4054 3028 4145; x_wconf 71' lang='lat' dir='ltr'><strong>ordinariorum,</strong></span> 
     </span>
     <span class='ocr_line' id='line_1_28' title="bbox 917 4172 3031 4276; baseline 0 -30"><span class='ocrx_word' id='word_1_180' title='bbox 917 4172 1307 4249; x_wconf 80' lang='lat' dir='ltr'><strong>existentes</strong></span> <span class='ocrx_word' id='word_1_181' title='bbox 1349 4173 1480 4246; x_wconf 90' lang='lat' dir='ltr'><strong>sibi</strong></span> <span class='ocrx_word' id='word_1_182' title='bbox 1519 4174 1968 4271; x_wconf 84' lang='lat' dir='ltr'><strong>aggregandi,</strong></span> <span class='ocrx_word' id='word_1_183' title='bbox 2032 4177 2272 4276; x_wconf 89' lang='lat' dir='ltr'><strong>eisque</strong></span> <span class='ocrx_word' id='word_1_184' title='bbox 2327 4199 2577 4251; x_wconf 90' lang='lat' dir='ltr'><strong>omnes</strong></span> <span class='ocrx_word' id='word_1_185' title='bbox 2616 4187 2691 4249; x_wconf 92' lang='lat' dir='ltr'><strong>et</strong></span> <span class='ocrx_word' id='word_1_186' title='bbox 2726 4176 3031 4273; x_wconf 87' lang='lat' dir='ltr'><strong>singulas</strong></span> 
     </span>
    </p>
   </div>
  </div>
 </body>
</html>
