3317 5267
845 450 947 521 80

835 562 1356 651 stitutionibus,
1395 578 1471 637 et
1508 548 2065 639 ordinationibus
2107 558 2556 655 Apostolicis,
2597 562 2988 661 privilegiis

838 688 1147 779 quo'que,
1199 679 1517 769 indultis,
1574 693 1648 755 et
1692 680 1950 754 litteris
1986 674 2408 774 Apostolicis
2444 676 2822 773 quibusvis
2857 704 2988 754 su-

836 798 1257 897 perioribus,
1288 811 1363 873 et
1396 802 1720 896 personis
1755 801 1830 873 in
1865 820 2152 896 genere,
2195 794 2308 869 vel
2343 796 2416 867 in
2455 799 2720 892 specie,
2760 798 2982 873 etiam

836 916 970 989 sub
996 914 1561 1014 quibuscumque
1590 916 1980 1001 tenoribus,
2011 923 2088 987 et
2109 912 2388 999 formiS,
2419 934 2502 987 ac
2537 914 2672 989 sub
2696 912 2990 1013 quibus-

838 1034 973 1119 vis»,
1003 1034 1222 1105 etiam
1248 1033 1848 1129 derogator-iarum
1887 1028 2374 1126 derogatoriis,
2413 1028 2708 1127 aliisque
2745 1030 2991 1105 effica-

836 1149 1141 1226 cioribus
1192 1162 1269 1225 et
1302 1150 1831 1235 efficacissimis,
1871 1170 1954 1221 ac
1989 1146 2288 1221 insolitis
2325 1146 2654 1222 clausulis
2693 1150 2988 1223 irritan-
3093 1204 3104 1213 .

838 1268 1169 1365 tibusque
1198 1320 1221 1356 ,
1276 1280 1351 1343 et
1402 1269 1555 1343 aliis
1613 1266 1932 1341 Decretis
1964 1318 1985 1353 ,
2041 1266 2260 1339 etiam
2331 1262 2534 1340 Motu
2561 1318 2584 1352 ,
2639 1266 2986 1353 Scientia,

835 1397 911 1461 ct
962 1384 1347 1461 Potestatis
1400 1386 1842 1481 plenitudine
1895 1381 2268 1469 similibus,
2323 1404 2406 1456 ac
2459 1383 2676 1457 etiam
2729 1386 2986 1461 consi-—

840 1504 1246 1592 storialiter,
1274 1525 1405 1577 seu
1438 1502 1609 1576 alias
1646 1503 1718 1576 in
1755 1502 2189 1575 contrarium
2216 1501 2773 1596 praemissorum
2811 1526 2990 1601 quo-

833 1619 1223 1698 modolibet
1247 1619 1487 1696 forsan
1513 1620 1893 1706 concessis,
1935 1616 2370 1714 approbatis,
2409 1617 2881 1706 confirmatis,
2907 1630 2988 1692 et

834 1740 1217 1827 innovatis,
1270 1737 1527 1837 quibus
1580 1735 1938 1821 omnibus,
1993 1734 2275 1808 etiamsi
2327 1758 2456 1831 pro
2495 1735 2776 1811 illorum
2831 1736 2992 1811 sui*-

836 1858 1039 1932 flcien
1048 1856 1100 1929 ti
1132 1854 1585 1952 derogatione
1622 1853 1712 1926 de
1765 1852 1900 1927 illis
1955 1872 2343 1947 eorumque
2383 1852 2556 1927 totis
2607 1852 2984 1929 tenoribus

833 1974 1157 2073 specialis
1196 2025 1219 2062 ,
1273 1972 1594 2069 specifica
1632 2022 1657 2057 ‚
1741 1990 2082 2065 expressa
2121 2020 2146 2055 ,
2209 1979 2285 2042 et
2337 1968 2698 2045 individua
2737 2022 2760 2059 ,
2837 1994 2985 2047 non

836 2102 1077 2165 autem
1102 2112 1231 2187 per
1263 2088 1611 2163 clausulas
1636 2085 2004 2183 generales
2033 2084 2219 2159 idem
2250 2085 2751 2181 importantes,
2786 2110 2990 2163 men-

840 2208 941 2283 tio
970 2258 993 2295 ,
1072 2229 1201 2281 seu
1250 2204 1545 2302 quaevis
1594 2202 1733 2276 alia
1787 2201 2150 2297 expressio
2203 2200 2528 2275 habenda
2569 2254 2592 2291 ,
2675 2214 2804 2277 aut
2851 2204 2988 2277 ali-

834 2350 976 2425 qua
1026 2326 1167 2401 alia
1216 2325 1572 2422 exquisita
1622 2322 1852 2399 forma
1907 2322 1996 2397 ad
2046 2320 2186 2399 hoc
2236 2324 2582 2397 servanda
2619 2322 2832 2413 soret,
2875 2338 2992 2401 te-

834 2468 1045 2523 nores
1094 2442 1526 2530 huiusmodi,
1586 2464 1670 2515 ac
1721 2439 1784 2515 si
1834 2439 1922 2514 de
1975 2436 2196 2513 verbo
2231 2438 2318 2513 ad
2357 2438 2684 2525 verbum,
2717 2441 2816 2515 nil
2852 2464 2990 2539 pe-

831 2566 1025 2639 nitus
1076 2562 1345 2638 omisso
1384 2614 1407 2649 ,
1462 2569 1539 2636 et
1590 2560 1824 2635 forma
1880 2559 1952 2631 in
2019 2556 2154 2631 illis
2217 2558 2478 2631 tradita
2540 2557 2919 2635 observata
2961 2614 2988 2651 ,

830 2681 1081 2757 inserti
1131 2680 1367 2757 forent
1416 2680 1690 2755 eisdem
1744 2698 2044 2774 praesen
2055 2674 2244 2749 tibus
2281 2698 2410 2771 pro
2443 2676 2652 2772 plene
2705 2688 2784 2753 et
2833 2678 2992 2753 suf-

828 2799 1151 2875 ficienter
1203 2797 1559 2895 expressis
1613 2793 1996 2883 habentes,
2051 2793 2192 2867 illis
2227 2792 2402 2867 alias
2437 2795 2510 2867 in
2551 2817 2680 2869 suo
2729 2796 2986 2873 robore

830 2916 1339 3014 permansuris,
1392 2914 1742 2989 latissime
1770 2924 1872 2985 .et
1921 2911 2392 3008 amplissime,
2447 2934 2532 2987 ac
2583 2898 2985 3009 specialiter

830 3043 908 3107 et
958 3055 1292 3129 expresse
1332 3084 1355 3121 ,
1395 3033 1483 3107 ad
1536 3029 1872 3104 effectum
1927 3030 2410 3124 praesentium
2464 3042 2544 3105 et
2596 3032 2986 3108 validitatis

818 3136 1154 3227 ⁴omnium
1192 3161 1269 3224 et
1309 3148 1748 3247 singulorum
1785 3146 2366 3242 praemissorum,
2402 3147 2540 3221 hac
2575 3149 2730 3223 vice
2778 3150 2981 3225 dum-

833 3280 1062 3357 taxat,
1118 3279 1345 3357 motu,
1400 3266 1698 3342 scientia
1751 3276 1827 3339 et
1879 3264 2258 3361 potestatis
2307 3264 2750 3361 plenitudine
2787 3269 2988 3364 pari-

830 3385 965 3461 bus
1005 3440 1028 3475 ,
1082 3387 1337 3461 harum
1390 3408 1678 3483 quoque
1731 3384 1912 3457 serie
1951 3434 1972 3471 ,
2027 3383 2452 3479 derogamus
2495 3436 2517 3473 ,
2579 3386 2986 3484 ceterisque

832 3506 1203 3583 contrariis
1264 3505 1860 3603 quibuscumque.

990 3624 1331 3703 Volumus
1384 3636 1629 3699 autem
1686 3623 1876 3721 quod
1925 3623 2160 3697 dictus
2237 3622 2550 3703 Marinus
2603 3624 2980 3724 Archiepi-

832 3768 1091 3841 scopus
1120 3794 1139 3831 ,
1200 3756 1345 3819 tres
1396 3742 1577 3817 infra
1648 3764 1938 3815 menses
2001 3740 2092 3813 ab
2139 3740 2428 3836 expleta
2487 3744 2982 3840 praesentium

836 3860 1336 3957 exequutione,
1392 3859 1770 3955 diligenter
1819 3856 1910 3931 ad
1961 3856 2148 3929 hane
2203 3854 2680 3951 Apostolicam
2715 3859 2978 3935 Sedem

836 3980 1321 4053 transmittere
1400 3988 1732 4053 teneatur
1808 3974 2304 4049 authenticum
2387 3976 2752 4074 exemplar
2835 4002 2982 4053 cu-

848 4095 1069 4171 iusvis
1122 4093 1389 4169 ferendi
1448 4094 1722 4169 decreti
1783 4116 1864 4167 ex
1875 4090 2358 4188 equutorialis,
2397 4095 2503 4167 uti
2553 4094 2840 4169 insimul
2899 4097 2976 4169 in

837 4216 1245 4293 Secretaria
1298 4213 1884 4311 Congregationis
1935 4211 2010 4285 S.
2071 4210 2160 4285 R.
2216 4209 2571 4288 Ecclesiae
2625 4212 2980 4289 cardina-
