3317 5267
893 459 990 527 24

893 582 1050 646 tum
1101 572 1236 646 illis
1285 573 1532 661 etiam,
1555 572 1566 583 ’
1587 573 1712 671 qui
1766 596 1861 647 ex
1909 572 2121 651 buius
2176 572 2619 671 spostolicae
2654 574 2857 651 Sedis
2910 578 3024 651 in—

888 694 1252 791 dulgentia
1301 712 1392 771 ex
1452 696 1727 771 dierum
1774 698 1866 771 de
1916 708 2295 794 praecepto
2330 694 2675 773 festorum
2712 716 3013 775 numero

891 810 1179 900 sublati,
1233 833 1318 887 ac
1370 816 1692 889 translati
1742 825 1911 890 sunt
1939 864 1960 902 ,
2016 816 2619 913 quemadmodum
2674 817 2810 913 ipsi
2862 819 3023 890 ani-—

893 948 1176 1001 marum
1227 940 1586 1007 curatores
1635 930 1991 1007 debebant
2019 984 2042 1021 ,
2100 934 2271 1008 dum
2310 944 2705 1009 memorata
2761 932 3029 1007 Urbani

901 1042 1060 1119 vlll
1113 1045 1544 1124 Constitutio
1594 1053 1669 1123 in
1718 1051 1931 1149 pleno
1981 1072 2111 1127 suo
2160 1050 2411 1128 robore
2450 1048 2763 1149 vigebat,
2820 1064 3032 1126 ante·

897 1186 1116 1262 quam
1193 1164 1430 1241 festivi
1479 1167 1570 1242 de
1617 1178 1995 1266 praecepto
2038 1169 2189 1243 dies
2238 1164 2833 1245 imminuerentur
2870 1220 2893 1255 ,
2952 1180 3031 1242 et

897 1282 1468 1360 transferrentur.
1508 1284 1713 1377 Quod
1762 1309 1933 1363 vero
1966 1286 2230 1361 attinet
2258 1286 2345 1360 ad
2380 1285 2604 1361 festos
2640 1286 3025 1360 translatos

891 1398 1044 1473 dics
1095 1399 1164 1473 id
1217 1422 1439 1476 unum
1475 1403 1897 1501 excipimuS,
1930 1415 2009 1478 ut
2042 1403 2311 1477 scilicet
2345 1404 2627 1500 quando
2664 1420 2805 1475 una
2856 1418 3023 1477 cum

891 1517 1344 1595 solemnitate
1377 1520 1697 1596 divinum
1724 1516 2033 1597 officium
2060 1520 2477 1596 translatum
2516 1518 2731 1593 fuerit
2764 1520 2838 1593 in
2878 1514 3029 1593 Do-

893 1635 1236 1711 minicum
1285 1638 1503 1726 diem,
1557 1660 1703 1712 una
1754 1649 2035 1711 tantum
2072 1636 2285 1712 Missa
2338 1655 2467 1733 pro
2518 1635 2785 1732 populo
2836 1636 2935 1710 sit
2982 1656 3027 1707 a

893 1754 1218 1851 parochis
1243 1756 1683 1853 applicanda,
1720 1754 2293 1854 quandoquidem
2330 1752 2571 1842 Missa,
2611 1775 2795 1853 quae
2832 1776 3032 1851 prae—
3126 1846 3141 1861 ⁵

897 1872 1105 1968 cipua
1156 1872 1372 1947 divini
1425 1872 1632 1949 officii
1686 1896 1849 1971 pars
1892 1884 2029 1961 est,
2068 1893 2207 1947 una
2242 1872 2452 1947 simul
2489 1888 2654 1946 cum
2708 1872 2863 1969 ipso
2916 1868 3031 1945 of·-

895 1986 1054 2063 ficio
1109 1989 1446 2065 translata
1495 1991 1892 2065 existimari
1940 1989 2177 2065 debet.

1053 2104 1255 2183 Nunc
1305 2128 1476 2183 vero
1527 2112 1804 2205 paterni
1854 2110 2072 2183 animi
2124 2107 2359 2184 Nostri
2394 2108 2691 2182 caritate
2746 2107 3027 2183 illorum

901 2226 1366 2322 parochorum
1401 2226 1896 2324 tranquillitati
1929 2228 2337 2323 prospicere
2374 2225 2720 2313 volentes,
2759 2226 2880 2324 qui
2931 2224 3028 2301 ob

899 2352 1246 2417 assertam
1297 2343 1876 2417 consuetudinem
1942 2341 2353 2417 memoratis
2434 2340 2683 2417 diebus
2734 2341 3023 2416 Missam

899 2478 1030 2555 pro
1077 2461 1338 2558 populo
1371 2460 1723 2560 applicare
1756 2460 2174 2548 omiserunt,
2214 2460 2501 2535 eosdem
2540 2460 2883 2559 parochos
2934 2458 3029 2531 ab

897 2582 1230 2658 omnibus
1279 2583 1673 2682 quibusque
1724 2580 2127 2681 praeteritis
2179 2582 2679 2659 omissionibus
2757 2580 3027 2657 Aucto-

891 2697 1102 2772 ritate
1153 2698 1408 2775 Nostra
1461 2698 1861 2798 Apostolica
1924 2700 2335 2798 plenissime
2412 2698 2870 2774 absolvimus.
2927 2696 3027 2771 Et

891 2818 1230 2913 quoniam
1283 2838 1424 2896 non
1477 2818 1737 2895 desunt
1796 2821 2193 2894 animarum
2254 2830 2641 2907 curatores,
2708 2820 2829 2916 qui
2880 2840 3029 2915 pe·-

889 2936 1152 3012 culiare
1203 2936 1484 3038 aliquod
1533 2940 1988 3027 reductioniS,
2042 2940 2155 3014 uti
2208 2939 2477 3027 dicunt,
2520 2938 2879 3014 lndultum
2932 2935 3027 3011 ab

892 3050 1028 3130 hac
1080 3052 1486 3154 Apostolica
1533 3056 1718 3132 Sede
1768 3054 2164 3155 obtinuere,
2224 3055 2702 3142 concedimus,
2758 3066 2839 3129 ut
2890 3053 3029 3151 ipsi

895 3171 1188 3249 huiusce
1223 3170 1482 3249 Indulti
1517 3173 1857 3249 beneficio
1896 3172 2159 3271 perfrui
2194 3159 2496 3270 pergant
2528 3173 2729 3247 iuxta
2780 3182 3025 3245 tamen

891 3293 1336 3368 conditiones
1389 3294 1460 3368 in
1516 3291 1797 3368 indulto
1848 3311 2253 3388 expressas,
2294 3301 2371 3365 et
2402 3290 2627 3367 donec
2678 3288 3027 3387 parocho-

895 3433 1057 3485 rum
1110 3410 1418 3487 officium
1455 3409 1905 3486 exercuerint
1940 3412 2014 3484 in
2050 3410 2423 3508 paroeciis,
2462 3428 2639 3507 quas
2690 3409 2764 3482 in
2816 3430 3028 3506 prae-

895 3530 1287 3604 sentiarum
1338 3542 1596 3627 regunt
1646 3538 1721 3603 et
1774 3530 2297 3603 administrant.

1051 3644 1236 3720 Dum
1291 3658 1531 3721 autem
1583 3642 1759 3719 haec
1810 3647 2191 3720 statuimus
2223 3697 2243 3732 ,
2300 3652 2375 3717 et
2424 3640 2893 3739 indulgemus,
2949 3643 3021 3715 in

894 3784 1054 3837 eam
1108 3762 1425 3861 profecto
1477 3780 1679 3859 spem
1732 3764 2069 3860 erigimur
2127 3762 2305 3848 fore,
2346 3758 2796 3835 Venerabiles
2850 3756 3025 3831 Fra-

897 3894 1072 3971 tres,
1131 3893 1212 3957 ut
1258 3880 1549 3980 parochi
1603 3882 1869 3957 maiore
1923 3898 2147 3977 usque
2200 3881 2598 3954 animarum
2662 3876 2897 3953 studio
2950 3890 3027 3951 et

899 4022 1142 4076 amore
1195 3998 1464 4073 incensi
1499 3997 1665 4075 huic
1698 3998 2108 4096 obligationi
2144 3992 2541 4096 applicandi
2578 3994 2867 4071 Missam
2890 4014 3025 4091 pro

899 4115 1160 4215 populo
1193 4116 1731 4215 diligentissime
1768 4138 1851 4191 ac
1876 4112 2397 4214 religiosissime
2432 4113 2841 4190 satisfacere
2869 4111 3023 4211 glo-

895 4237 1164 4311 rientur
1193 4236 1376 4311 serio
1401 4236 1928 4311 considerantes
1952 4236 2379 4311 uberrimam
2404 4231 2819 4311 caelestium
2830 4254 3029 4329 prae·-
