3317 5267
857 461 1000 530 700

865 597 898 643 >i
959 595 1115 646 sese
1153 572 1610 658 exorabilem,
1651 570 1983 646 omnibus
2010 571 2636 646 clementissimam
2664 571 2983 671 praebet,

858 715 892 760 »
952 691 1272 764 omnium
1311 687 1771 792 necessitates
1798 689 2241 784 amplissimo
2268 690 2573 788 quodam
2604 690 2989 764 miseratur

861 831 894 876 ι»
955 807 1212 881 affeetu
1247 832 1280 875 ι)
1341 807 1476 905 (1).
1533 820 1749 904 atque
1802 819 2050 904 utpote
2106 807 2376 905 Regina
2428 809 2717 883 adstans
2768 833 2811 882 a
2862 809 2997 883 de-

853 926 1034 997 xtris
1091 923 1450 1020 Unigeniti
1503 922 1655 996 Filii
1710 923 1833 998 Sui
1888 921 2173 1000 Domini
2225 925 2461 1000 Nostri
2517 925 2675 1000 lesu
2718 925 2991 1000 Christi

855 1042 930 1114 in
989 1044 1250 1116 vestitu
1286 1044 1622 1116 deaurato
1676 1044 2209 1117 circumamicta
2236 1046 2580 1118 varietate
2634 1045 2987 1128 nihil-est,

854 1163 1050 1259 quod
1107 1159 1198 1234 ab
1233 1159 1340 1236 Eo
1391 1161 1771 1258 impetrare
1808 1185 1951 1234 non
2004 1161 2264 1235 valeat.
2322 1161 2665 1260 Suffragia
2701 1185 2991 1260 quoque

848 1293 1178 1378 petamus
1231 1279 1632 1354 Beatissimi
1688 1277 1876 1352 Petri
1932 1277 2424 1375 Apostolorum
2479 1276 2851 1376 Principis,
2910 1291 2991 1352 et

852 1395 1254 1494 Coapostoli
1307 1399 1460 1472 eius
1511 1396 1736 1485 Pauli,
1792 1399 2253 1496 omniumque
2306 1397 2724 1472 Sanctorum
2802 1395 2987 1499 Cae-

845 1515 1081 1603 litum,
1137 1516 1259 1611 qui
1311 1513 1478 1590 faeti
1533 1515 1674 1587 iam
1710 1516 1937 1588 'amici
1992 1513 2120 1588 Dei
2160 1527 2637 1612 pervenerunt
2688 1515 2775 1588 ad
2824 1537 2989 1588 oae-

840 1633 1046 1708 lestia
1095 1655 1312 1729 regna
1343 1685 1362 1718 ,
1420 1645 1496 1704 et
1549 1632 1866 1706 coronati
1922 1633 2285 1727 possident
2336 1632 2645 1729 palmam
2678 1683 2699 1718 ,
2754 1655 2837 1705 ae
2888 1632 2985 1706 de

839 1773 968 1824 sua
1019 1748 1556 1824 immortalitate
1607 1749 1865 1836 securi,
1903 1749 1991 1822 de
2044 1763 2289 1823 nostra
2326 1763 2497 1824 sunt
2544 1749 2779 1824 salute
2830 1748 2981 1823 sol-

835 1863 1033 1938 liciti.

989 1981 1310 2078 Denique
1372 1983 1783 2082 caelestium
1862 1982 2183 2056 omnium
2264 1983 2611 2056 donorum
2690 1981 2970 2078 copiam

833 2097 1050 2175 Vobis
1075 2123 1116 2172 a
1171 2097 1320 2174 Deo
1355 2124 1448 2174 ex
1501 2100 1741 2174 animo
1768 2099 2233 2196 adpreeantes
2264 2097 2637 2193 singularis
2666 2096 2971 2174 Nostrae

838 2221 912 2292 in
968 2217 1111 2294 Vos
1163 2220 1479 2294 caritatis
1541 2223 1797 2317 pignus
1854 2217 2333 2316 Apostolicam
2387 2217 2969 2295 Benedictionem

833 2359 923 2410 ex
978 2337 1230 2410 intimo
1283 2337 1490 2411 corde
1543 2337 1933 2433 profectam
1995 2335 2213 2409 Vobis
2268 2337 2464 2432 ipsis,
2516 2333 2973 2411 venerabiles

836 2455 1144 2544 Fratres,
1175 2460 1588 2556 cunctisque
1643 2457 1957 2543 Clerici&
1999 2454 2367 2555 Laicisque
2402 2457 2727 2534 fidelibus
2758 2481 2965 2532 curae

836 2583 1118 2647 vestrae
1171 2575 1575 2648 commissis⁴
1623 2586 2077 2670 peramanter
2126 2575 2607 2671 impertimus.

983 2691 1243 2768 Datum
1299 2695 1570 2768 Romae
1617 2695 1801 2791 apud
1856 2694 1932 2768 S.
1968 2691 2261 2768 Petrum
2296 2695 2411 2769 die
2468 2693 2629 2768 Vlll
2658 2693 2959 2768 Decem-

827 2809 974 2885 bris
1061 2835 1246 2887 anno
1311 2815 1499 2884 1864
1535 2861 1556 2898 ,
1609 2811 1887 2886 decimo
1967 2833 2006 2884 a
2058 2811 2459 2908 dogmatica
2540 2809 2965 2886 Definitione

829 2929 1334 3004 immaculatae
1380 2917 1875 3024 Conceptionis
1929 2925 2273 3023 Deiparae
2313 2926 2615 3023 Virginis
2671 2927 2962 3003 Mariae.

980 3045 1436 3122 Pontificatus
1488 3045 1723 3121 Nostri
1782 3043 1985 3120 Anno
2036 3043 2543 3182 Decimonono.

980 3250 1072 3330 (1)
1095 3249 1155 3314 S.
1189 3247 1476 3312 Bernard.
1509 3249 1699 3314 Serm.
1732 3247 1809 3312 de
1834 3243 2149 3313 duodecim
2178 3245 2610 3332 praerogativis
2636 3245 2707 3310 B.
2736 3246 2823 3314 M.
2868 3247 2940 3312 V.

825 3363 900 3409 ex
924 3344 1121 3409 verbis
1161 3345 1487 3431 Apocalyp.
