3317 5267
857 489 1000 559 516
1443 596 1694 689 PIUS
1756 595 2357 690 EPISCOPUS

1558 979 1779 1028 SERVVS
1818 981 2121 1032 SERVORV!
2164 984 2260 1030 BR!

1433 1305 1506 1350 An
1553 1301 1883 1354 nnrnrvm
1928 1307 2021 1352 BE!
2078 1307 2385 1356 nannum!

845 1653 909 1747 S.
977 1657 1043 1725 ί.
1103 1569 1210 1728 In
1269 1651 1398 1726 Dei
1452 1655 1899 1752 proximique
1950 1677 2191 1728 amore
2254 1656 2473 1730 totius
2536 1657 2709 1752 legis
2770 1680 2979 1730 eom-

713 1771 718 1776 ’
843 1769 1178 1864 pendium
1241 1793 1398 1844 esse
1461 1771 1917 1844 statuendum
1951 1821 1971 1856 ,
2041 1781 2196 1841 tum
2266 1772 2522 1845 veteris
2586 1784 2737 1844 tum
2802 1774 2975 1844 novi

847 1889 1257 1961 testamenti
1329 1900 1797 1961 monumenta
1866 1889 2316 1986 apertissime
2406 1889 2689 1963 docent.
2781 1888 2975 1962 Deus

846 2005 1034 2100 enim
1093 2016 1244 2080 toto
1295 2005 1529 2092 corde,
1585 2017 1737 2080 tota
1780 2007 2041 2094 anima,
2098 2019 2249 2080 tota
2320 2020 2587 2094 mente,
2654 2009 2971 2102 totisque

843 2121 1134 2208 viribuS‚
1191 2122 1695 2218 proximusque
1746 2135 2015 2209 noster,
2074 2135 2152 2194 ut
2190 2123 2633 2220 nosmetipsi,
2668 2123 2975 2218 diligen-

842 2237 973 2310 dus
1029 2251 1164 2310 cst.
1221 2235 1422 2326 Quod
1479 2239 1919 2324 mandatum,
1976 2259 2139 2311 cum
2194 2235 2519 2312 Christus
2576 2239 2795 2314 homo
2858 2237 2969 2312 fa-

838 2367 996 2428 ctus
1047 2377 1232 2430 nova
1288 2367 1658 2450 praecepta
1712 2355 1976 2428 mundo
2030 2355 2491 2441 exhibuisset,
2550 2379 2691 2430 non
2756 2358 2969 2432 modo

695 2529 706 2544 .
838 2495 981 2546 non
1033 2472 1420 2569 abrogavit,
1476 2473 1602 2545 sed
1654 2471 2130 2559 confirmavit,
2189 2495 2456 2569 suoque
2494 2474 2822 2570 exemplo
2846 2499 2970 2548 ro-

839 2589 1140 2664 boravit.
1211 2591 1630 2664 pertransiit
1688 2591 1875 2663 enim
1946 2587 2384 2664 Palaestinae
2458 2595 2775 2688 regiones
2836 2617 2971 2666 sa·-

835 2707 1094 2794 nando‚
1151 2707 1560 2795 erudiendo,
1613 2704 2171 2794 benefaciendo,·
2211 2721 2285 2780 et
2346 2708 2418 2779 in
2482 2707 2669 2804 ligno
2730 2707 2967 2781 hostia

835 2825 1356 2922 propitiationis
1421 2823 1743 2911 effectuS‚
1811 2822 2007 2896 Patri
2068 2849 2197 2898 suo
2262 2837 2663 2920 peccatores
2714 2849 2969 2900 recon-

835 2942 1106 3015 ciliavit
1134 2993 1156 3029 ,
1233 2941 1548 3039 caelique
1622 2963 1839 3038 regna
1914 2941 2179 3014 iamdiu
2246 2941 2485 3013 clausa
2560 2941 2969 3016 hominibus

831 3057 1189 3155 patefecit.
1249 3057 1356 3131 Ex
1412 3059 1669 3156 quibus
1734 3058 1981 3155 liquet,
2054 3049 2445 3154 Augustino
2512 3069 2723 3148 teste,
2787 3060 2969 3133 dile-

831 3177 1140 3250 ctionem
1196 3176 1541 3248 vit-tutum
1595 3176 1917 3247 omnium
1972 3197 2129 3247 esse
2193 3175 2698 3264 substantiam,
2764 3189 2971 3250 natu-

813 3285 1194 3390 ralemque
1249 3293 1692 3389 magistram.
1752 3291 1961 3366 Hisce
2004 3292 2215 3388 igitur
2256 3295 2677 3391 pracceptiS,
2716 3317 2971 3370 exem-

826 3415 1100 3511 plisque
1163 3412 1526 3485 admonita
1593 3411 1935 3485 catholica
2002 3403 2313 3485 Ecclesia
2384 3415 2757 3488 caritatem
2830 3413 2965 3486 sibi

826 3533 1182 3630 propriam
1233 3531 1573 3604 continuo
1626 3529 1905 3615 habuit,
1965 3552 2267 3628 eamque
2322 3529 2585 3604 Christi
2641 3529 2965 3606 fidelibus

823 3649 1317 3725 commendare
1373 3673 1514 3723 non
1569 3647 1805 3720 desiit.
1862 3645 1973 3720 Ex
2031 3671 2172 3744 quo
2226 3649 2476 3722 deinde
2514 3647 2779 3723 sactum
2820 3661 2959 3734 est,

819 3778 904 3841 ut
956 3766 1234 3863 plurimi
1293 3763 1656 3838 Christum
1712 3775 2243 3860 praeceptorem
2310 3765 2596 3850 imitati,
2660 3763 2956 3860 perfecti

823 3883 895 3958 in
949 3883 1177 3958 Deum
1231 3905 1313 3955 ac
1365 3863 1775 3978 proximum
1829 3883 2091 3956 amoris
2145 3881 2477 3977 exempla
2532 3905 2745 3978 quam
2798 3903 2961 3953 ma-

819 4003 1014 4074 xima
1069 4000 1507 4098 reliquerint.
1563 3995 1833 4074 Horum
1890 3999 1961 4070 in
2000 4022 2295 4073 numero
2333 3999 2805 4072 recensendus
2846 4011 2960 4070 cst

812 4115 1134 4208 Michael,
1189 4121 1312 4216 qui
1348 4115 1683 4214 appellari
1725 4115 1945 4190 voluit
1982 4140 2022 4188 a
2060 4117 2365 4204 SanctiS,
2404 4117 2737 4191 sacerdos
2778 4139 2947 4212 pro-

811 4232 1040 4310 fessus
1109 4235 1390 4310 Ordinis
1465 4233 1834 4310 severioris
1872 4233 2363 4308 observantiae
2401 4233 2949 4330 augustissimae
