3317 5267
852 420 991 493 ¹22

844 549 921 609 et
956 536 1469 611 ecclesiasticae
1544 539 1950 635 disciplinae
2016 538 2354 634 splendor
2392 589 2414 623 ‚
2469 548 2548 611 et
2597 538 2962 617 Ecclesiae

844 653 1081 749 legum
1116 653 1588 743 observantia,
1626 678 2047 753 morumque
2081 653 2424 752 probitas,
2480 654 2844 743 honestas,
2893 668 2972 729 et

842 772 1265 849 christianae
1316 776 1603 871 pietatis
1654 798 1736 849 ac
1787 778 2073 849 virtutis
2123 796 2348 863 amor,
2405 785 2481 848 et
2531 798 2744 872 opera
2787 798 2972 871 quo-

854 889 1021 962 tidie
1074 891 1297 987 magis
1348 889 1770 989 refulgeant.

1008 1005 1483 1091 Decernentes
1516 1014 1804 1087 easdem
1829 1022 2242 1109 praesentes
2269 1008 2578 1085 Litteras
2603 1010 2796 1085 nullo
2830 1034 2974 1085 un-

852 1150 1071 1223 quam
1124 1141 1445 1227 tempore
1496 1133 1585 1206 de
1636 1132 2118 1229 subreptionis
2169 1144 2246 1206 et
2295 1131 2730 1228 obreptionis
2760 1182 2782 1219 ,
2847 1144 2976 1205 aut

855 1246 1199 1323 nullitatis
1250 1249 1423 1325 vitio
1474 1250 1587 1323 vel
1638 1252 2054 1327 intentionis
2087 1249 2412 1338 Nostrae,
2467 1260 2594 1322 aut
2617 1248 2752 1325 alio
2789 1274 2974 1347 quo-

850 1388 1182 1465 cumque,
1235 1370 1565 1466 quamvis
1618 1392 1878 1468 magno
1908 1422 1930 1460 ,
1985 1381 2114 1443 aut
2163 1370 2640 1465 inexcogitato
2691 1366 2978 1443 defectu

852 1486 1111 1573 notari,
1168 1498 1293 1559 aut
1342 1488 1738 1584 impugnari
1788 1511 2026 1586 posse,
2053 1487 2182 1561 sed
2223 1507 2506 1582 semper
2539 1485 2808 1573 firmas,
2851 1506 2980 1557 va-

854 1599 1057 1689 lidas,
1112 1612 1188 1675 et
1238 1603 1553 1677 efficaces
1618 1605 1921 1678 existere
1973 1616 2048 1678 et
2101 1602 2252 1678 fore
2283 1656 2304 1693 ,
2359 1624 2666 1699 suosque
2728 1602 2982 1697 plena-

856 1718 1001 1793 rios
1054 1730 1131 1791 et
1178 1720 1491 1817 integros
1540 1720 1834 1795 effectus
1883 1722 2119 1796 sortiri
2173 1732 2248 1797 et
2301 1720 2619 1796 obtinere
2651 1773 2672 1808 ,
2727 1731 2806 1793 et
2863 1721 2983 1793 in·

856 1837 1279 1914 violabiliter
1328 1840 1690 1915 observari
1721 1841 2006 1930 debere,
2035 1865 2404 1939 quousque
2439 1841 2880 1916 conditiones
2909 1850 2984 1913 et

858 1966 1066 2050 pacta
1118 1956 1191 2029 in
1244 1956 1584 2031 Tractatu
1618 1979 1953 2054 expressa
1989 1969 2389 2032 serventur.
2433 1956 2593 2032 Non
2629 1954 2984 2031 obstanti-

860 2071 995 2147 bus
1049 2071 1469 2169 Apostolicis
1518 2085 1595 2146 et
1644 2074 1716 2146 in
1769 2074 2263 2171 synodalibus,
2309 2070 2864 2149 Provincialibus
2915 2082 2992 2145 et

863 2187 1391 2265 Universalibus
1442 2188 1770 2266 Consiliis
1855 2192 2064 2265 editis
2114 2191 2557 2286 generalibus
2609 2188 2982 2263 Constitu-

801 2309 811 2321 *
864 2305 1173 2381 tionibus
1222 2319 1299 2381 et
1346 2306 1922 2385 Ordinationibus
1954 2362 1974 2393 ,
2031 2332 2112 2384 ac
2165 2308 2440 2385 Nostris
2494 2321 2572 2383 et
2621 2305 2988 2382 Cancella-

866 2428 1011 2503 riae
1066 2427 1505 2524 Apostolicae
1552 2433 1838 2527 regulis,
1891 2431 2313 2530 praesertim
2346 2431 2435 2506 de
2477 2432 2630 2505 iure
2665 2428 2990 2526 quaesito

866 2570 1011 2624 non
1066 2548 1397 2638 tollendo,
1452 2574 1585 2625 nec
1634 2574 1780 2626 non
1831 2572 2442 2649 quarumcumque
2475 2548 2983 2634 Ecclesiarum,

868 2664 1356 2763 Capitulorum
1387 2720 1408 2755 ,
1465 2667 1908 2766 aliorumque
1961 2667 2252 2744 Piorum
2304 2668 2651 2742 Locorum
2729 2664 2992 2739 funda-

872 2783 1208 2873 tionibus,
1263 2785 1479 2860 etiam
1531 2785 2064 2862 confirmatione
2121 2784 2550 2883 Apostolica,
2589 2784 2703 2860 vel
2737 2784 2992 2881 quavis

868 2903 1203 2980 firmitate
1254 2905 1391 2979 alia
1440 2905 1790 2981 roboratis
1837 2906 2227 3004 privilegiis
2291 2928 2600 3005 quoque,
2669 2900 2988 2989 indultis,

876 3031 953 3093 et
1029 3016 1313 3096 Litteris
1367 3021 1787 3120 Apostolicis
1838 3023 1912 3094 in
1967 3023 2402 3100 contrarium
2464 3006 2996 3120 quomodolibet

872 3144 1248 3231 concessis,
1304 3143 1736 3219 confirmatis
1772 3157 1848 3218 et
1897 3144 2251 3220 innovatis
2282 3196 2304 3233 ,
2359 3144 2752 3240 ceterisque
2801 3164 2994 3215 con—

874 3260 1105 3333 trariis
1130 3258 1711 3359 quibuscumque·
1747 3259 2019 3351 Quibus
2057 3260 2386 3335 omnibus
2415 3271 2489 3333 et
2513 3258 2812 3355 singulis
2837 3257 2995 3335 illo-

870 3399 1033 3450 rum
1068 3387 1350 3452 tenores
1400 3402 1533 3475 pro
1588 3378 1944 3475 expressis
1974 3431 1995 3465 ‚
2051 3388 2128 3450 et
2183 3378 2271 3451 ad
2347 3376 2646 3451 verbum
2702 3374 2988 3449 insertis

878 3495 1247 3585 habenteS,
1284 3498 1419 3572 illis
1472 3499 1642 3572 alias
1707 3500 1780 3571 in
1835 3520 1965 3573 suo
2021 3496 2276 3573 robore
2313 3495 2794 3594 permansuris
2824 3546 2846 3580 ‚
2899 3494 2990 3567 ad

876 3616 1427 3711 praemissorum
1464 3615 1794 3691 effectum
1832 3617 2245 3703 dumtaxat,
2283 3614 2711 3710 specialiter,
2751 3626 2827 3686 et
2863 3634 2998 3685 ex·-

874 3754 1127 3829 presse
1162 3721 1611 3829 derossamuS.

1036 3849 1358 3947 Insuper,
1394 3852 1559 3948 quia
1594 3848 1872 3924 difficile
1896 3846 2086 3923 foret
2119 3858 2534 3944 praesentes
2562 3846 2874 3921 Litteras
2907 3844 2998 3917 ad

882 3964 1180 4062 singula,
1236 3968 1309 4039 in
1359 3968 1616 4066 quibus
1669 3968 1756 4041 de
1809 3967 1910 4041 eis
1961 3966 2136 4040 fides
2186 3962 2506 4039 facienda
2557 3962 2798 4051 fuerit,
2843 3961 2997 4037 loca

883 4084 1167 4172 deferri,
1198 4087 1447 4159 eadem
1503 4084 1900 4183 Apostolica
1941 4084 2382 4161 Auctoritate
2435 4084 2886 4159 decernimus
2923 4094 2996 4153 ct

886 4204 1327 4293 mandamus,
1386 4216 1465 4278 ut
1517 4226 1760 4279 earum
1811 4205 2284 4302 transumptis
2337 4203 2554 4277 etiam
2607 4198 2995 4296 impressis,
