3317 5267
879 446 968 516 68
985 445 1020 512 4

874 581 1008 632 nus
1061 557 1374 654 pietatiS,
1429 568 1535 640 ut,
1563 555 1801 629 divina
1854 554 2139 630 favente
2192 557 2444 654 gratia,
2501 581 2645 635 non
2672 555 2829 632 sine
2856 577 3021 630 ma-

874 699 1012 771 gno
1067 675 1464 746 animarum
1518 671 1753 745 fructu
1806 672 1877 744 in
1930 673 2245 748 Ecclesia
2298 687 2589 750 auctum
2640 673 2857 770 longe
2889 675 3013 758 sit,

873 815 957 865 ac
1007 801 1498 887 propagatum.
1558 785 1875 887 Denique
1910 790 2199 864 dissolvi
2224 793 2547 888 cupienS‚
2602 805 2687 867 ut
2720 791 2809 866 ad
2848 813 3017 865 eae-

871 909 1088 984 lestes
1119 907 1296 1003 Agni
1342 908 1654 1004 nuptiae,
1708 929 1887 1003 quas
1938 917 2309 1004 tantopere
2350 909 2745 1008 deperibat,
2786 908 3019 982 advo-

870 1026 1076 1115 laret,
1129 1049 1274 1102 non
1323 1039 1472 1099 tam
1527 1025 1805 1114 morbo,
1858 1049 2077 1124 quam
2126 1028 2417 1102 flamma
2466 1029 2837 1104 eharitatis
2872 1027 3013 1100 ab-

871 1157 1160 1242 sumpta
1211 1145 1399 1218 diem
1453 1143 1632 1218 obiit
1684 1163 2097 1240 supremum
2152 1147 2429 1222 decimo
2480 1159 2691 1222 sexto
2742 1144 2995 1220 kalen-

867 1266 996 1339 das
1047 1263 1466 1338 Novembris
1519 1285 1706 1337 anno
1758 1261 2300 1338 MDCLxxxx.
2358 1263 2557 1355 Quae
2606 1267 2697 1340 de
2766 1259 3015 1338 Vene-

867 1383 1106 1458 rabilis
1157 1382 1568 1479 Margaritae
1618 1381 1877 1456 Mariae
1954 1384 2335 1457 sanctitate
2385 1385 2785 1458 invaluerat
2852 1381 3017 1477 opi-

869 1503 990 1576 nio
1043 1500 1444 1596 percrebuit
1493 1501 1722 1597 magis
1775 1511 2155 1598 postquam
2210 1503 2363 1598 ipsa
2414 1525 2456 1576 e
2506 1503 2691 1574 vivis
2756 1521 3017 1574 exces-

870 1619 966 1691 sit
1004 1670 1024 1705 ,
1083 1617 1458 1691 accedente
1507 1617 1927 1712 praesertim
1980 1619 2459 1714 prodigiorum
2520 1617 2935 1692 celebritate
2978 1665 3002 1700 ‚

869 1761 1051 1835 quae
1107 1735 1502 1810 Venerabili
1555 1734 1685 1810 Dei
1746 1735 2041 1811 Famula
2102 1739 2528 1836 deprecante
2588 1733 3004 1810 ferebantur

869 1855 1271 1952 contigisse.
1357 1850 1805 1950 Quapropter
1857 1877 2045 1930 anno
2096 1851 2478 1929 MDOCXV
2548 1853 3011 1952 Augustodu-

869 1975 1110 2048 nensis
1167 1971 1480 2046 Antistes
1531 1971 1622 2045 de
1672 1972 1858 2046 illius
1910 1975 2059 2046 vita
2110 1985 2186 2047 et
2212 1973 2527 2048 moribus
2564 1984 3005 2068 opportunas

865 2091 956 2163 de
1010 2112 1206 2164 more
1259 2087 1536 2162 tabulas
1573 2089 1975 2165 condendas
2001 2092 2300 2165 curavit.
2346 2087 2861 2164 Verumtamen
2914 2109 3009 2161 ne

867 2209 955 2280 ad
1007 2206 1308 2280 Sanctae
1357 2205 1560 2280 Sedis
1616 2208 1949 2280 iudicium
2004 2205 2260 2282 deferri
2312 2227 2525 2280 causa
2552 2211 2801 2302 posset
2850 2226 3005 2302 gra-

869 2325 1144 2397 vissimi
1197 2345 1433 2398 rerum
1488 2323 1931 2420 publicarum
1986 2335 2225 2398 motus
2277 2321 2691 2410 effecerunt,
2740 2321 2867 2420 qui
2920 2343 3005 2395 e-

863 2455 1132 2516 xeunte
1185 2444 1462 2518 saeculo
1512 2444 1789 2518 decimo
1842 2454 2093 2519 octavo
2146 2444 2551 2517 universam
2629 2440 2781 2516 fere
2844 2439 2995 2515 Eu·-

863 2579 1112 2655 ropam
1165 2559 1695 2655 perturbarunt.
1752 2559 2012 2635 Sedata
2076 2574 2318 2635 tamen
2380 2559 2990 2636 turbulentissima

861 2678 1166 2776 procella
1217 2687 1652 2774 temporum,
1714 2679 2160 2776 postulatum
2212 2691 2325 2754 est
2378 2677 2815 2775 Apostolicae
2862 2673 2998 2750 Se-

861 2799 971 2873 dis
1023 2797 1356 2872 iudicium
1398 2848 1419 2885 ,
1501 2808 1576 2870 et
1625 2799 1815 2895 apud
1866 2795 2254 2874 Consilium
2326 2797 2402 2872 S.
2460 2795 2552 2871 R.
2638 2793 2995 2870 Ecclesiae

866 2913 1334 2991 Cardinalium
1389 2917 1606 2989 saeris
1661 2917 1915 2991 ritibus
1953 2917 2233 2990 tuendis
2256 2914 2823 3012 praepositorum
2860 2913 2993 2986 in·-

862 3035 1116 3107 stituta
1163 3033 1254 3108 de
1309 3031 1693 3106 virtutibus
1744 3033 2162 3130 quaestione
2190 3083 2213 3119 ,
2268 3031 2525 3129 quibus
2582 3029 2761 3104 Ven.
2818 3029 3001 3104 Har-

859 3152 1084 3247 garita
1137 3149 1577 3223 inclaruisset
1612 3203 1633 3236 ,
1687 3148 1895 3223 rebus
1948 3149 2279 3225 omnibus
2342 3149 2463 3224 diu
2542 3148 2997 3246 multumque

859 3269 1291 3365 ponderatis„
1347 3267 1488 3342 Nos
1543 3270 1833 3343 tandem
1888 3269 2247 3344 heroicum
2275 3268 2429 3341 illas
2466 3267 2787 3365 attigisse
2826 3289 2995 3364 gra-

855 3387 1025 3460 dum
1079 3386 1428 3458 ediximus
1461 3437 1480 3470 ‚
1534 3387 1821 3460 decreto
1892 3385 2223 3481 evulgato
2295 3385 2569 3459 decimo
2638 3383 2981 3458 kalendas

858 3499 1282 3597 septembris
1335 3523 1521 3576 anno
1573 3497 2163 3576 ‘MDCCCXLVL
2246 3499 2523 3574 Exinde
2598 3500 2671 3572 in
2736 3500 2992 3574 eodem

863 3616 1341 3690 Cardinalium
1415 3615 1725 3692 Consilio
1794 3619 2155 3716 proposita
2225 3617 2645 3713 disceptatio
2712 3627 2829 3691 est
2896 3617 2987 3692 de

863 3734 1220 3807 miraculis
1252 3786 1273 3819 ,
1365 3734 1628 3830 quibus
1679 3733 2117 3810 Venerabilis
2168 3733 2587 3832 Margaritae
2638 3735 2983 3809 sanctitas

855 3849 1312 3946 comprobata
1363 3851 1709 3926 divinitus
1762 3852 2137 3940 diceretur,
2192 3874 2275 3926 ac
2311 3863 2695 3949 postquam
2730 3873 2987 3926 severo

857 3967 1104 4042 habito
1159 3969 1488 4042 examine
1541 3981 1696 4043 tum
1752 3991 1795 4042 a
1849 3967 2411 4056 Consultoribus,
2468 3982 2625 4043 tum
2660 3991 2703 4042 a
2740 3967 3027 4074 Canii--

857 4085 1133 4160 nalibus
1185 4085 1298 4158 illa
1353 4083 1656 4161 fuissent
1706 4087 2030 4184 probata,
2086 4085 2257 4174 Noe,
2322 4085 2699 4181 implorato
2778 4097 2987 4160 antea

855 4205 1142 4300 superni
1191 4205 1479 4280 luminis
1533 4208 1819 4294 auxilio,
1877 4209 1967 4282 de
2020 4207 2429 4283 eorumdem
2483 4205 2989 4282 miraculorum
