3317 5267
2357 486 2503 561 323

384 596 706 673 sentibus
733 622 861 696 pro
896 599 1102 696 plene
1158 610 1234 673 et
1288 598 1715 673 sufficienter
1749 582 2104 694 expressis
2158 600 2500 678 habentes

389 716 525 791 illis
555 718 725 791 alias
761 719 833 789 in
887 740 1016 793 sno
1049 717 1302 792 robore
1342 717 1831 816 permansuris
1864 717 2207 793 latissime
2244 730 2318 793 et
2342 744 2503 795 am-

385 830 700 928 plissime
737 856 818 908 ac
881 834 1280 930 specialiter
1303 846 1388 907 et
1421 856 1763 930 expresse
1802 834 1888 907 ad
1926 832 2253 909 effectum
2289 862 2500 935 prae-

388 952 696 1023 sentium
726 964 800 1023 et
827 950 1206 1025 validitatis
1225 949 1551 1025 omnium
1583 960 1658 1024 et
1686 950 2119 1046 singulorum
2150 956 2499 1049 praemis-

383 1086 624 1140 sorum
658 1067 792 1141 hac
820 1068 972 1142 vice
999 1068 1636 1153 dumtaxat-motu,
1666 1066 1981 1141 'scientia
2017 1079 2090 1141 et
2124 1075 2499 1165 potestatis

382 1180 818 1277 plenitudine
874 1184 1157 1281 paribus
1207 1184 1462 1257 harum
1515 1204 1797 1280 quoque
1850 1184 2031 1257 serie
2076 1185 2495 1283 derogamus

373 1302 776 1399 ceterisque
809 1326 956 1403 'con
969 1303 1196 1376 trariis
1249 1301 1841 1401 quibuscumque.

537 1416 880 1493 Volumus
959 1431 1198 1493 autem
1263 1420 1449 1515 quod
1511 1418 1740 1493 dictus
1806 1417 2091 1493 Praesul
2155 1420 2493 1496 Martialis
2558 1500 2565 1511 ,

379 1536 600 1612 Maria
651 1537 892 1633 ejusve
945 1534 1460 1631 Subdelegatns
1495 1559 1622 1610 sex
1659 1535 1840 1610 infra
1892 1560 2177 1611 menses
2231 1538 2321 1611 ab
2374 1561 2492 1612 ex·

382 1654 573 1752 pleta
632 1654 1042 1727 earumdem
1082 1654 1559 1750 praesentium
1597 1654 2075 1752 exequutione
2129 1656 2491 1731 authenti-

375 1794 544 1847 cum
596 1771 960 1867 exemplar
1011 1772 1422 1868 quorumvis
1473 1772 1947 1861 decretorum,
1978 1796 2164 1871 quae
2216 1775 2301 1848 ad
2354 1774 2489 1849 hoc

375 1912 556 1986 opus
593 1887 876 1962 ferenda
911 1887 1196 1975 suerint,
1237 1888 1323 1961 ad
1359 1886 1541 1962 hanc
1577 1888 1652 1963 S.
1694 1888 1950 1963 Sedem
2006 1891 2491 1966 transmittere

376 1996 733 2095 teneatur,
771 2016 851 2080 ut
888 2006 1166 2079 insimul
1221 2006 1294 2077 in
1351 2004 1679 2082 Archivio
1728 2004 2307 2105 congregationis
2344 2009 2487 2085 Ve-

371 2110 792 2199 nerabilinm
847 2126 1063 2199 etiam
1117 2124 1444 2199 Fratrum
1499 2124 1923 2201 Nostrorum
1986 2128 2062 2201 S.
2122 2128 2485 2205 Romanae

371 2242 730 2318 Ecclesiae
767 2241 1237 2317 Cardinalium
1275 2244 1875 2319 consistorialibus
1928 2249 2229 2345 negotiis
2281 2272 2488 2347 prac-

371 2364 646 2459 positae
725 2363 812 2436 ad
892 2373 1308 2460 perpetuam
1360 2363 1460 2437 roi
1541 2364 1963 2439 memoriam
2018 2378 2101 2440 et
2161 2390 2487 2443 normam

367 2482 860 2556 adserventur.

531 2596 871 2674 Volumus
923 2598 1188 2695 pariter
1254 2598 1442 2695 quod
1502 2600 1985 2695 praesentium
2052 2602 2482 2679 Litterarum

369 2716 835 2813 transumptis
887 2716 1102 2789 etiam
1158 2716 1548 2812 impressis,
1613 2740 1833 2792 manu
1896 2731 2138 2793 tamen
2190 2721 2484 2819 alicujus

373 2834 638 2909 Notarii
674 2833 932 2931 publici
971 2834 1384 2930 subscriptis
1421 2846 1496 2908 et
1531 2835 1757 2932 sigillo
1794 2837 2087 2933 alicujus
2140 2861 2482 2936 personae

367 2952 444 3024 in
495 2952 836 3049 dignitate
887 2950 1382 3026 Ecclesiastica
1418 2954 1847 3026 constitutae
1901 2955 2195 3029 munitis
2228 2958 2479 3030 eadem

369 3094 656 3167 prorsus
691 3069 862 3144 fides
890 3071 962 3143 in
987 3069 1256 3166 judicio
1284 3078 1357 3143 et
1383 3081 1584 3144 extra
1613 3070 1780 3145 illud
1819 3072 2256 3161 adhibeatur,
2296 3095 2477 3171 quae

359 3188 634 3261 eisdem
685 3186 1174 3285 praesentibus
1211 3186 1686 3277 adhiberetur,
1743 3189 1802 3263 si
1854 3186 2088 3263 forent
2121 3188 2477 3263 exhibitae

371 3308 483 3383 vel
535 3320 886 3382 ostensae.

521 3422 706 3497 Nulli
758 3449 924 3522 ergo
967 3424 1265 3500 omnino
1285 3424 1662 3500 hominum
1696 3425 1906 3499 liceat
1930 3426 2115 3501 hanc
2142 3426 2471 3524 pagi-nam

365 3538 662 3617 Nostrae
689 3541 1172 3629 absolutionis,
1207 3541 1735 3640 acceptationis,
1762 3545 2258 3640 exemptioniS,
2276 3568 2472 3642 prae-

365 3659 727 3746 finitionis,
757 3662 1169 3750 evectionis,
1223 3660 1625 3747 erectioniS‚
1686 3660 2098 3757 largitioniS‚
2154 3661 2471 3758 assigna-

365 3777 605 3864 tionis,
626 3778 838 3873 jussi,
869 3778 1364 3865 concessionis,
1397 3776 2301 3875 attributionis,praecepti,
2334 3790 2471 3851 sta-

321 3941 332 3951 -
366 3894 530 3980 tuti,
559 3892 1071 3983 declarationiS,
1103 3894 1588 3990 subjectionis,
1630 3893 1907 3979 indulti,
1938 3894 2229 3981 decreti,
2262 3916 2469 3967 man-

353 4010 532 4096 dati,
562 4010 1035 4108 derogationis
1075 4023 1151 4085 et
1189 4010 1571 4087 voluntatis
1610 4009 1988 4107 infringere
2029 4011 2138 4085 vel
2192 4014 2257 4087 ei
2294 4037 2467 4089 ausu

360 4128 738 4203 temerario
764 4128 1139 4216 contraire,
1170 4129 1230 4202 si
1260 4128 1416 4225 quis
1445 4138 1687 4201 autem
1724 4127 1859 4203 hoc
1897 4138 2251 4205 attentare
2276 4154 2469 4231 prae·

350 4246 744 4343 sumpserit
797 4246 1350 4344 indignationem
1405 4244 1908 4343 omnipotentis
1973 4243 2103 4321 Dei
2155 4271 2236 4323 ac
2288 4248 2467 4324 Bea-
