3317 5267
2216 454 2355 525 291

267 562 540 645 stolicae
591 562 754 646 Sedi
805 560 1204 665 praedictae
1258 561 1551 639 liberam
1611 564 2023 642 ihc-sstatem
2070 563 2369 643 moene-a

266 692 384 760 sim
435 689 688 784 ipsam,
728 708 1012 785 quoquo
1051 697 1371 781 ternpore
1407 696 1484 758 et
1517 685 1731 759 modo
1756 700 1990 759 ratum
2041 686 2256 762 fuerit
2290 688 2365 759 in

263 802 550 881 Domino
599 804 930 902 expedire
960 852 982 889 ‚
1037 804 1320 877 noviter
1365 802 2031 891 circumscribendi,
2086 826 2168 877 ac
2223 804 2365 876 im-

261 922 615 1017 pertiendo
665 922 1042 995 dumtaxat
1091 918 1334 993 futuro
1369 924 1450 991 et
1481 940 1610 1014 pro
1645 931 1971 1015 tempore
2024 922 2363 995 existenti

255 1038 592 1136 Episcopo
646 1036 916 1135 Capitis
1006 1036 1288 1111 Haitani
1372 1048 1809 1133 potestatem
1840 1089 1861 1124 ,
1918 1058 2056 1134 qua
2110 1039 2169 1111 si
2210 1086 2231 1123 ‚
2288 1050 2365 1112 et

257 1158 522 1253 quando
585 1156 980 1231 innotuerit
1039 1155 1400 1252 probeque
1453 1156 1857 1230 constiterit
1892 1156 2369 1230 necessarium

263 1296 430 1360 esse,
488 1273 601 1347 vel
653 1272 874 1346 etiam
937 1272 1382 1346 commodius
1411 1284 1486 1345 et
1546 1294 1677 1367 pro
1738 1272 2137 1345 animarum
2194 1292 2365 1345 cura

259 1390 512 1479 utilius,
543 1403 626 1466 ut
661 1392 1008 1488 quaedam
1063 1384 1372 1486 ejusmet
1425 1387 1783 1463 Dioecesis
1820 1390 2195 1465 Paroeciae
2236 1390 2369 1463 ali-
2482 1448 2489 1455 .

253 1520 592 1605 quatenus
627 1504 1328 1591 circumscribantur,
1369 1516 1584 1601 atque
1613 1507 1790 1579 aliae
1828 1508 2109 1581 noviter
2144 1506 2367 1581 confi-

255 1627 552 1713 niantur,
583 1638 756 1699 tunc
781 1646 992 1721 porro
1017 1623 1302 1719 negotia
1337 1623 1743 1697 huiusmodi
1780 1622 2113 1697 adhibitis
2152 1624 2365 1720 quip-

249 1767 332 1841 pe
363 1766 524 1819 cum
560 1741 900 1815 Haitanae
937 1740 1388 1839 Reipublicae
1425 1740 1785 1817 Gubernio
1820 1742 2129 1819 comiliis
2160 1744 2247 1817 ad
2277 1764 2363 1816 ea

246 1863 658 1959 praesertim
686 1878 892 1957 ,quae
955 1861 1290 1935 canonice
1353 1872 1689 1957 oportent
1748 1883 1879 1958 pro
1941 1884 2365 1960 unaquaque

243 1978 622 2057 Parochiali
683 1979 998 2053 Ecclesia
1077 1992 1151 2054 et
1231 1981 1562 2077 congruis
1624 1978 2059 2055 Praebendis
2121 2002 2366 2055 earum

241 2097 622 2174 rectoribus
675 2106 752 2171 et
805 2095 1282 2173 Parochorum
1337 2094 1616 2173 vicariis
1670 2100 2193 2175 coadiutoribus
2246 2122 2365 2174 as·-

239 2216 594 2313 signandis
644 2237 1071 2312 componere
1121 2240 1204 2290 ac
1259 2219 1444 2290 intra
1507 2210 1983 2292 Dioecesanos
2036 2228 2363 2293 tantum-

239 2334 448 2408 modo
499 2332 676 2407 fines
729 2334 1016 2430 penitus
1067 2335 1356 2431 explere
1408 2336 1635 2432 possit
1687 2346 1763 2408 et
1814 2334 2073 2409 valeat.

385 2446 970 2547 Quandoquidem
1035 2450 1337 2525 civicum
1393 2452 1735 2547 oppidum
1788 2449 1935 2547 Cap
1984 2491 2027 2505 -
2078 2450 2357 2526 Haitien

232 2578 744 2664 nuncupatum,
770 2567 958 2664 quod
985 2568 1173 2641 inter
1197 2566 1496 2665 praefati
1523 2563 1973 2666 provincialis
2004 2570 2243 2645 circuli
2265 2570 2362 2645 lo·

231 2706 310 2759 ca
349 2686 762 2759 necessariis
793 2686 1298 2782 praerogativis
1336 2688 1658 2783 apprime
1694 2687 1957 2783 pollere
1996 2700 2355 2774 censetur,

227 2804 318 2878 ad
369 2788 740 2877 civitatem
779 2798 1298 2901 Episcopalem‚
1337 2805 1713 2881 fruituram
1754 2808 2087 2904 deinceps
2132 2809 2357 2885 omni-

223 2922 360 2995 bus
395 2934 472 2995 et
505 2920 800 3017 singuiis
838 2922 1250 3010 honoribus,
1302 2922 1606 3019 juribuS‚
1651 2922 2041 3011 favoribuS,
2082 2926 2353 3021 gratiis,

221 3038 542 3123 indultis,
597 3037 984 3134 privilegiis
1045 3050 1122 3113 et
1183 3038 1466 3125 ceteriS,
1525 3038 1785 3134 quibus
1838 3040 2013 3113 aliae
2080 3041 2357 3113 illarum

214 3153 538 3249 partium
591 3153 920 3227 civitates
974 3154 1432 3251 Episcopales
1468 3155 1819 3228 ordinarie
1866 3156 2201 3250 gaudent,
2245 3170 2358 3229 at·-

215 3293 362 3367 que
415 3282 740 3358 utuntur,
781 3270 1028 3345 eadem
1070 3270 1472 3369 Apostolica
1535 3274 1959 3347 auctoritate
2012 3285 2359 3371 perpetuo

211 3410 510 3485 quoque
563 3387 964 3467 evehimus.

371 3504 634 3582 Iccirco
671 3505 1264 3607 templum‚.quod
1293 3508 1739 3606 infrascripto
1772 3506 2183 3607 Apostolico
2212 3508 2355 3588 De·-

199 3622 454 3719 legato
491 3625 564 3696 in
615 3624 688 3697 id
741 3625 1010 3721 negotii
1043 3622 1444 3723 specialiter
1476 3628 1885 3723 deputando
1922 3630 2157 3703 visum
2196 3630 2357 3705 fue·-

198 3742 304 3813 rit
339 3741 422 3813 in
457 3740 708 3815 eadem
745 3738 1013 3838 Capitis
1047 3741 1328 3817 Haitani
1365 3745 1654 3818 civitate
1690 3747 2141 3822 commodius
2192 3759 2350 3821 tum

194 3858 684 3954 ¹amplitudine
714 3870 870 3933 tum
909 3883 1148 3935 sacrae
1185 3862 1638 3958 supellectilis
1694 3862 2090 3938 idoneitate
2144 3884 2353 3960 prae-

192 3988 436 4063 stare,
491 3987 568 4051 et
617 3976 710 4051 ab
764 3980 918 4074 ipso
965 3979 1326 4076 seligatur,
1383 3982 1472 4055 ad
1507 3980 1865 4058 Ecclesiae
1904 3980 2352 4058 Cathedralis

191 4092 566 4169 honorem
617 4106 694 4169 et
743 4096 1186 4192 dignitatem,
1247 4096 1402 4194 pari
1454 4097 1859 4193 Apostolica
1922 4100 2351 4176 auctoritate
2463 4151 2469 4159 -

187 4220 568 4310 perpetuo
601 4236 884 4311 quoque
920 4214 1336 4303 attollimuS‚
1377 4219 1479 4291 ita
1513 4229 1596 4293 ut
1629 4217 1943 4293 Ecclesia
2000 4220 2155 4316 ipsa
2182 4220 2351 4317 Epi·

175 4330 508 4427 scopulis
539 4334 972 4427 primaevam
1003 4333 1554 4425 invocationem,
1577 4348 1650 4410 et
1676 4338 1745 4411 si·
1766 4336 1998 4416 forsan
2023 4338 2349 4414 hahuerit
