3317 5267
877 434 1022 507 332
1527 488 1532 493 ·

873 548 1456 645 Metropolitanae
1509 548 1865 625 Ecclesiae
1921 548 2177 649 Portus
2230 547 2573 646 Principis
2637 550 2997 649 suffraga-

871 688 1040 741 neas
1093 688 1228 741 una
1267 668 1534 742 scilicet
1565 690 1733 743 cum
1770 668 2099 744 omnibus
2138 668 2515 766 unicuique
2548 670 2842 743 adnexis
2878 694 3003 743 ac-

875 787 1200 859 cessoriis
1255 798 1400 859 tam
1457 787 1759 861 realibus
1808 808 2025 883 quam
2078 783 2576 883 personalibus
2612 800 2691 860 et
2736 787 2997 861 mixtis

872 902 1060 976 dicta
1119 903 1516 999 Apostolica
1569 906 1993 980 auctoritate
2042 916 2389 999 perpetuo
2440 904 2629 979 item.
2652 906 2995 979 adscisci-

873 1042 1034 1095 mus
1069 1031 1146 1093 et
1195 1022 1636 1096 subiicimuS.
2566 1068 2575 1073 ·

1026 1139 1282 1217 lecirco
1333 1143 1711 1239 unicuique
1767 1141 2031 1217 Portus
2060 1140 2403 1237 Principis
2440 1142 2991 1237 Metropolitano

875 1258 1196 1331 Antistiti
1237 1261 1388 1353 pari
1425 1264 1847 1333 auctoritate
1872 1258 2237 1355 largimur,
2270 1272 2353 1332 ut
2387 1260 2447 1333 is
2484 1282 2775 1344 nomen,
2806 1260 3001 1332 titu-

867 1368 1044 1462 lum,
1083 1378 1711 1473 praeeminentiam
1742 1390 1817 1450 et
1838 1378 2255 1474 dignitatem
2288 1377 2809 1472 Archiepiscopi
2844 1376 2993 1449 Me·-

871 1494 1242 1591 tropolitae
1278 1495 1735 1592 praeseferat,
1776 1518 1859 1569 ac
1894 1496 1981 1569 iis
2016 1496 2351 1571 omnibus
2377 1508 2455 1569 et
2474 1496 2768 1591 singulis
2800 1518 2989 1591 quae

869 1610 1266 1687 istiusmodi
1326 1611 1748 1686 Antistitum
1802 1613 2083 1709 propria
2120 1624 2318 1700 sunt,
2362 1634 2503 1687 non
2558 1624 2795 1685 tamen
2846 1636 2986 1687 usu

872 1727 1064 1803 Sacri
1103 1726 1327 1814 Pallii,
1366 1730 1765 1829 usquedum
1802 1732 1989 1826 apud
2027 1731 2208 1804 hanc
2245 1730 2319 1805 S.
2360 1730 2619 1805 Sedem
2655 1752 2799 1804 non
2838 1730 2989 1803 fue-

868 1846 966 1917 rit
1015 1844 1650 1943 obsequentissima
1707 1850 2041 1923 instantia
2087 1850 2291 1945 juxta
2346 1870 2619 1923 morem
2657 1849 2729 1920 in
2782 1870 2985 1923 sacro

869 1964 1287 2039 consistorio
1321 1967 1759 2062 postulatum
1796 1969 2425 2064 impetratumque,
2464 1966 2742 2041 fruatur
2765 1969 2987 2041 item-
3088 2024 3099 2031 .

867 2104 1006 2177 que
1060 2074 1572 2179 Metropolitica
1611 2108 1777 2159 cum
1816 2086 2318 2170 iurisdictione,
2378 2084 2853 2179 praesidentia
2903 2095 2983 2158 et

867 2199 1286 2273 auctoritate
1343 2202 1600 2275 nedum
1655 2226 1871 2299 super
1909 2226 1991 2276 ea
2027 2201 2285 2276 Portus
2326 2199 2673 2297 Principis
2708 2214 2985 2277 metro-

868 2315 1179 2411 politana
1229 2319 1522 2418 eiusque
1581 2320 1927 2407 Dioecesi,
1985 2344 2237 2395 verum
2294 2324 2509 2393 etiam
2566 2344 2785 2417 super
2829 2318 2985 2395 suf-

867 2432 1215 2531 fraganeis
1267 2440 1645 2511 antedictis
1700 2439 2059 2529 Ecclesiis¹
2086 2463 2474 2538 earumque
2521 2439 2979 2513 Dioeeesibus

867 2561 940 2625 et
993 2549 1390 2649 quibusque
1445 2556 1811 2651 utriusque
1864 2578 2081 2630 sexus
2118 2556 2370 2631 incolis
2414 2556 2437 2653 (
2474 2556 2807 2652 peculiari
2848 2566 2981 2628 ta-

869 2688 1032 2741 men
1087 2672 1544 2766 exemptione
1601 2673 1791 2770 haud
1856 2672 2375 2771 gaudentibus)
2434 2674 2667 2747 valeat
2716 2675 2983 2769 pariter

867 2783 1258 2883 debeatque
1287 2800 1548 2887 cuncta
1587 2788 1703 2861 illa
1730 2790 1881 2863 sive
1910 2792 2149 2877 realia,
2180 2793 2329 2865 sive
2366 2790 2755 2886 personalia
2774 2839 2797 2874 ,
2820 2788 2977 2859 sive

867 2902 1096 2979 mixta
1141 2906 1326 3001 jura,
1369 2908 1635 2994 munia,
1676 2908 2071 3005 privilegia,
2110 2910 2439 2996 honores,
2482 2908 2850 2985 facultates
2902 2917 2982 2979 et

866 3025 1159 3118 quaevis
1195 3038 1430 3100 cetera
1467 3050 1648 3125 quae
1703 3030 1793 3103 ad
1846 3028 2229 3105 Sacrorum
2274 3026 2643 3103 Canonum
2678 3040 2753 3100 et
2786 3024 2979 3122 Apoae

865 3140 1274 3216 stolicarum
1315 3142 1919 3221 constitutionum
1974 3164 2301 3221 normam
2355 3144 2705 3231 obtinent,
2754 3145 2977 3239 iisque

867 3257 1180 3351 gaudent
1237 3258 1757 3358 Archiepiscopi
1808 3261 2329 3357 Metropolitani
2382 3262 2613 3357 quoad
2677 3282 2843 3333 suas
2896 3282 2977 3332 e-

875 3373 1048 3447 tiam
1075 3373 1546 3473 suffraganeas
1573 3378 1923 3453 Ecclesias
1952 3400 2335 3477 earumque
2364 3378 2653 3464 incolas,
2683 3376 2973 3460 habere,
3044 3358 3055 3369 ’

869 3484 1078 3576 tueri,
1115 3514 1472 3579 exercere,
1511 3507 1727 3591 atque
1762 3496 1937 3569 adeo
1976 3496 2317 3582 vicissim,
2358 3494 2651 3590 proinde
2688 3492 2977 3589 proprio

861 3606 1022 3704 jure
1057 3608 1412 3707 libereque
1449 3625 1667 3707 queat
1702 3634 1783 3684 ea
1821 3636 2033 3709 super
2070 3614 2155 3687 iis
2206 3612 2536 3689 omnibus
2564 3625 2637 3686 et
2672 3609 2971 3707 singulis

867 3730 1078 3803 modo
1093 3732 1528 3809 ⁸memoratis
1566 3730 1823 3818 facere,
1864 3754 2135 3828 gerere,
2176 3732 2693 3817 administrare,
2734 3731 2973 3826 inqui-

867 3862 1021 3919 rere
1049 3845 1454 3934 decernere,
1481 3869 1562 3921 ac
1586 3849 1875 3922 demum
1916 3850 2377 3947 exequutioni
2416 3847 2751 3923 mandare
2788 3870 2971 3943 quae

865 3962 1330 4061 Metropolitis
1384 3964 1829 4041 praesulibus
1856 3967 2387 4062 comperiuntur
2412 3990 2499 4040 ex
2524 3966 2685 4063 jure
2712 3978 2865 4038 tum
2894 3964 2971 4036 in

865 4102 1113 4155 corum
1165 4082 1520 4179 propriam
1577 4098 1731 4155 turn
1796 4084 1869 4155 in
1932 4082 2417 4180 Suffraganeas
2478 4081 2829 4159 Ecclesiae
2888 4092 2967 4153 et

869 4198 1188 4273 subditos
1225 4196 1502 4276 incolas·
1531 4202 1879 4276 ordinarie
1914 4201 2257 4275 attributa
2290 4216 2369 4277 et
2400 4200 2807 4285 commissa,
2856 4198 2975 4270 in-
