3317 5267
2298 419 2437 490 529

313 541 500 615 dicta
551 533 1080 620 confirmamus,
1151 529 1568 608 roboramus
1619 543 1835 630 atque
1875 533 2135 608 iterum
2162 533 2435 607 statui-

309 673 502 739 mus,
558 648 1030 734 decernimus,
1085 647 1596 743 universaeque
1649 645 2033 723 catholicae
2070 645 2431 722 Ecclesiae

309 765 844 852 denunciamus,
900 765 1320 840 mandantes
1358 774 1440 838 ut
1491 765 1897 840 earumdem
1952 767 2433 863 praesentium
2460 771 2477 788 '

312 883 780 980 transumptis
831 881 982 956 sive
1033 880 1406 979 exempliS,
1480 882 1696 954 etiam
1777 881 2161 978 impressiS,
2217 861 2435 956 manu

313 1000 610 1096 alicujus
661 997 928 1074 Notarii
980 998 1346 1096 apostolici
1400 996 1847 1094 subscriptis,
1903 1009 1981 1073 et
2036 1001 2264 1098 sigillo
2302 999 2435 1074 viri

312 1119 384 1192 in
441 1115 914 1192 ecclesiastica
965 1115 1310 1212 dignitate
1360 1115 1731 1191 constituti
1782 1114 2107 1205 munitis,
2182 1117 2430 1190 eadem

312 1257 600 1332 prorsus
652 1231 822 1306 fides
899 1231 1246 1306 habeatur
1297 1255 1478 1330 quae
1555 1231 1751 1308 hisce
1812 1231 2088 1310 Nostris
2163 1235 2427 1308 litteris

315 1349 807 1450 praesentibus
857 1348 1268 1438 haberetur,
1295 1351 1356 1425 si
1409 1349 1795 1446 exhibitae,
1852 1363 2067 1450 atque
2104 1361 2432 1426 ostensae

315 1469 576 1546 forent.
2100 1497 2109 1504 ·

473 1585 550 1662 Si
600 1585 762 1683 quis
815 1606 985 1658 vero
1035 1583 1364 1680 paginam
1415 1582 1600 1658 hanc
1633 1581 1933 1660 Nostrae
1967 1584 2429 1672 definitionis,

317 1704 608 1791 decreti,
664 1701 1005 1789 mandati,
1059 1700 1507 1776 relaxationis
1558 1711 1634 1774 et
1706 1700 2089 1776 voluntatis
2160 1702 2429 1785 infr-in·-

319 1842 484 1916 gere
538 1817 649 1892 vel
704 1815 1079 1892 temerario
1131 1837 1306 1906 ausu
1358 1816 1707 1890 contraire
1762 1817 2087 1906 voluerit,
2144 1829 2269 1893 aut
2302 1831 2433 1892 at—

315 1951 594 2015 tentare
663 1937 1214 2035 praesumpserit
1289 1936 1845 2033 indignationem
1922 1939 2431 2037 omnipotentis

318 2057 450 2134 Dei
501 2069 576 2133 et
625 2065 1030 2132 sanctorum
1083 2053 1277 2130 Petri
1329 2069 1404 2130 et
1457 2055 1656 2132 Pauli
1712 2053 2210 2154 Apostolorum
2274 2057 2429 2154 ejus

321 2200 398 2254 se
451 2175 730 2251 noverit
780 2175 1253 2252 incursurum.

474 2293 734 2370 Datum
791 2291 1062 2370 Romae
1113 2296 1300 2391 apud
1353 2293 1695 2368 Sanctum
1748 2290 2041 2366 Petrum
2079 2289 2282 2368 Anno
2309 2293 2427 2368 ln·-

321 2410 750 2488 carnationis
803 2407 1216 2486 Dominicae
1264 2403 1771 2487 MDCCCLXII
1822 2407 1916 2482 vl
1981 2409 2145 2486 ldns
2207 2408 2434 2488 Julias

323 2527 780 2606 Pontificatus
831 2525 1068 2602 Nostri
1123 2525 1326 2602 Anno
1381 2524 1600 2600 xvn.

484 2754 580 2847 »Β
636 2746 789 2846 Ego
840 2747 1010 2824 Pius
1062 2743 1460 2824 Catholicae
1511 2745 1865 2824 Ecclesiae
1915 2745 2336 2844 Episcopus.

484 2961 890 3061 Sequuntur
936 2971 1210 3036 ceterae
1243 2955 1793 3052 subscriptiones
1847 2965 2057 3054 prout
2108 2955 2179 3028 in
2231 2975 2426 3051 prae-

331 3079 632 3158 cedenti.
