3317 5267
921 590 1180 673 vimuS,
1239 580 1690 657 venerabiles
1752 577 2061 667 Fratres,
2120 579 2523 654 verissimas
2578 603 2737 653 esse
2792 581 3048 655 acerbi-

933 715 1146 790 tates,
1203 699 1459 798 quibus
1515 719 1558 770 a
1611 697 1910 771 Russico
1964 693 2323 769 Gubernio
2360 691 2705 769 catholica
2740 693 3048 770 Ecclesia

923 821 1216 918 eiusque
1269 814 1600 900 ministri,
1656 829 1731 887 et
1783 814 2087 887 cultores
2116 813 2336 908 magis
2394 813 2466 884 in
2516 811 2667 885 dies
2718 812 3051 887 divexan-

922 944 1041 1008 tur
1090 957 1173 1007 ac
1221 933 1642 1006 lacerantur.
1698 928 1987 1004 Etenim
2039 939 2235 1002 certo
2266 927 2635 1016 scivimus,
2674 929 2866 1002 idem
2898 927 3047 1002 Gu-

923 1049 1248 1124 bernium
1301 1047 1564 1121 iamdiu
1615 1043 1999 1120 catholicae
2051 1042 2406 1117 Ecclesiae
2442 1065 2897 1140 summopere
2934 1047 3047 1117 in-

923 1166 1232 1253 fensum,
1288 1187 1679 1261 omnesque
1735 1163 1821 1238 ad
1874 1161 2443 1236 funestissimum
2496 1161 2810 1234 schisma
2874 1186 3053 1258 per-

927 1283 1208 1356 trahere
1260 1291 1629 1378 exoptanS,
1687 1279 2034 1355 excitatae
2086 1276 2637 1372 perturbationis
2667 1290 3047 1373 praetextu

927 1399 1448 1476 sanctissimam
1503 1408 1825 1470 nostram
1878 1393 2317 1490 religionem,
2370 1415 2761 1491 omnesque
2810 1395 3054 1470 catho-

927 1519 1098 1594 licos
1149 1516 1546 1614 quibusque
1599 1514 1833 1587 modis
1884 1512 2547 1597 acriterjnsectari.
2606 1514 2807 1600 Hinc,
2846 1511 3051 1588 Con-

945 1635 1271 1712 ventione
1323 1657 1484 1707 cum
1535 1631 1779 1718 Nobis,
1834 1640 1909 1702 et
1943 1630 2077 1710 hac
2114 1631 2187 1702 S.
2230 1628 2409 1703 Sede
2448 1629 2623 1701 inita
2659 1653 3049 1728 numquam

927 1753 1176 1848 plenae
1235 1749 1637 1824 executioni
1698 1747 2060 1834 mandata,
2135 1768 2217 1820 ac
2294 1744 2594 1842 publicis
2666 1750 2895 1842 pactis
2962 1749 3053 1822 de

929 1869 1272 1944 catholica
1322 1868 1656 1964 religione
1712 1867 1785 1940 in
1838 1863 2173 1942 Poloniae
2226 1863 2475 1959 Regno
2528 1866 2795 1939 tuenda
2846 1865 3053 1963 plane

929 1988 1305 2083 despectis,
1371 1985 1833 2082 plurimisque
1886 1985 2094 2058 editis
2145 1982 2419 2078 legibus
2470 1994 2545 2056 et
2592 1985 2899 2058 decretis
2952 1987 3051 2060 rei

926 2103 1310 2178 catholicae
1369 2104 1682 2175 maxime
1734 2101 2073 2188 adversis,
2133 2096 2572 2184 Gubernium
2626 2101 2817 2175 idem
2866 2124 3051 2176 nun-

927 2243 1142 2320 quam
1195 2221 1576 2294 intermisit
1625 2218 1969 2294 catholica
2022 2218 2283 2314 scripta
2336 2217 2779 2306 interdicere,
2836 2230 2915 2294 et
2960 2220 3049 2294 li-

932 2339 1098 2414 bros
1134 2390 1157 2426 ,
1213 2337 1840 2437 ephemeridesque
1901 2334 2286 2408 catholicae
2348 2331 2709 2406 doctrinae
2764 2336 3049 2409 omnino

929 2465 1403 2551 repugnantes
1435 2505 1456 2540 ,
1514 2463 1588 2525 et
1639 2452 1713 2524 in
1767 2449 2027 2524 Christi
2082 2449 2197 2522 hic
2248 2448 2321 2520 in
2380 2449 2584 2522 terris
2640 2445 2985 2524 vicarium
3022 2501 3045 2535 ,

930 2584 1004 2646 et
1059 2573 1532 2669 Apostolicam
1585 2572 1768 2645 hanc
1823 2571 2076 2643 Sedem
2132 2589 2585 2664 summopere
2647 2569 3045 2657 iniuriosaS,

929 2703 1144 2787 atque
1175 2689 1260 2762 ad
1291 2685 1634 2762 Polonum
1665 2689 2082 2783 praesertim
2118 2686 2461 2784 populum
2516 2687 3051 2783 depravandum

932 2805 1500 2879 accommodatas
1523 2804 2010 2890 disseminare,
2044 2815 2121 2876 et
2146 2802 2865 2878 communicationem
2894 2829 3055 2879 cum

933 2922 1176 3010 Nobis,
1230 2933 1306 2996 et
1355 2921 1490 2994 hac
1544 2919 1947 3018 Apostolica
1999 2920 2179 2995 Sede
2243 2919 2680 3016 praepedire,
2738 2932 2816 2995 et
2870 2922 3056 2996 iura-

930 3057 1280 3114 mentum-
1305 3038 1564 3112 divinis
1615 3037 1889 3134 legibus
1940 3037 2371 3112 contrarium
2427 3037 2934 3134 praescribere,
2983 3052 3057 3112 et

930 3157 1274 3255 populum
1327 3167 1571 3230 contra
1637 3155 2022 3230 catholicos
2084 3155 2482 3228 sacerdotes
2546 3155 2857 3228 excitare
2896 3207 2919 3242 ,
2982 3166 3057 3228 et

931 3275 1330 3373 prohibere,
1371 3298 1462 3348 ne
1513 3274 1907 3370 praedicari
1960 3297 2043 3348 ac
2095 3274 2327 3347 doceri
2382 3283 2597 3369 queat
2646 3273 3049 3360 discrimen,

937 3392 1125 3490 quod
1175 3392 1366 3465 inter
1413 3391 1837 3466 catholicam
1902 3391 2277 3464 veritatem
2332 3403 2405 3463 et
2456 3391 2765 3464 schisma
2818 3393 3053 3466 inter—-

933 3509 1122 3584 cedit
1156 3559 1179 3594 ,
1261 3518 1335 3582 et
1387 3509 1822 3604 gravissimis
1874 3508 2281 3583 constitutis
2332 3497 2579 3602 poenis
2640 3509 2983 3604 impedire
3019 3560 3040 3596 ,

932 3624 1313 3723 quominus
1350 3625 1598 3722 aliquis
1650 3649 1741 3697 ex
1798 3623 2053 3699 infelici
2088 3624 2469 3698 schismate
2532 3645 2920 3721 emergere,
2974 3635 3049 3700 et

933 3743 1024 3816 ad
1076 3740 1462 3816 catholicae
1496 3741 1851 3816 Ecclesiae
1886 3743 2121 3815 sinum
2158 3742 2383 3816 redire
2412 3743 2661 3837 possit.
2690 3740 2873 3817 Hinc
2910 3744 3053 3818 Re-

927 3860 1156 3960 ligiosi
1217 3858 1346 3932 viri
1399 3883 1484 3934 ex
1541 3861 1687 3934 suis
1740 3859 2111 3936 Coenobiis
2162 3859 2523 3934 deturbati
2562 3909 2583 3945 ,
2668 3884 3053 3960 eorumque

931 3981 1360 4054 monasteria
1411 3977 1831 4052 militaribus
1883 3978 2304 4053 stationibus
2366 3980 2750 4069 destinata,
2796 3992 2883 4053 et
2932 3994 3055 4052 ca·-

931 4096 1178 4170 tholici
1233 4096 1562 4194 Episcopi
1617 4119 1656 4168 a
1711 4117 1837 4169 sua
1896 4093 2214 4170 Dioecesi
2282 4096 2553 4194 abrepti
2595 4150 2615 4186 ,
2696 4108 2773 4170 et
2830 4097 3051 4171 exilio

931 4214 1240 4302 multati,
1295 4228 1371 4289 et
1423 4217 1772 4290 innumeri
1806 4213 1953 4289 fere
1988 4215 2317 4292 catholici
2354 4216 2579 4312 graeci
2632 4216 2814 4292 ritus
2866 4213 3055 4290 sub-
