3317 5267
2274 469 2421 542 543

296 593 378 656 ut
455 581 594 656 hoc
645 577 794 652 iure
873 575 1174 674 eligendi
1229 571 1626 675 praedictos
1706 571 2011 660 Clericus
2062 581 2113 658 ii
2162 581 2429 680 perfrui

296 697 666 784 deberent,
685 698 810 794 qui
839 706 1446 793 consequerentur
1469 693 2109 796 Primbgenituram
2135 724 2178 774 a
2204 699 2443 796 Nobis⁷

290 817 558 912 pariter
609 815 1011 888 institutam
1067 835 1196 910 per
1238 812 1426 887 aliud
1477 812 1821 890 Nostrum
1860 807 2427 915 Chirographum

292 931 408 1007 die
479 933 836 1007 tricesima
885 932 1128 1028 aprilis
1163 953 1350 1008 anno
1401 931 1781 1008 millesimo
1835 935 2427 1033 octingentesimo

294 1049 882 1149 quinquagesimo
915 1051 1224 1146 septimo
1284 1049 1583 1125 editum.
1623 1049 2141 1135 Censtituimus
2176 1054 2423 1140 etiam,

291 1183 376 1246 ut
427 1173 708 1269 quoties
757 1171 859 1259 ii,
913 1171 1038 1269 qui
1091 1172 1182 1246 ad
1229 1183 1703 1247 memoratam
1782 1171 2425 1272 Primogenituram

296 1289 523 1366 vocati
557 1291 850 1365 omnino
883 1289 1289 1379 deficerent,
1331 1313 1413 1366 ac
1447 1291 1805 1380 deessent,
1844 1304 2015 1368 tunc
2052 1303 2203 1366 tam
2244 1289 2423 1387 Epi-

289 1431 546 1506 scopus
576 1460 599 1496 ,
653 1429 870 1505 quam
923 1405 1376 1505 Magistratus
1429 1407 1973 1508 senogalliensis
2026 1411 2136 1484 ius
2197 1407 2423 1483 habe-

289 1536 454 1600 rent
487 1515 900 1599 nominandi
932 1524 1299 1598 dimidiam
1331 1524 1590 1600 horum
1627 1522 2061 1602 Clerioorum
2111 1538 2419 1622 partem,

291 1641 495 1717 firma
572 1655 814 1717 tamen
864 1663 1147 1739 semper
1195 1642 1352 1740 lege
1379 1693 1402 1730 ,
1459 1653 1540 1718 ut
1589 1643 1803 1718 iidem
1880 1643 2275 1742 Episcopus
2344 1653 2425 1716 et

291 1758 746 1858 Magistratus
825 1769 1258 1834 tenerentur·
1313 1759 1568 1857 eligere
1618 1761 1927 1834 mediam
2006 1760 2422 1836 eorumdem

291 1873 722 1952 Clericorum
800 1887 1082 1971 partem
1157 1897 1250 1949 ex
1325 1875 1612 1951 civitate
1642 1925 1667 1963 ,
1726 1876 2026 1951 alteram
2106 1899 2277 1952 vero
2328 1899 2421 1951 ex

291 1990 616 2068 Dioecesi
675 1991 1206 2089 Senogalliensi.
1262 1991 1343 2065 ln
1421 1991 1881 2068 describenda
1932 2004 2176 2070 antem
2250 1995 2418 2072 dote

291 2121 582 2186 centum
610 2111 971 2209 octoginta
999 2109 1193 2183 mille
1219 2121 1658 2185 scutatorum
1697 2109 2063 2186 Romanae
2088 2127 2419 2190 monetae

289 2227 522 2302 eidem
588 2229 708 2326 pio
757 2225 1102 2302 Instituta
1170 2247 1214 2298 a
1263 2223 1482 2303 Nobis
1519 2225 1787 2301 tributa
1817 2279 1839 2316 ‚
1895 2251 1979 2303 ac
2048 2231 2417 2306 recensitis

289 2346 652 2443 perpetuis
687 2344 1022 2422 oneribus
1071 2343 1406 2433 obnoxia,
1445 2343 1957 2419 declaravimus
2007 2347 2131 2443 qui
2176 2357 2421 2422 essent

285 2461 484 2538 fundi
513 2475 590 2538 et
613 2463 954 2552 redditus,
1007 2461 1266 2561 quibus
1317 2462 1446 2538 dos
1497 2463 1654 2559 ipsa
1704 2475 2091 2540 constaret.
2146 2463 2419 2563 Nempe

287 2593 559 2658 scutata
589 2594 884 2657 centum
917 2581 1428 2681 quinquaginta
1467 2583 1600 2656 tria
1634 2583 1877 2672 millia,
1914 2594 1992 2658 et
2032 2568 2419 2683 quingenta

283 2699 450 2788 duo,
503 2712 580 2774 et
628 2721 826 2774 asses
883 2701 1240 2796 octoginta
1293 2708 1440 2772 tres
1469 2750 1490 2787 ,
1547 2699 1891 2796 pretium.
1932 2699 2261 2775 derivans
2312 2725 2405 2776 ex

285 2820 734 2917 septuaginta
784 2831 1090 2916 quatuor
1136 2819 1420 2894 rusticis
1453 2817 1693 2895 fundis
1743 2821 2009 2894 notatis
2046 2820 2121 2894 in
2176 2818 2413 2896 tabula

185 2991 198 3002 .
283 2936 796 3011 aestimationis
819 2933 1008 3010 Fron
1016 2935 1084 3010 zi
1088 2959 1113 3023 3
1151 2945 1428 3010 scutata
1464 2936 1817 3011 octomille
1842 2937 2150 3032 pretium
2189 2939 2413 3014 trium

283 3053 713 3131 urbanorum
785 3053 1167 3131 fundorum
1199 3105 1221 3142 ,
1277 3053 1398 3150 qui
1471 3053 1544 3124 in
1596 3053 1845 3127 eadem
1924 3052 2165 3128 tabula
2242 3069 2413 3132 sunt

279 3172 643 3268 descripti;
695 3185 974 3247 scutata
1023 3171 1374 3246 undecim·
1403 3169 1596 3243 mille
1647 3171 1957 3264 pretium
2009 3172 2281 3268 pecoris
2333 3173 2409 3248 in

281 3288 658 3385 praedictis
709 3289 944 3366 fundis
993 3288 1278 3364 rusticis
1325 3287 1727 3374 existentis3
1780 3299 2055 3364 scutata
2106 3299 2411 3385 quatuor

277 3417 568 3482 centum
599 3409 986 3506 nonaginta
1023 3417 1302 3505 septem
1353 3417 1428 3480 et
1463 3428 1658 3481 asses
1710 3405 2219 3503 septemdecim
2255 3429 2409 3504 pre-
2554 3424 2565 3434 ·

279 3525 462 3600 tium
507 3525 832 3600 derivans
857 3548 947 3600 ex
999 3525 1204 3600 doliis
1239 3523 1538 3622 aliisque
1586 3523 1777 3598 vasis
1823 3522 2295 3600 existentibus
2330 3527 2405 3601 in
2510 3627 2513 3630 .

278 3642 564 3720 urbanis
615 3645 808 3719 cellis
862 3645 1176 3733 vinariis;
1227 3655 1506 3720 scutata
1555 3644 1845 3719 demum
1896 3654 2177 3742 septem
2212 3646 2407 3722 misse

275 3783 320 3834 a
353 3759 574 3838 Nobis
595 3762 764 3836 data
806 3761 1306 3859 Senogalliensi
1347 3761 1729 3859 Municipio
1765 3785 1850 3836 ea
1876 3761 2059 3859 lege,
2102 3774 2182 3836 ut
2216 3763 2405 3838 idem

275 3876 734 3976 Municipium
786 3891 1258 3954 memoratam
1329 3901 1687 3954 summam
1736 3879 2078 3954 retineret
2107 3932 2129 3968 ‚
2182 3879 2413 3955 donec·

275 3997 474 4095 pium
526 3996 922 4095 aperiretur
972 3996 1418 4085 Institutum,
1473 4009 1691 4094 atquc
1741 3996 2026 4070 interim
2090 4019 2401 4071 annuum

273 4116 744 4213 quincuncem
796 4113 1111 4192 fructum
1163 4115 1236 4188 in
1289 4135 1681 4213 pauperum
1734 4113 2051 4190 solamen
2118 4135 2407 4212 erogare

272 4245 622 4330 pergeret.
655 4245 662 4252 ·

1842 4349 1937 4422 35
