3317 5267
855 399 998 472 504

859 510 1032 588 toris
1091 508 1323 584 edicto
1397 522 1634 606 patres
1690 510 2065 586 Societatis
2140 507 2311 584 Jesu
2382 511 2649 585 dimitti
2724 510 2993 587 liberos

849 630 1256 728 oportebat3
1309 642 1384 703 et
1437 631 1525 704 ab
1577 653 1824 708 eorum
1864 629 2151 727 quidem
2189 629 2543 706 Meacensi
2582 631 2797 706 domo
2828 645 2993 705 sta-

851 751 988 822 tim
1041 759 1354 822 remotae
1401 749 1768 824 custodiae
1818 761 2013 822 sunt.
2076 747 2339 822 Verum
2390 747 2658 823 Ozacae
2720 749 2991 847 guber-

853 879 1064 941 nator
1112 889 1324 962 saepe
1377 865 1789 964 objurgatus
1840 891 1883 941 a
1940 867 2377 954 Taicosama‚
2434 869 2623 965 quod
2652 868 2993 942 christia-

853 985 964 1058 nis
1017 983 1313 1071 faveret,
1373 993 1867 1082 metuensque,
1920 1007 2013 1058 ne
2051 985 2219 1081 quid
2262 985 2331 1056 in
2370 1007 2581 1059 suum
2618 996 2989 1058 struerent

851 1113 1094 1198 caput,
1131 1102 1634 1197 comprehendi
1655 1101 1907 1198 jussit,
1948 1102 2387 1198 vinculisque
2420 1101 2721 1175 detineri
2758 1103 2985 1176 etiam

855 1218 1151 1293 Paulum
1206 1217 1372 1293 Miki
1415 1271 1438 1306 ,
1492 1217 1843 1294 Joannem
1894 1218 1981 1292 de
2044 1215 2231 1292 Goto
2269 1269 2289 1306 ‚
2356 1216 2701 1294 Jacobum
2789 1217 2987 1292 Kisai

853 1337 1140 1410 natione
1201 1334 1638 1432 Japonenses
1702 1357 1743 1408 e
1794 1334 2148 1410 Societate
2210 1335 2409 1424 Jesu,
2472 1359 2603 1408 nec
2664 1355 2987 1432 unquam

853 1477 1106 1552 passus
1157 1466 1270 1528 est
1321 1467 1402 1528 ut
1451 1477 1574 1529 eos
1623 1454 2045 1530 dimitteret.

1008 1574 1072 1668 S.
1133 1579 1203 1646 5.
1255 1572 1520 1657 Paulus
1577 1572 1749 1648 Miki
1812 1573 1885 1647 in
1924 1597 2139 1672 regno
2166 1572 2566 1659 lamasciro‚
2606 1593 2751 1668 quo
2776 1572 2983 1668 prin-

851 1713 1020 1787 ceps
1071 1691 1238 1765 urbs
1343 1689 1735 1766 Meacensis
1784 1693 2217 1780 continetur,
2246 1691 2435 1766 claro
2482 1711 2746 1788 genere
2780 1699 2983 1764 ortus

855 1823 932 1886 et
981 1835 1023 1884 a
1075 1835 1296 1909 puero
1347 1805 1733 1886 cl'i'ristiano
1782 1812 1925 1885 ritu
1977 1813 2307 1908 expiatus
2362 1811 2483 1882 vix
2524 1809 2983 1884 undecimum

855 1931 1108 2004 aetatis
1143 1952 1406 2004 annum
1445 1931 1808 2028 attigerat,
1846 1949 2011 2004 cum
2050 1929 2367 2027 patribus
2399 1928 2781 2002 Societatis
2808 1925 2981 2001 Jesu

855 2049 1154 2122 traditus
1206 2061 1318 2122 est
1369 2049 1789 2124 erudiendus
1844 2051 1913 2122 in
1969 2048 2349 2124 seminario
2408 2046 2977 2134 Anzuciamensi,

857 2189 1082 2263 eoque
1133 2166 1496 2241 dest-ructo
1549 2180 1705 2241 tum
1772 2165 2053 2240 Arimae
2084 2219 2105 2253 ,
2163 2177 2319 2240 turn
2398 2163 2565 2238 alibi
2626 2163 2975 2238 -inchoata

854 2281 1254 2356 litterarum
1305 2283 1536 2356 studia
1593 2294 2067 2380 prosequutus
2122 2292 2257 2356 est.
2288 2278 2447 2371 Quo
2482 2295 2811 2372 ternpore
2846 2291 2985 2354 ter-

853 2423 1024 2474 rena
1075 2412 1328 2475 cuncta
1379 2411 1747 2475 aversatus
1772 2423 1958 2477 anno
1990 2402 2247 2478 aetatis
2284 2399 2627 2498 vigesimo
2654 2398 2973 2474 secundo

853 2516 1188 2590 Societati
1224 2515 1398 2592 Jesu
1445 2540 1522 2590 se
1575 2519 1928 2614 adjunxit,
1987 2519 2061 2591 in
2132 2541 2273 2616 qua
2332 2517 2567 2614 posito
2620 2516 2971 2614 tyrocinio

857 2633 1254 2730 theologiae
1303 2655 1592 2730 operam
1643 2635 1863 2722 dedit,
1938 2647 2017 2710 et
2048 2657 2249 2710 arma
2300 2635 2769 2731 comparavit,
2812 2633 2978 2731 qui-

857 2751 992 2826 bus
1043 2753 1310 2846 patrias
1359 2737 1765 2828 debellaret
1798 2753 2369 2852 superstitiones.
2400 2751 2593 2828 Haec
2624 2773 2856 2840 arma,
2901 2762 2987 2825 ut

853 2869 1154 2946 feliciter
1203 2881 1544 2945 tractaret
1577 2871 1867 2947 solertia
1908 2872 2163 2970 ingenii
2202 2869 2580 2946 adiuvabat
2640 2882 2717 2945 et
2754 2869 2985 2946 facul-

859 3001 972 3062 tas
1022 2988 1296 3064 dicendi
1347 3013 1490 3064 non
1566 2989 1899 3087 vulgaris,
1968 3011 2109 3087 qua
2162 2991 2553 3064 instructus
2590 2999 2667 3064 et
2716 2989 2807 3063 ad
2862 3011 2985 3062 sa-

851 3129 1010 3180 cras
1061 3106 1438 3181 conexiones
1471 3107 1703 3182 adhibi
1714 3118 1827 3180 tus
1864 3107 2065 3204 plura
2118 3105 2159 3178 J
2166 3107 2461 3203 aponiae
2514 3127 2735 3203 regna
2770 3128 2983 3202 pera·

853 3227 1112 3324 gravit,
1167 3225 1646 3323 phu-imosque
1700 3249 1741 3300 e
1794 3225 2261 3324 popularibus
2314 3225 2462 3298 suis
2500 3223 2591 3298 ab
2616 3247 2853 3298 errore
2892 3223 2981 3296 ad

857 3345 1264 3430 veritatem,
1317 3368 1358 3416 a
1408 3343 1693 3440 flagitiis
1744 3343 1831 3419 ad
1891 3345 2240 3418 virtutem
2298 3343 2643 3417 traduxit.
2712 3341 2981 3416 Audie-

853 3459 1066 3534 batur
1115 3462 1384 3559 ingenti
1435 3461 1656 3558 plebis
1712 3463 1975 3558 pariter
2024 3473 2099 3536 et
2152 3461 2541 3537 nobilitatis
2588 3483 2967 3548 concursu,

850 3580 1354 3678 eminebatque
1405 3579 1478 3656 in
1530 3584 1829 3657 dicentis
1868 3583 2071 3657 vultu
2109 3593 2353 3656 tantus
2392 3582 2689 3657 intimae
2716 3603 2975 3656 sensus

855 3699 1170 3796 pietatis,
1211 3699 1618 3774 humilitate
1657 3721 1741 3775 ac
1774 3700 2121 3776 modestia
2158 3701 2581 3776 suavissime
2618 3701 2973 3790 conditus,

853 3829 938 3894 ut
986 3819 1354 3894 audientes
1407 3821 1853 3908 accenderet,
1910 3843 1995 3896 ae
2044 3821 2176 3896 sibi
2230 3818 2665 3918 Christoque
2725 3822 2981 3896 conci-

855 3937 1083 4010 lieret.
1139 3935 1286 4012 Nec
1341 3938 1502 4012 riva
1565 3938 1943 4012 dumtaxat
1984 3959 2151 4014 voce
2203 3960 2361 4014 rem
2396 3936 2665 4012 Christi
2692 3937 2987 4014 curabat

853 4075 936 4126 ac
989 4054 1344 4142 tuebatur,
1401 4058 1524 4130 sed
1575 4057 1860 4152 scriptis
1914 4057 2135 4131 etiam
2186 4057 2389 4130 libris
2448 4055 2677 4154 patria
2716 4058 2979 4155 lingua,

851 4191 998 4264 qua
1047 4170 1358 4267 pollebat
1409 4173 1752 4262 maxime,
1810 4175 1883 4246 in
1940 4174 2171 4248 lucem
2234 4175 2470 4262 editis,
2526 4173 2783 4273 quibus
2830 4175 2987 4248 ido-
