3317 5267
2280 448 2421 517 167

312 562 585 637 mensis
636 560 799 635 Maii
850 558 1041 633 edito
1093 554 1523 635 Clericorum
1603 556 2006 632 Placentiae
2078 559 2422 635 Semina-

311 680 501 753 rium
553 678 1015 752 elandendum
1051 663 1545 773 praescripsit,
1584 688 1668 749 ut
1705 674 2196 750 Placentinum
2239 679 2422 753 ulci-

310 808 627 871 sceretur
676 793 1137 893 Episcopum,
1174 796 1298 891 qui
1331 794 1592 867 merito
1624 815 1704 866 se
1739 793 2082 867 abstinuit
2119 818 2162 867 a
2195 796 2424 869 sacris

305 911 721 1008 peragendis
754 911 1241 997 caeremoniis,
1282 934 1463 1010 quae
1499 934 1541 982 a
1576 910 1760 983 civili
1797 912 2410 1007 praecipiebantur

303 1012 685 1126 potestate.
748 1027 847 1102 Ac
881 1028 1133 1102 deinde
1168 1028 1355 1102 idem
1398 1028 1982 1125 vigilantissimus
2020 1028 2412 1127 Episcopus

308 1146 445 1222 fuit
468 1146 1055 1244 comprehensus,
1096 1155 1310 1242 atque
1348 1170 1389 1218 a
1424 1169 1550 1219 sua
1588 1143 1908 1221 Dioecesi
1943 1141 2306 1243 abreptus,
2346 1160 2424 1221 et

308 1264 701 1363 Augustam
755 1266 1219 1339 Taurinorum
1270 1265 1641 1349 deductus,
1718 1286 1802 1337 ac
1873 1274 2028 1338 tum
2101 1288 2409 1352 carcere,

314 1395 467 1459 tum
519 1384 819 1481 pecunia
868 1384 1281 1469 damnatus3
1334 1405 1511 1479 quas
1564 1405 1830 1477 poenas
1884 1384 2102 1455 etiam
2139 1381 2419 1457 subiere

310 1501 532 1599 ipsius
582 1500 919 1597 Episcopi
971 1500 1291 1574 Vicarius
1346 1498 1738 1586 Generalis,
1777 1510 1856 1572 et
1905 1500 2224 1573 nonnulli
2260 1499 2426 1573 Pla-

306 1619 569 1695 centini
599 1616 957 1692 Canonici.
986 1616 1215 1713 Atque
1252 1616 1497 1690 eadem
1536 1617 1623 1691 de
1661 1639 1874 1690 causa
1911 1627 2068 1690 tum
2105 1618 2175 1690 in
2217 1641 2422 1692 usur-

312 1740 505 1836 petis
558 1736 835 1811 Nostris
891 1733 1229 1809 Aemiliae
1284 1735 1697 1830 provinciis,
1731 1746 1888 1808 tum
1939 1736 2012 1808 in
2066 1736 2218 1809 aliis
2253 1735 2426 1809 locis

314 1856 625 1929 iniustae
662 1851 1089 1949 Subalpinae
1126 1850 1594 1925 dominationi
1629 1850 2085 1947 potissimum
2123 1850 2424 1925 subditis

308 1973 547 2070 plures
580 1971 843 2068 egregii
880 1968 1335 2045 Venerabiles
1373 1969 1659 2043 Fratres
1695 1967 2062 2064 Episcopi,
2089 1979 2166 2042 et
2197 1970 2426 2044 eccle-

300 2088 567 2162 siastici
619 2086 793 2174 viri,
856 2110 936 2161 ac
1002 2085 1518 2182 Religiosarum
1590 2087 2052 2161 Familiarum
2133 2086 2420 2161 Alumni

304 2228 437 2303 per
462 2204 1179 2281 summam'iniuriam
1232 2205 1702 2279 vehementer
1752 2207 2018 2290 vexati,
2059 2227 2142 2279 ac
2193 2206 2426 2279 duris-

296 2326 521 2399 simae
570 2324 1005 2422 inquisitioni
1058 2323 1371 2410 obnoxii,
1428 2344 1731 2419 quorum
1771 2346 1914 2399 non
1950 2323 2153 2419 pauci
2195 2323 2414 2396 etiam

294 2442 747 2540 deprehensi,
802 2452 877 2515 et
930 2441 1043 2514 vel
1098 2441 1171 2513 in
1224 2440 1517 2515 exilium
1570 2441 1831 2526 exacti,
1876 2440 1985 2513 vel
2023 2441 2098 2513 in
2135 2440 2418 2515 vincula

262 2561 625 2637 coniecti.
662 2558 842 2633 Hinc
879 2556 1389 2635 Pro-Vicarius
1426 2557 1892 2635 Bononiensis
1921 2560 2008 2634 de
2039 2560 2148 2633 sui
2187 2557 2424 2635 Cardi-

290 2678 543 2754 dinalis
596 2677 1117 2774 Archiepiscopi
1170 2700 1255 2753 eo
1308 2678 1467 2773 ipso
1522 2688 1868 2773 tempore,
1923 2703 2066 2775 quo
2103 2678 2418 2751 animam

295 2799 575 2897 agebat,
632 2798 851 2872 latere
903 2798 1243 2883 divulsus,
1300 2806 1375 2869 et
1426 2796 1501 2867 in
1550 2820 1906 2871 carcerem
1967 2798 2256 2883 missus,
2331 2820 2414 2871 ac

292 2915 547 2993 deinde
584 2925 741 2988 tum
776 2916 1100 3013 pecunia,
1140 2925 1297 2987 tum
1334 2936 1617 2987 carcere
1656 2914 2024 2987 multatus.
2072 2912 2418 2987 Ubivero

292 3034 729 3111 clarissimus
780 3033 899 3107 ille
953 3032 1543 3129 Archiepiscopus
1600 3056 1692 3107 ex
1727 3032 1862 3107 hac
1901 3034 2058 3105 vita
2093 3034 2426 3127 migravit

302 3148 965 3245 Archiepiscopatus
998 3146 1467 3221 Bononiensis
1504 3147 1694 3222 bona
1729 3148 2048 3221 eiusdem
2085 3145 2422 3221 Gubernii

302 3266 873 3343 admnistrationi
925 3266 1169 3339 statim
1222 3263 1538 3339 subiecta
1572 3264 1889 3337 fuerunt.
1933 3263 2112 3338 Hinc
2147 3264 2236 3338 ab
2273 3266 2425 3359 ipso

300 3383 659 3459 Gubernio
705 3383 1144 3458 Venerabilis
1194 3382 1443 3459 Frater
1497 3383 1982 3478 pientissimus
2035 3382 2420 3457 Faventiae

294 3501 693 3600 Episcopus
745 3504 1055 3599 primum
1110 3501 1398 3575 militari
1452 3501 1778 3575 custodia
1825 3500 1898 3573 in
1953 3502 2098 3575 suis
2131 3501 2420 3577 aedibus

298 3633 577 3718 septus,
633 3620 1195 3718 proptereaquod
1249 3621 1447 3716 gravi
1506 3618 1952 3694 conflictatus
2027 3620 2274 3695 morbo
2347 3622 2420 3693 in

300 3760 658 3813 carcerem
718 3739 1045 3813 contrudi
1098 3738 1391 3811 minime
1442 3736 1786 3833 potuerit,
1843 3759 1922 3813 ac
1976 3748 2224 3833 postea
2243 3715 2422 3813 'car-

294 3880 459 3931 cere
510 3868 585 3931 et
633 3858 932 3953 pecunia
982 3858 1387 3931 damnatus.
1429 3855 1609 3929 Hinc
1646 3856 2150 3951 spectatissimi
2193 3856 2418 3931 vestri

295 3974 621 4070 Collegae
675 3972 929 4050 Dilecti
963 3974 1121 4049 Filii
1175 3974 1415 4051 Nostri
1451 3975 1527 4049 S.
1571 3972 1662 4046 R.
1702 3971 1790 4046 E.
1833 3969 2424 4050 CardinaIeS·Ar·

290 4094 791 4192 chiepiscopus
844 4094 1142 4169 Pisanus
1196 4094 1483 4167 militari
1532 4116 1752 4169 manu
1802 4093 2359 4190 comprehensus
2387 4144 2412 4179 ,

294 4236 335 4285 a
392 4234 523 4293 suo
575 4236 789 4311 grege
841 4212 1154 4302 avulsus,
1194 4228 1270 4287 et
1325 4212 1724 4310 Augustam
1764 4212 2231 4289 Taurinorum
2271 4222 2426 4284 tra-
