3317 5267
2300 451 2441 522 519

327 568 590 644 dientia
643 567 1119 653 renunciatuS,
1176 565 1492 641 mirabile
1543 567 1737 642 dictu
1788 579 1901 641 est
1955 575 2225 664 quanto
2286 573 2447 640 ma-i

317 687 455 782 jori
503 687 579 758 in
631 682 860 758 Deum
913 685 1458 782 proximmnque
1511 707 1752 758 amore
1806 685 2095 760 affectus
2150 685 2268 760 sit.
2300 683 2447 759 Ne-

325 823 464 898 que
516 799 782 876 clarum
835 801 1004 874 illud
1040 803 1224 874 inter
1259 813 1494 876 cetera
1529 801 1811 874 silentio
1846 803 2439 898 praetereundum

323 930 436 995 cst
482 919 906 1015 prodigium,
965 917 1330 994 Christum
1385 941 1644 1016 nempe
1698 919 1845 992 suis
1898 920 2067 1015 ipsis
2119 921 2451 996 manibus

323 1039 755 1132 peramantis
807 1037 1052 1112 famuli
1121 1039 1330 1114 eorde
1393 1040 1695 1136 mystice
1756 1049 2003 1133 erepto
2064 1063 2299 1128 suum,
2364 1051 2449 1114 ut

323 1153 440 1230 ille
485 1157 756 1252 jamdiu
809 1156 1320 1252 postulaverat,
1375 1159 1450 1228 in
1501 1155 1656 1250 ejus
1712 1156 1865 1230 loeo
1902 1143 2305 1230 collocasse.
2337 1155 2477 1235 Ex.

325 1294 468 1367 quo
520 1269 784 1367 puriori
840 1271 1206 1344 charitatis
1257 1270 1546 1344 flamma
1597 1270 1839 1344 ardere
1894 1270 2153 1366 coepit,
2190 1272 2448 1344 divinis

325 1391 606 1468 affluere
657 1389 951 1477 deliciis,
1008 1391 1076 1462 in
1143 1391 1514 1466 continuas
1577 1403 1861 1464 extases
1890 1441 1913 1478 ‚
1978 1411 2139 1464 cum
2231 1391 2451 1464 sacris

331 1510 752 1606 praesertim
831 1522 1268 1606 operaretur,
1343 1532 1382 1582 e
1453 1509 1755 1605 vestigio
1826 1509 2003 1605 rapi,
2078 1507 2451 1604 singularis

325 1627 868 1726 splendidaeque
921 1629 1108 1700 sedis
1161 1625 1292 1700 sihi
1347 1649 1390 1698 a
1443 1623 1592 1700 Deo
1645 1627 1724 1699 in
1772 1625 2061 1700 caelesti
2100 1625 2451 1700 domicilio

325 1747 758 1822 constitutae
845 1746 1186 1842 adspectu
1273 1746 1534 1818 mirum
1599 1745 1671 1818 in
1756 1745 2049 1819 modum
2122 1747 2447 1818 recreari.

325 1859 744 1958 Prophetiae
796 1861 1048 1964 spiritu
1099 1863 1374 1936 afflatus
1426 1861 1731 1958 plurima
1785 1872 1858 1934 et
1908 1861 2062 1936 loco
2124 1873 2199 1934 et
2264 1873 2453 1935 tem-

323 2001 498 2073 pore
559 1979 1040 2054 remotissima
1108 1978 1410 2074 aperuit.
1487 1975 1807 2052 Proximi
1877 1979 1987 2050 sui
2060 1979 2451 2054 commodis

322 2096 778 2192 prospiciens,
837 2119 976 2169 non
1027 2097 1238 2176 modo
1287 2095 1701 2193 corporibus
1765 2096 1887 2170 sed
1956 2095 2211 2187 animis
2272 2119 2447 2193 quo-

321 2235 462 2310 que
512 2211 864 2309 precibus,
913 2215 1212 2309 privatis
1245 2215 1586 2300 consiliis,
1629 2212 1931 2310 publicis
1964 2213 2447 2299 concionibus,

321 2327 740 2428 assiduaque
799 2332 1222 2406 sacramenti
1285 2332 1764 2428 poenitentiae
1838 2331 2447 2408 administratione

321 2444 648 2522 omnibus
697 2447 960 2522 auxilio
1009 2430 1191 2520 eratJ
1251 2448 1516 2546 Aegros
1563 2449 1801 2534 saluti,
1854 2449 2219 2520 exanimes
2258 2448 2445 2520 vitae

217 2645 230 2658 „
319 2563 646 2650 reddidit,
675 2563 983 2638 locustas
1033 2587 1074 2636 e
1109 2564 1486 2652 messibus,
1527 2565 1937 2640 immundos
1974 2563 2263 2661 'spiritus
2292 2588 2453 2638 cor-

321 2706 492 2780 pora
521 2697 944 2782 mentesque
973 2685 1344 2760 hominum
1373 2689 1865 2763 excruciantes
1890 2687 2189 2783 depulit.
2224 2685 2452 2758 Tanta

325 2799 512 2874 vitae
559 2802 972 2877 austeritate
1041 2815 1114 2874 et
1176 2803 1502 2875 castitate
1565 2801 1726 2887 fuit,
1796 2813 1879 2876 ut
1936 2824 2167 2900 neque
2234 2801 2451 2875 ullam

317 2913 670 3015 impuram
724 2917 1258 3014 cogitationem,
1315 2927 1476 2991 toto
1527 2917 1717 2992 vitae
1766 2943 1897 2994 suo
1924 2919 2295 3007 curriculo,
2333 2918 2453 2991 ha-

318 3029 578 3122 buerit,
633 3057 866 3132 neque
921 3034 1425 3130 rigidissimam
1479 3035 1765 3110 vivendi
1814 3038 2167 3110 rationem
2206 3059 2247 3108 a
2272 3059 2452 3131 pue-

309 3149 466 3223 rulo
516 3161 920 3246 susceptam
973 3149 1362 3246 reliquerit.
1419 3149 1600 3226 Cum
1666 3175 1813 3228 non
1876 3151 2109 3227 solum
2170 3152 2449 3247 vulgus,

317 3272 440 3344 sed
499 3271 630 3350 viri
679 3272 898 3376 etiam
961 3273 1366 3370 summique
1430 3273 1787 3370 principes
1850 3273 2007 3368 ejus
2068 3274 2456 3349 sanctimo-

319 3391 512 3466 niam
565 3392 1106 3480 admirarentur,
1163 3415 1348 3468 nova
1399 3393 1617 3464 animi
1672 3393 2107 3467 demissione
2160 3390 2453 3466 daemo-

319 3508 456 3582 niis
507 3509 676 3605 ipsis
739 3531 818 3584 se
883 3509 1308 3584 deteriorem
1371 3510 1707 3585 continue
1767 3509 2163 3597 dictitabat,
2230 3531 2453 3606 eaque

319 3624 718 3703 obedientia
771 3637 852 3701 ut
903 3627 1246 3704 vilissimo
1281 3628 1536 3725 cuique
1572 3618 1975 3716 hominum,
2020 3628 2236 3700 veluti
2274 3624 2449 3714 Deo,

314 3741 782 3820 libentissime
845 3754 1154 3840 pareret.
1220 3743 1402 3817 Cum
1469 3745 1691 3816 vitam
1756 3745 2148 3841 angelicam
2212 3744 2441 3838 magis

318 3879 534 3954 quam
599 3860 989 3936 humanam
1053 3862 1368 3957 degeret,
1443 3883 1675 3957 neque
1740 3864 2068 3936 ardentes
2142 3863 2453 3936 caritatis

319 3973 643 4049 flammas
715 3978 1075 4058 continere
1152 3975 1454 4072 amplius
1531 3991 1801 4073 posset,
1879 3979 2143 4052 amoris
2214 3980 2453 4074 potius

317 4113 532 4188 quam
597 4093 826 4170 morbi
889 4094 987 4182 vi,
1054 4118 1138 4170 eo
1203 4118 1346 4191 quo
1411 4095 1863 4191 praedixerat
1920 4107 2294 4172 momento
2367 4097 2456 4172 ad

311 4213 670 4304 caelestia,
727 4237 912 4312 quae
965 4215 1238 4289 tamdiu
1293 4227 1665 4311 optaverat
1716 4217 2058 4312 praemia,
2113 4215 2289 4290 liber
2322 4241 2453 4293 vo-
