3317 5267
2325 446 2422 521 87

298 562 395 635 sti
448 563 753 659 quadam
806 584 1045 637 rerum
1096 560 1649 658 dispensatione,
1705 572 1780 635 et
1807 570 2090 637 vetusta
2127 582 2262 657 per
2315 572 2430 637 tot

302 680 449 753 iam
500 681 937 757 continentia
988 680 1269 755 saecula
1324 680 1770 775 possessione
1801 732 1826 767 ,
1849 716 1858 725 ·
1881 704 1964 755 ac
2033 680 2424 755 iustissimo
2559 694 2564 699 ’

294 798 555 893 quovis
604 797 741 873 alio
792 799 1207 895 optimoque
1288 796 1441 871 iure
1493 806 1982 892 comparatum
2017 848 2040 884 ,
2093 807 2170 871 et
2221 818 2424 872 com-

292 914 497 987 muni
547 916 869 991 omnium
920 916 1343 1011 populorum
1398 926 1473 989 et
1514 914 1926 1009 Principum
1977 914 2088 988 vel
2127 914 2427 989 acatho-

292 1031 591 1105 licorum
626 1034 1089 1109 consensione
1126 1032 1234 1106 uti
1274 1055 1559 1109 sacrum
1607 1032 2170 1128 inviolatumque
2222 1030 2426 1105 Beati

294 1146 489 1221 Petri
541 1150 1053 1244 patrimonium
1089 1172 1375 1246 semper
1409 1148 1732 1223 habitum
1773 1170 1854 1221 ac
1904 1145 2274 1223 defensum
2311 1148 2426 1221 in-

294 1266 577 1353 vadere,
606 1265 1056 1358 labefactare,
1088 1292 1171 1345 ac
1209 1270 1572 1343 destruere
1608 1267 2098 1354 connituntur,
2127 1278 2236 1354 ut,
2277 1266 2424 1341 Ro·-

288 1406 507 1459 mana
558 1386 874 1461 Ecclesia
926 1411 1056 1463 suo
1110 1386 1419 1483 spoliata
1470 1382 1924 1480 patrimonio,
1982 1381 2426 1478 Apostolicae

291 1504 527 1595 Sedis,
584 1506 1035 1605 Romanique
1072 1504 1438 1583 Pontificis
1474 1505 1898 1601 dignitatem
1935 1504 2426 1577 maiestatem·-

294 1646 439 1720 que
490 1624 919 1722 deprimant,
972 1626 1439 1723 pessundent,
1470 1634 1546 1699 et
1594 1622 1884 1698 liberius
1935 1622 2422 1699 sanctissimae

290 1739 615 1839 religioni
700 1744 1015 1817 maxima
1067 1765 1389 1841 quaeque
1440 1740 1702 1817 damna
1735 1792 1756 1828 ,
1811 1764 1894 1814 ac
1976 1740 2420 1813 teterrimum

292 1858 565 1935 bellum
618 1852 955 1950 inferant,
1011 1863 1383 1959 ipsamque
1438 1862 1852 1957 religionem
1885 1910 1910 1945 ,
1962 1860 2022 1932 si
2075 1858 2226 1932 fieri
2287 1882 2428 1933 un-

292 2002 515 2075 quam
568 1991 813 2075 posset
844 2033 866 2069 ,
920 1979 1241 2054 funditus
1294 1990 1647 2053 evertant.
1707 1977 1860 2051 Huc
1913 2000 2084 2051 sane
2145 1998 2426 2073 semper

296 2106 715 2192 spectarunt
764 2122 847 2173 ac
896 2111 1223 2195 spectant
1248 2097 1684 2195 nequissima
1735 2096 2014 2173 illorum
2048 2095 2421 2171 hominum

294 2214 613 2303 consilia,
652 2215 1051 2291 molitiones
1104 2226 1179 2288 et
1228 2214 1537 2301 fraudes,
1576 2214 1700 2310 qui
1766 2214 2229 2310 temporalem
2269 2212 2422 2287 Ro-

288 2354 547 2406 manae
597 2332 951 2407 Ecclesiae
1004 2331 1561 2408 dominationem
1600 2332 1996 2407 convellere
2051 2340 2422 2427 exoptant,

292 2449 537 2528 veluti,
569 2450 899 2524 diuturna
954 2472 1034 2523 ac
1114 2450 1519 2523 tristissima
1576 2448 2016 2545 experientia
2094 2448 2424 2523 omnibus

290 2566 483 2641 clare
536 2578 920 2665 aperteque
974 2570 1445 2643 demonstrat.

452 2682 931 2774 Quamobrem
987 2706 1152 2760 cum
1202 2682 1347 2760 Nos
1404 2682 1788 2779 Apostolici
1821 2683 2058 2759 Nostri
2107 2681 2425 2756 muneris

290 2802 548 2891 officio,
584 2803 1023 2901 solemnique
1076 2803 1473 2878 iuramento
1510 2803 1834 2877 adstricti
1869 2800 2253 2877 debeamus
2305 2824 2426 2875 re-

292 2921 577 3019 ligionis
628 2921 1093 2997 incolumitati
1128 2944 1409 2997 summa
1462 2921 1824 3018 vigilantia
1873 2922 2301 3019 prospicere,
2333 2945 2416 2995 ac

298 3044 453 3117 iura
506 3050 581 3115 et
632 3042 1115 3137 possessiones
1170 3043 1535 3117 Romanae
1571 3040 1931 3116 Ecclesiae
1967 3042 2258 3117 omnino
2311 3041 2425 3113 in-

297 3173 535 3256 tegras
586 3159 1097 3257 inviolatasque
1163 3161 1395 3245 tueri,
1450 3170 1529 3233 et
1601 3158 1813 3231 huius
1867 3159 2167 3232 Sanctae
2220 3157 2425 3231 Sedis

296 3276 703 3351 libertatem
735 3328 755 3364 ,
812 3300 993 3374 quae
1045 3301 1209 3352 cum
1264 3277 1635 3353 universae
1704 3272 2062 3350 Ecclesiae
2116 3275 2422 3349 utilitate

296 3406 413 3469 est
447 3395 655 3491 plane
694 3397 1097 3483 coniuncta,
1134 3416 1449 3469 asserere
1486 3404 1561 3467 et
1598 3392 1982 3479 vindicare,
2023 3415 2106 3466 ac
2133 3392 2424 3487 proinde

294 3512 523 3610 ipsius
576 3512 1057 3611 Principatum
1110 3510 1485 3587 defendere
1518 3562 1539 3598 ‚
1598 3534 1740 3606 quo
1799 3511 1893 3584 ad
1967 3508 2262 3583 liberam
2323 3512 2426 3585 rei

298 3652 545 3705 sacrae
598 3632 670 3705 in
729 3641 882 3708 toto
934 3642 1287 3705 terrarum
1349 3630 1519 3706 orbe
1575 3630 2147 3725 procurationem
2193 3651 2425 3704 exer-

296 3748 601 3821 cendam
656 3745 909 3821 Divina
965 3746 1417 3823 Providentia
1474 3748 1834 3825 Romanos
1887 3743 2265 3821 Pontifices
2307 3746 2432 3821 do-

300 3870 533 3953 navit,
590 3868 931 3967 illumque
968 3869 1323 3966 integrum
1362 3880 1436 3943 et
1472 3870 1898 3944 inviolatum
1937 3865 2214 3942 Nostris
2250 3867 2430 3941 Suc-

302 3986 705 4064 ccssoribus
761 3988 1241 4065 transmittere
1273 4041 1294 4077 ‚
1350 3988 1601 4063 iccirco
1653 4002 1798 4064 non
1851 4008 2230 4084 possumus
2273 4008 2426 4060 non

297 4105 771 4181 vehementer
821 4106 1157 4181 damnare
1188 4158 1210 4194 ,
1264 4106 1603 4183 detestari
1656 4106 1914 4201 impios
1981 4102 2426 4201 nefariosque
