3317 5267
907 434 918 471 '
2365 432 2503 506 321

400 537 584 619 dicio
611 555 686 618 et
711 552 914 617 extra
951 542 1116 617 illud
1152 540 1464 640 alleg-ari,
1503 542 1779 629 deduci,
1818 558 1941 619 aut
1978 544 2146 619 alias
2184 546 2301 621 illo
2332 572 2517 644 quo-

407 664 929 758 modocumque
991 664 1096 735 uti
1158 682 1299 737 non
1361 684 1597 758 posse,
1668 664 1837 759 quin
1912 664 2055 739 imo
2128 665 2367 737 omnia
2437 679 2513 737 et

401 781 678 878 singula
728 780 1116 876 praemissa
1171 802 1460 877 semper
1517 793 1594 852 et
1643 792 1989 877 perpetuo
2025 781 2253 868 firma,
2286 782 2515 858 valida

399 910 474 971 et
500 898 804 973 efficacia
833 897 1164 984 existere,
1203 919 1518 994 suosque
1554 896 1903 993 plenarios
1942 908 2015 970 et
2054 898 2367 995 integros
2400 898 2513 973 ef-

401 1013 629 1089 fectus
678 1014 914 1090 sortiri
949 1025 1024 1087 et
1059 1012 1400 1101 obtinere,
1457 1013 1725 1111 illaque
1778 1013 1915 1088 sub
1952 1014 2513 1113 quibuscumque

401 1130 736 1205 similium
765 1131 878 1203 vel
903 1130 1344 1205 dissimilium
1376 1130 1761 1227 gratiarum
1789 1130 2361 1210 ‚revocationibus
2386 1156 2515 1207 su-
2541 1142 2549 1150 '

399 1246 916 1343 sponsionibus,
954 1245 1518 1335 limitationibus,
1555 1246 2135 1341 derogationibus
2182 1258 2307 1321 aut
2360 1248 2515 1321 aliis

395 1366 761 1440 contrariis
813 1362 1400 1467 dispositionibus
1450 1363 1670 1436 etiam
1725 1362 2327 1443 consistorialibus
2360 1366 2517 1437 mi-
2610 1398 2615 1403 ’

401 1483 590 1556 nime
615 1480 1146 1578 comprehendi,
1183 1502 1316 1555 nec
1343 1481 1848 1576 comprehensa
1876 1481 2325 1579 aliquomodo
2355 1504 2519 1555 cen-2
2553 1570 2557 1577 .

399 1601 563 1686 seri,
601 1600 722 1673 sed
759 1620 1044 1695 semper
1094 1596 1183 1670 ab
1237 1598 1370 1670 illis
1425 1597 1654 1693 excipi
1690 1610 1767 1669 et
1802 1598 2089 1694 quoties
2124 1597 2281 1671 illae
2314 1620 2515 1671 ema-

400 1714 670 1789 nabunt
723 1717 936 1790 toties
985 1715 1056 1788 in
1128 1714 1502 1813 pristinum
1557 1726 1632 1785 et
1671 1714 2179 1789 validissimum
2234 1726 2517 1791 statim}

403 1836 730 1909 restituta
783 1836 1088 1931 reposita
1125 1844 1198 1907 et
1233 1831 1540 1929 plenarie
1577 1832 2033 1927 reintegrata,
2072 1854 2157 1907 ac
2192 1834 2283 1907 de
2322 1856 2513 1909 novo

401 1952 616 2025 etiam
655 1952 787 2026 sub
821 1970 1266 2049 quacumque
1303 1948 1675 2045 posteriori
1712 1952 1877 2024 data
1919 1952 2517 2050 quandocumque

400 2072 716 2167 eligenda
767 2056 1100 2145 concessa
1153 2090 1311 2143 esse
1365 2080 1442 2140 et
1493 2066 1669 2155 fore,
1726 2062 1969 2166 sicque
2022 2083 2100 2143 et
2150 2092 2293 2144 non
2346 2071 2519 2145 alias

402 2212 530 2285 per
563 2212 1044 2287 quoscumque
1081 2189 1351 2263 ludices
1379 2189 1768 2263 ordinarios
1812 2188 1923 2261 vel
1960 2190 2321 2285 delegatos
2348 2212 2519 2286 qua-

402 2308 508 2379 vis
535 2308 948 2381 auctoritate
973 2304 1376 2403 fungentes,
1407 2306 1627 2384 etiam
1655 2328 2031 2381 causarum
2051 2304 2300 2379 Palatii
2333 2304 2517 2403 Apo-

369 2423 624 2522 ·stolici
679 2421 1050 2509 Auditor-es
1086 2446 1168 2496 ac
1201 2436 1490 2497 sanctae
1531 2422 1897 2496 Romanae
1931 2420 2290 2496 Ecclesiae
2322 2420 2513 2497 Car—-

399 2538 666 2614 dinales
701 2541 916 2613 etiam
956 2540 1042 2614 de
1077 2539 1297 2613 latere
1332 2539 1629 2636 legatos,
1676 2540 1827 2614 vice
1867 2539 2167 2637 legatos,
2206 2552 2283 2611 et
2321 2536 2515 2637 Apo-
2612 2584 2617 2589 -

397 2656 684 2730 stolicae
737 2656 936 2746 Sedis
989 2656 1297 2730 Nuncios
1349 2679 1430 2729 ac
1481 2656 1656 2731 alios
1722 2678 2212 2753 quoscumque
2265 2658 2517 2752 quavis

400 2776 815 2849 auctoritate
868 2784 1222 2869 potestate
1255 2824 1274 2859 ,
1317 2773 1811 2869 praerogativa
1848 2825 1869 2860 ,
1912 2772 2279 2869 privilegio
2315 2824 2335 2858 ,
2383 2772 2525 2846 ho·
2658 2847 2665 2853 ,
2708 2827 2715 2834 .

399 2914 570 2965 nore
605 2904 682 2965 et
716 2890 1266 2988 praeeminentia
1294 2888 1673 2986 fulgentem
1708 2890 1987 2965 sublata
2017 2891 2123 2964 eis
2158 2903 2235 2963 et
2270 2910 2517 2963 eorum

399 3010 685 3083 cuilibet
719 3010 968 3107 quavis
1003 3009 1206 3081 aliter
1243 3007 1606 3106 judicandi
1643 3020 1723 3081 et
1761 3008 2277 3104 interpetrandi
2306 3006 2525 3080 facul-

401 3137 546 3201 tate
583 3138 656 3201 et
686 3126 1106 3201 auctoritate
1124 3126 1424 3222 judicari
1453 3137 1527 3199 et
1561 3124 1839 3199 definiri
1878 3125 2161 3211 debere,
2201 3136 2280 3197 et
2310 3124 2527 3221 quid-

399 3244 566 3343 quid
620 3266 822 3318 secus
869 3266 1084 3338 super
1137 3244 1250 3318 his
1303 3268 1344 3317 a
1383 3266 1749 3342 quoquam
1790 3244 2043 3341 quavis
2096 3242 2527 3317 auctoritate

395 3362 700 3437 scienter
749 3362 862 3435 vel
927 3363 1330 3459 ignoranter
1379 3361 1765 3458 contigerit
1816 3362 2187 3449 attentari,
2244 3360 2525 3437 irritum

397 3490 472 3552 et
521 3480 744 3551 inane
795 3478 1275 3551 decernimus.
1874 3476 1881 3483 ’

374 3630 381 3637 ·
467 3612 476 3623 ·
557 3592 894 3683 Quocirca
925 3592 1196 3671 Dilecto
1231 3596 1374 3671 filio
1398 3596 1717 3671 Praesuli
1748 3596 2049 3672 Martiali
2086 3594 2349 3672 Mariae
2386 3584 2533 3671 Te·-

395 3712 591 3785 stard
651 3714 747 3787 du
800 3710 1113 3812 Cosquer
1153 3714 1592 3812 Apostolicae
1645 3716 1850 3790 Sedis
1907 3714 2401 3790 protonotario
2454 3726 2533 3787 et

398 3830 584 3925 apud
633 3831 1000 3905 laudatum
1051 3830 1391 3907 Haitanac
1451 3832 1903 3931 Reipublicae
1956 3832 2399 3909 Gubernium
2434 3833 2525 3907 ad

397 3946 682 4019 interim
765 3944 1102 4046 Delegato
1176 3947 1577 4046 Apostolico
1649 3972 1781 4046 per
1854 3952 2046 4053 ipsas
2120 3960 2531 4048 praesentes

396 4066 914 4141 committimus
971 4078 1046 4141 et
1098 4068 1536 4143 mandamus
1575 4081 1929 4166 quatenus
1980 4069 2068 4142 ad
2106 4067 2529 4166 exequutio·-

397 4206 563 4257 nem
621 4186 1173 4281 praemissorum
1229 4190 1550 4281 omnium
1584 4188 1947 4285 procedat,
1989 4190 2418 4264 necessarias
2456 4202 2531 4263 et
