3317 5267
2172 452 2313 523 251

223 568 426 643 nullos
477 590 518 640 e
541 565 716 639 ‘suis
765 562 1054 639 ClerIcis
1107 564 1196 639 ad
1239 564 1450 638 istam
1505 564 2057 641 ecclesiasticam
2124 565 2321 640 Var-

225 684 607 757 saviensem
646 679 1125 768 Academiam,
1153 680 1756 777 quemadmodum
1810 685 1883 757 in
1934 704 2135 758 more
2171 682 2329 757 fue-

223 815 319 875 rat
351 816 514 877 ante
549 824 817 877 aunum
862 802 1086 875 1831.
1127 799 1508 874 Summum
1547 811 1791 875 autem
1826 800 2161 878 Nostrum
2198 802 2329 877 de·-

223 922 622 995 claravimus
674 920 991 995 dolorem
1043 916 1134 991 ob
1163 918 1562 1013 propositas
1597 918 1687 991 de
1725 915 2129 993 Chelmensi
2166 916 2327 994 Cle-

218 1040 504 1113 ricorum
533 1038 924 1113 Seminario
951 1035 1256 1135 regulas,
1287 1058 1468 1133 quae
1494 1035 1731 1109 Sacris
1758 1034 2163 1113 Catholicae
2186 1034 2329 1111 Ec-

221 1159 450 1233 clesiae
502 1156 888 1233 canonibus
947 1154 1536 1229 adversabantur.
1593 1155 1737 1230 Nec
1806 1156 2043 1231 minus
2114 1155 2331 1232 Nobis

215 1276 390 1352 cordi
439 1276 578 1350 fuit
629 1275 990 1373 postulare
1023 1326 1044 1361 ,
1113 1284 1197 1345 ut
1267 1272 1663 1370 Religiosus
1740 1275 1877 1349 iste
1946 1274 2021 1349 S.
2094 1274 2333 1348 Basilii

216 1391 386 1467 Ordo
445 1405 687 1489 posset
736 1393 972 1466 denuo
1025 1390 1482 1465 eruditricem
1517 1414 1809 1466 suorum
1850 1392 2161 1466 tironum
2196 1392 2332 1468 do·-

216 1530 402 1583 mum
437 1508 654 1583 libere
690 1509 990 1604 aperire,
1022 1530 1164 1603 quo
1192 1507 1378 1581 idem
1416 1506 1605 1582 Ordo
1629 1509 1721 1583 de
1744 1507 2085 1582 Orientali
2123 1532 2331 1606 prae-

215 1627 450 1699 sertim
501 1624 818 1699 Ecclesia
871 1634 985 1698 tot
1037 1646 1210 1697 sane
1264 1622 1670 1697 nominibus
1722 1625 2001 1720 egregie
2030 1625 2329 1699 meritus

213 1745 462 1817 iterum
513 1744 813 1839 vigeret,
869 1752 944 1813 et
993 1742 1486 1817 effloresceret.
1530 1740 1709 1815 Cum
1750 1754 1991 1817 autem
2028 1744 2329 1820 misero-

213 1883 366 1935 rum
420 1859 918 1934 Ruthenorum
969 1880 1262 1933 causam
1313 1860 1833 1934 studiosissime
1868 1862 2141 1958 egimus
2172 1914 2193 1949 ‚
2248 1873 2331 1935 ut

207 1976 336 2073 ipsi
389 1988 710 2051 sanctam
766 1976 1100 2051 unionem
1160 1975 1376 2049 libere
1431 1976 1797 2073 profiteri,
1862 1992 1937 2051 et
1998 2001 2328 2055 exercere

204 2103 495 2189 possent
522 2146 543 2181 ‚
603 2115 744 2168 non
799 2094 1132 2167 mediocri
1192 2104 1387 2168 certe
1437 2095 1892 2168 miseratione
1945 2117 2025 2169 ac
2086 2097 2327 2173 dolore

205 2209 436 2283 affecti
485 2210 672 2283 haud
726 2209 1098 2283 omisimus
1135 2208 1451 2304 ejusdem
1487 2208 1943 2307 Imperatoris
1973 2212 2327 2309 justitiam

203 2328 530 2403 invocare
565 2352 695 2423 pro
731 2328 1087 2403 nonnullis
1142 2326 1647 2403 Graeco-Uniti
1686 2326 1867 2403 Cleri
1902 2329 2331 2429 Praesbyte-

202 2446 324 2534 riS‚
377 2447 500 2545 qui
552 2446 934 2543 Religionis
1001 2468 1212 2521 causa
1245 2446 1336 2519 ab
1371 2469 1556 2522 anno
1597 2450 1795 2523 1839
1840 2448 1911 2522 in
1948 2447 2325 2526 Coenobiis

203 2564 382 2637 ritus
421 2562 1010 2638 Graeco-Russici
1047 2564 1298 2637 inclusi
1349 2564 1875 2653 detinebantur,
1914 2566 2329 2641 tenuissima

200 2682 374 2780 ipsis
424 2707 465 2757 a
517 2682 870 2775 Gubernio
925 2683 1264 2781 pensione
1318 2684 1709 2782 adsignata.
1751 2686 1891 2761 Sed
1926 2709 2089 2761 cum
2126 2688 2328 2760 iam-

199 2800 328 2874 diu
405 2812 944 2897 expectaremus
1005 2824 1186 2899 quae
1250 2800 1536 2876 consilia
1608 2814 1800 2877 esset
1862 2815 2323 2900 suscepturus

195 2916 747 2994 Potentissimus
799 2918 1194 3017 Imperator
1246 2920 1334 2993 de
1385 2920 1472 2993 iis
1527 2921 1859 2996 omnibus
1909 2920 1997 2995 Ei
2048 2922 2141 2995 ab
2190 2946 2321 2997 ex·-

191 3036 660 3111 traordinario
711 3034 968 3111 Nostro
1023 3034 1320 3111 Oratore
1373 3035 1781 3132 significatis
1801 3090 1825 3126 ,
1882 3062 1963 3113 ac
2014 3039 2327 3113 maxime

193 3154 606 3229 doleremus
669 3153 991 3228 videntes
1037 3154 1452 3251 justissimis
1503 3150 1783 3230 Nostris
1836 3155 2327 3251 petitionibuS,

197 3269 816 3368 quemadmodum
869 3270 1411 3367 exoptabamuS‚
1473 3272 1771 3345 minime
1832 3272 2319 3362 obsecundari,

187 3390 496 3461 ineunte
549 3409 736 3462 anno
797 3389 990 3459 1859
1057 3385 1476 3460 familiarem
1540 3386 1871 3463 Nostram
1930 3388 2327 3485 Epistulam

185 3506 290 3577 ad
346 3506 676 3579 eumdem
727 3504 1241 3602 Imperatorem
1293 3505 1669 3594 dedimus,
1746 3507 2039 3605 ejusque
2109 3507 2329 3605 justi-

187 3622 412 3711 tiam,
470 3622 932 3720 aequitatem,
987 3624 1789 3723 magnanimitatemque
1826 3626 2328 3714 excitavimus„

188 3740 738 3816 obsecravimus
773 3792 794 3829 ‚
855 3762 936 3815 ac
987 3740 1196 3815 simul
1258 3739 1595 3817 obtestati
1655 3766 1903 3818 sumus
1962 3744 2175 3817 fidem
2238 3742 2329 3817 ab

181 3861 366 3956 ipso
400 3860 642 3934 datam
677 3860 764 3935 de
801 3859 1188 3935 catholicae
1223 3857 1578 3935 Ecclesiae
1615 3860 1826 3936 rebus
1860 3862 1933 3935 in
1970 3884 2099 3937 suo
2136 3862 2329 3936 Rus·-

178 3976 468 4049 siarum
526 3976 854 4073 Imperio,
904 3988 978 4051 et
1014 3976 1348 4052 Poloniae
1385 3977 1632 4074 Regno
1669 4000 2000 4074 prospere
2036 4000 2332 4075 compo-

175 4098 484 4171 nendis.
532 4095 762 4195 Atque
815 4122 944 4195 per
996 4097 1324 4173 eamdem
1373 4096 1767 4194 Epistulam
1822 4096 1911 4171 ab
1948 4096 2328 4195 Imperiali,

179 4213 576 4315 Regiaque
654 4214 1022 4312 Maiestate
1109 4215 1252 4291 Sua
1305 4214 1562 4289 iterum
1615 4214 2132 4314 postulavimus
2173 4267 2193 4304 ,
2250 4224 2333 4291 ut
