3317 5267
919 447 1062 523 656

915 565 1325 638 instituatur
1377 559 1448 632 in
1504 559 1790 648 scholis,
1867 583 2047 658 quae
2100 583 2139 636 a
2226 561 2571 638 catholica
2658 561 3049 659 dirigantur

917 679 1257 756 Ecclesia.
1315 675 1463 750 lam
1517 699 1687 752 vero
1740 677 2059 755 levantes
2110 678 2350 754 oculos
2402 678 2697 754 Nostros
2766 681 2855 754 ad
2903 677 3053 754 Do-

913 801 1192 872 minum
1244 793 1474 870 Deum
1529 795 1894 884 Nostrum,
1953 797 2043 870 ab
2094 797 2255 894 Ipso
2305 799 2671 874 humiliter
2704 798 3059 895 enixeque

919 916 1395 1012 exposcimus,
1458 923 1540 988 ut
1589 915 1661 986 in
1714 914 2217 989 abundantiam
2266 916 2545 990 divinae
2596 937 2767 990 suae
2792 915 3063 1012 gratiae

777 1141 786 1150 .
919 1034 1104 1119 Tibi,
1142 1027 1582 1105 Venerabilis
1635 1029 1911 1122 Frater,
1966 1045 2041 1106 et
2094 1033 2208 1106 isti
2260 1030 2463 1107 Clero
2512 1030 2917 1129 populoque
2976 1029 3067 1100 fi-

919 1150 1060 1225 deli
1111 1171 1396 1245 semper
1447 1147 1797 1243 propitius
1850 1150 2097 1224 adesse
2150 1149 2347 1238 velit,
2398 1173 2541 1247 quo
2590 1169 2845 1224 omnes
2890 1169 3063 1220 cae-

916 1267 1077 1340 lesti
1130 1289 1262 1362 ope
1315 1264 1626 1340 roborati
1694 1287 1821 1362 pro
1872 1263 2229 1340 Ecclesiae
2293 1287 2463 1340 suae
2516 1277 2803 1340 sanctae
2840 1285 3061 1338 causa

918 1383 1054 1458 suh
1108 1384 1260 1458 Tuo
1309 1384 1534 1458 ductu
1584 1393 1873 1457 strenue
1922 1385 2255 1458 dimicare
2293 1394 2613 1481 pergant.
2660 1382 2891 1480 Atque
2926 1405 3059 1454 su-

919 1501 1119 1600 perni
1171 1501 1380 1576 huius
1431 1500 1760 1595 praesidii
1816 1501 2177 1597 auspicem
2208 1552 2229 1588 ,
2284 1513 2359 1574 et
2408 1500 2779 1596 peculiaris
2808 1551 2831 1586 ,
2910 1520 3063 1596 qua

921 1621 1024 1694 Te
1075 1621 1150 1692 in
1201 1615 1502 1692 Domino
1553 1617 2119 1714 complectimur,
2173 1617 2709 1694 benevolentiae
2790 1619 3057 1716 pignus

921 1736 1396 1834 Apostolicam
1445 1733 2019 1810 Benedictionem
2070 1759 2161 1810 ex
2208 1736 2461 1810 intimo
2513 1736 2723 1810 corde
2797 1731 3059 1830 profe-

917 1867 1107 1930 ctam
1163 1851 1322 1928 Tibi
1373 1851 1533 1948 ipsi,
1602 1849 2039 1926 Venerabilis
2096 1850 2365 1940 Frater,
2420 1853 2835 1949 cunctisque
2870 1849 3055 1924 Cle-

916 1973 1078 2046 ricis
1155 1969 1488 2066 laicisque
1540 1967 1863 2044 fidelibus
1920 1967 2114 2042 Tuae
2176 1969 2577 2066 vigilantiae
2628 1969 3055 2044 concreditis

919 2099 1366 2190 peramanter
1425 2089 1901 2184 impertimus.

1073 2207 1330 2284 Datum
1395 2206 1665 2281 Romae
1744 2208 1927 2303 apud
1982 2207 2057 2282 S.
2143 2205 2435 2284 Petrum
2512 2209 2629 2284 die
2714 2211 2809 2280 14
2892 2205 3047 2284 Iulii

923 2325 1126 2402 Anno
1183 2327 1403 2398 1864.

1073 2446 1533 2526 Pontificatus
1591 2446 1824 2524 Nostri
1880 2473 2065 2526 anno
2114 2449 2607 2528 decimonono.
