3317 5267
2353 462 2502 534 363

376 576 609 651 detur.
677 576 855 650 Hinc
928 579 999 651 in
1062 574 1692 651 considerationem
1765 577 2084 672 apprime
2159 592 2494 653 vocatum

380 706 493 768 est
544 706 919 791 ratumque
973 694 1058 767 ad
1112 692 1475 789 spirituale
1528 694 1804 766 illorum
1861 694 2244 767 incolarum
2307 699 2497 791 regi-

379 832 574 899 men,
613 811 947 906 pabulum
987 821 1063 883 et
1094 810 1537 905 disciplinam
1574 832 1665 881 ne
1701 808 1872 881 dum
1907 809 2203 899 facilius»,
2241 834 2492 885 verum

378 928 594 1000 etiam
647 928 1070 1002 fructuosius
1124 928 1543 1024 explendam
1598 927 1740 998 iam
1796 940 2116 1021 oportere
2155 952 2236 1001 ac
2271 952 2493 1025 expe-

375 1044 550 1130 dire,
588 1058 673 1117 ut
700 1066 881 1119 nova
916 1044 1087 1117 inibi
1138 1045 1547 1118 conficiatur
1586 1042 2079 1117 Ecclesiastica
2107 1046 2493 1140 provincia,

375 1160 573 1233 cuius
628 1160 1165 1257 Metropolitana
1220 1173 1525 1257 quatuor
1560 1159 1809 1232 saltem
1851 1160 2320 1257 suffraganeas
2357 1162 2497 1235 Ec-

376 1278 623 1351 clesias
676 1281 955 1355 noviter
1015 1281 1189 1351 item
1244 1280 1609 1375 erigendas
1661 1291 1948 1374 praesto
1997 1280 2092 1351 sit
2143 1279 2490 1352 habitura.

378 1393 819 1493 Proindeque
868 1397 1063 1469 initis
1118 1397 1425 1470 consiliis
1477 1397 1565 1469 ad
1617 1418 1699 1469 ea
1753 1420 2073 1493 quaeque
2127 1398 2198 1469 in
2253 1398 2321 1471 id
2368 1422 2498 1472 ne—

376 1518 675 1591 cessaria
729 1516 1087 1616 probeque
1126 1517 1620 1591 convenientia
1676 1515 1968 1589 feliciter
2004 1519 2290 1590 tandem
2325 1542 2498 1592 con-

376 1635 563 1731 tigit,
614 1646 699 1707 ut
750 1658 931 1732 quae
986 1636 1171 1708 inter
1221 1635 1404 1707 hanc
1459 1636 1532 1705 S.
1576 1634 1830 1707 Sedem
1887 1634 2365 1730 Apostolicam
2421 1648 2495 1709 et

372 1774 810 1849 propensum
866 1751 1207 1825 Haitanae
1250 1750 1700 1849 Reipublicae
1740 1751 2180 1827 Gubernium
2218 1756 2330 1827 die
2386 1756 2498 1828 vi-

374 1870 643 1966 gesima
696 1882 943 1943 octava
998 1871 1261 1943 mensis
1314 1871 1546 1941 martii
1603 1892 1788 1943 anno
1827 1867 2110 1944 Domini
2137 1872 2489 1945 millesimi

372 1988 941 2083 octingentesimi
1006 1989 1425 2084 sexagesimi
1482 1989 1657 2059 inita
1725 2002 1876 2061 erat
1930 1986 2349 2077 Conventio,
2405 2013 2488 2065 ea

374 2106 507 2178 sub
560 2107 673 2180 die
725 2107 1061 2202 vigesima
1114 2106 1359 2202 quinta
1418 2106 1856 2202 insequentis
1909 2105 2332 2202 septembris
2367 2132 2490 2182 so-

374 2224 591 2296 lemni
647 2246 844 2298 more
896 2222 1114 2299 fuerit
1148 2226 1481 2321 utrinque
1518 2224 1929 2298 confirmata
1967 2238 2042 2299 et
2077 2226 2428 2301 roborata.

522 2338 759 2429 Quare
797 2343 870 2414 in
911 2344 1097 2416 votis
1152 2344 1464 2415 maxime
1501 2343 1784 2439 quidem
1815 2356 1950 2432 est,
1989 2357 2070 2417 ut
2095 2356 2167 2416 et
2201 2346 2483 2440 praesi-

374 2468 626 2553 gnatae
680 2456 1263 2554 Metropolitanae
1316 2471 1389 2531 et
1450 2473 1754 2555 quatuor
1815 2462 1966 2533 eius
2027 2456 2482 2556 suffraganeis

370 2574 729 2660 Ecclesii3‚
786 2576 1382 2673 quemadmodum
1432 2574 1853 2671 praefertur,
1889 2577 2260 2673 erigendi&
2301 2579 2484 2651 illico

370 2705 443 2765 et
470 2691 876 2789 singillatim
916 2693 1173 2788 proprii
1208 2692 1698 2789 praeficiantur
1727 2694 2128 2778 Antistit'es,
2159 2694 2278 2789 qui
2306 2693 2486 2789 Epi-

370 2812 631 2908 scopali
672 2824 1053 2897 caractere,
1084 2812 1559 2884 iurisdictione
1588 2824 1801 2906 atque
1827 2812 2245 2885 auctoritate
2274 2832 2482 2904 prae·
2531 2788 2543 2803 ’

370 2930 495 3003 diti
552 2953 679 3025 pro
733 2952 858 3001 sua
913 2929 1208 3025 quisque
1266 2927 1577 3002 Ecclesia
1631 2939 1707 2999 et
1759 2948 1993 3022 grege,
2034 2950 2122 2997 ne
2173 2927 2343 2999 dum
2400 2948 2480 2998 ea

368 3070 547 3143 quae
576 3044 1007 3142 Episcopalis
1038 3046 1299 3119 ordinis
1326 3056 1774 3127 sumam-um
1803 3044 2016 3116 etiam
2047 3054 2490 3139 quaepasto-

366 3164 587 3235 ralem
644 3162 1102 3261 vigilantiam,
1159 3182 1429 3245 curam,
1471 3159 1867 3245 consilium,
1923 3172 2138 3256 atque
2190 3182 2480 3254 operam

366 3280 761 3377 requirunt,
820 3279 1060 3353 sedulo
1113 3278 1597 3373 efficaciusque
1648 3288 1974 3372 satagant
2025 3298 2308 3347 navare.
2355 3276 2482 3347 Ast

364 3409 659 3497 propter
711 3410 1115 3493 temporum
1172 3397 1535 3491 angustias
1571 3396 1976 3495 noudumve
2003 3394 2480 3467 matun-imas

365 3516 680 3590 rationes
734 3514 803 3587 id
856 3516 1133 3587 nonnisi
1188 3538 1315 3610 pro
1369 3511 1907 3609 Metropolitana
1961 3513 2252 3608 eiusque
2301 3513 2486 3586 duo-

362 3639 497 3712 bus
570 3638 1069 3711 tantummodo
1107 3635 1597 3730 suffraganeis
1673 3632 2050 3708 confestim
2120 3646 2482 3728 praestare

362 3776 577 3851 posse
628 3765 983 3839 censetur,
1041 3752 1493 3827 nihilominus
1550 3754 1736 3825 idem
1792 3750 2226 3825 Gubernium
2263 3751 2478 3825 Nobis

364 3872 821 3945 devotissime
860 3871 1249 3945 offerendas
1287 3870 1561 3944 curavit
1596 3892 1838 3965 preces
1876 3870 2290 3965 implorandi
2329 3892 2482 3965 gra-

367 3988 492 4075 tia,
532 4000 615 4061 ut
649 3987 735 4060 ad
789 4008 939 4060 rem
992 3988 1173 4059 tanti
1212 3986 1537 4082 ponderis
1590 3999 1664 4058 et
1700 3986 2230 4060 Ecclesiasticae
2285 3984 2480 4056 utili-

368 4108 537 4180 tatis
594 4107 824 4203 quoad
902 4107 1153 4179 melius
1232 4105 1609 4179 hodiedum
1665 4104 1812 4177 fleri
1867 4118 2104 4200 potest
2155 4104 2476 4179 consulto

362 4188 950 4321 corilponendam,
980 4246 1099 4296 eas
1139 4244 1418 4319 quoque
1454 4233 1754 4319 quatuor
1787 4222 2258 4318 suffraganeas
2285 4220 2478 4295 nulla
